6700 7992
1327 1397 1543 1476 secuuntur
1572 1416 1873 1492 ouoouasruu,
1901 1416 1938 1491 Q.
1965 1415 2020 1474 iu
2381 1408 2417 1474 tr

936 1596 1076 1670 dictum.
1111 1602 1250 1688 Corpus
1275 1613 1391 1667 tamen
1422 1600 1550 1668 Christi
1576 1603 1619 1666 ab
1659 1603 1728 1667 hoc
1765 1599 1933 1667 continuo
1968 1622 2140 1686 processu
2173 1601 2417 1666 reservabatur

934 1719 1059 1784 virtute
1083 1718 1209 1784 diviua.
1237 1718 1440 1784 Secundum
1465 1718 1580 1805 legem
1605 1717 1697 1784 enim
1723 1739 1954 1798 communem,
1985 1718 2159 1784 cadavera
2185 1729 2321 1783 mortua
2344 1739 2415 1782 non

933 1837 1064 1901 habent
1099 1856 1178 1901 esse
1212 1834 1336 1900 stabile
1374 1845 1407 1899 et
1443 1834 1607 1919 quietum.
1637 1873 1678 1880 —
1708 1834 1914 1899 Secundum
1952 1833 2155 1921 praedicta¹
2191 1845 2306 1900 autem
2343 1855 2414 1899 non

934 1952 1046 2016 solum
1071 1951 1105 2016 in
1130 1950 1269 2016 entibus
1294 1949 1580 2016 substantialibus
1605 1949 1850 2029 materialibus,
1875 1950 1939 2016 sed
1969 1950 2071 2017 etiam
2104 1950 2139 2015 in
2175 1949 2415 2016 accidentibus

933 2077 1072 2153 oportet
1105 2088 1238 2153 ponere
1273 2068 1390 2152 plures
1419 2067 1547 2132 formas
1579 2065 1716 2132 realiter
1740 2065 1961 2146 differentes3
1996 2066 2086 2133 sicut
2120 2065 2213 2132 enirn
2251 2063 2338 2151 lapis
2363 2076 2417 2131 est

934 2183 1150 2269 compositus
1175 2205 1216 2249 ex
1250 2204 1381 2269 genere
1406 2195 1439 2248 et
1461 2181 1665 2261 differentia,
1689 2181 1736 2247 ita
1761 2183 1886 2248 albedo
1911 2194 1945 2249 et
1969 2193 2094 2249 cetera.
2120 2183 2159 2250 Si
2191 2204 2277 2270 ergo
2301 2204 2415 2269 genus

933 2310 968 2365 et
992 2298 1186 2366 differentia
1210 2298 1243 2364 in
1272 2297 1476 2363 substantiis
1502 2299 1688 2384 important
1711 2299 1829 2384 plures
1854 2299 1994 2381 formas,
2022 2321 2094 2365 nou
2120 2310 2172 2364 est
2197 2298 2284 2364 ratio
2308 2320 2415 2384 quare

933 2416 1002 2482 hoc
1026 2416 1128 2482 etiam
1154 2437 1225 2481 non
1251 2414 1423 2502 contingit
1447 2414 1480 2479 in
1507 2415 1758 2482 accidentibus.

1021 2532 1093 2598 Sed
1117 2531 1272 2619 arguitur
1295 2532 1390 2617 quod
1421 2530 1473 2597 sic
1504 2552 1577 2596 nou
1609 2531 1652 2596 sit
1683 2531 1864 2617 pluralitas
1897 2532 2084 2597 formarum
2114 2532 2148 2597 in
2173 2531 2301 2617 aliquo,
2330 2555 2414 2617 quo·

933 2646 1025 2712 niam
1062 2647 1097 2713 in
1134 2646 1297 2712 omnibus
1332 2646 1521 2734 generibus
1560 2657 1684 2712 natura
1722 2645 1977 2735 generalissimi
2017 2647 2128 2734 magis
2167 2647 2331 2714 convenit
2366 2647 2414 2713 rei

931 2763 1125 2829 secundum
1166 2762 1319 2828 ultimam
1358 2763 1504 2828 formam
1545 2785 1607 2849 per
1646 2785 1749 2848 quam
1791 2765 1897 2829 babet
1942 2785 2021 2830 esse
2066 2763 2270 2849 specilicum
2310 2785 2412 2850 quam

932 2880 1127 2946 secundum
1167 2878 1315 2964 aliquam
1355 2878 1456 2943 aliam
1496 2900 1614 2944 earum
1655 2900 1745 2963 quae
1781 2879 1961 2966 tinguntur
1994 2881 2207 2965 praecedere
2243 2892 2277 2945 et
2311 2879 2414 2945 simul

932 2995 1125 3062 coexistere
1150 2995 1184 3059 iu
1209 2996 1332 3061 eadem
1357 3016 1393 3060 re
1417 3005 1594 3082 generata.
1621 2995 1742 3079 Equus
1766 2994 1857 3060 enim
1883 2995 1995 3083 magis
2020 3006 2054 3062 et
2085 2995 2199 3062 verius
2224 2995 2413 3062 subsistit¹

933 3133 995 3198 per
1024 3110 1175 3177 animam
1207 3133 1269 3197 per
1293 3133 1396 3196 quam
1421 3112 1528 3177 habet
1559 3132 1637 3177 esse
1661 3109 1867 3195 specificum
1897 3133 2001 3196 quam
2033 3134 2096 3198 per
2127 3111 2277 3197 aliquam
2309 3111 2411 3177 aliam

931 3228 1201 3313 praecedentem
1241 3248 1331 3312 quae
1367 3225 1479 3312 possit
1514 3226 1656 3306 inesse3
1694 3249 1779 3314 ergo
1815 3249 1877 3314 per
1911 3227 2024 3314 ipsam
2060 3228 2162 3294 etiam
2202 3227 2316 3294 verius
2360 3239 2413 3294 est

931 3343 1126 3409 substantia
1149 3366 1253 3428 quam
1277 3365 1340 3430 per
1375 3343 1476 3408 aliam
1509 3343 1619 3428 possit
1644 3365 1732 3408 esse.
1766 3344 1845 3409 Hoc
1879 3354 1994 3410 autem
2024 3366 2096 3410 non
2131 3343 2352 3433 contingeret
2384 3343 2412 3409 si

930 3470 1025 3526 esset
1049 3459 1115 3525 alia
1139 3459 1250 3524 forma
1275 3482 1295 3524 a
1322 3458 1612 3525 substantialitate
1638 3470 1672 3524 et
1696 3481 1768 3524 nou
1794 3470 1888 3526 esset
1912 3459 2101 3527 formaliter
2124 3471 2158 3527 et
2183 3459 2414 3527 essentialiter

929 3575 1205 3642 substantialitas
1238 3577 1420 3661 quaedam.
1446 3576 1541 3663 Ergo
1565 3596 1757 3661 perunum
1782 3587 1816 3642 et
1844 3577 1992 3643 eandem
2027 3576 2174 3642 formam
2204 3588 2256 3642 est
2283 3576 2413 3662 aliquid

930 3691 965 3757 in
989 3713 1121 3780 genere
1145 3691 1373 3772 substantiae,
1401 3703 1436 3758 et
1463 3714 1574 3777 equus
1603 3703 1637 3758 et
1661 3691 1789 3757 animal
1814 3703 1847 3758 et
1871 3692 2075 3773 substantia,
2109 3694 2161 3759 vel
2188 3692 2282 3779 pirus
2309 3713 2413 3781 vege·

928 3808 1033 3874 tabile
1058 3819 1093 3874 et
1108 3808 1313 3874 substantia.
1339 3809 1376 3875 Si
1393 3807 1485 3874 euim
1510 3810 1553 3873 ab
1579 3808 1694 3895 aliqua
1718 3808 1830 3875 forma
1854 3811 1960 3875 habet
1984 3809 2112 3894 aliquid
2130 3810 2225 3894 quod
2242 3808 2286 3874 sit
2302 3831 2413 3894 equus

929 3935 964 3991 et
987 3926 1082 4010 quod
1114 3924 1158 3991 sit
1190 3925 1317 3990 animal
1346 3924 1420 3991 sive
1452 3947 1515 3992 ens
1548 3925 1713 3991 sensibile
1746 3927 1794 4009 (et
1826 3924 1982 3991 similiter
2014 3926 2059 3991 de
2083 3924 2158 4011 piro
2191 3923 2414 4013 vegetativo⁸

929 4052 983 4108 est
1005 4040 1292 4130 intelligendum),
1325 4063 1404 4107 cum
1430 4043 1541 4108 forma
1565 4063 1654 4127 quae
1679 4043 1738 4107 dat
1769 4063 1847 4109 esse
1879 4041 2082 4127 specificum
2115 4063 2186 4107 non
2220 4041 2264 4106 sit
2298 4041 2413 4107 minus

929 4156 1055 4224 nobilis
1080 4180 1182 4243 quam
1216 4158 1271 4223 illa
1296 4180 1387 4243 quae
1420 4159 1478 4223 dat
1503 4178 1582 4225 esse
1605 4158 1757 4245 generis
1791 4158 1922 4225 scilicet
1954 4159 2065 4224 forma
2097 4180 2166 4243 qua
2195 4157 2324 4242 aliquid
2360 4170 2414 4223 est

929 4295 1041 4360 equus
1058 4286 1111 4340 est
1134 4275 1201 4339 alia
1226 4276 1378 4340 aforma
1402 4275 1499 4360 quu⁴
1523 4288 1577 4340 est
1593 4273 1731 4355 animal,
1756 4285 1895 4361 oportet
1919 4276 2014 4359 quod
2039 4275 2083 4340 sit
2107 4274 2222 4339 anima
2246 4272 2412 4340 sensitiva

929 4390 1003 4456 sive
1020 4391 1109 4456 daus
1127 4413 1205 4457 esse
1231 4390 1435 4457 sensitivum
1453 4392 1507 4456 vel
1531 4390 1646 4456 anima
1670 4391 1821 4456 nobilior
1844 4413 1948 4476 quam
1966 4390 2141 4457 sensitiva.
2160 4390 2232 4457 Sed
2250 4388 2414 4456 vitalrile⁶

929 4517 983 4573 est
1007 4506 1123 4572 dicere
1148 4508 1243 4593 quod
1268 4507 1303 4572 in
1329 4529 1420 4593 equo
1445 4507 1514 4572 sint
1537 4508 1628 4573 duae
1654 4506 1791 4573 animae
1824 4506 2012 4573 sensitivae
2045 4517 2079 4572 et
2107 4507 2203 4591 quod
2227 4506 2261 4571 in
2294 4528 2337 4572 eo
2369 4505 2413 4572 sit

929 4624 1043 4709 aliqua
1067 4624 1183 4689 anima
1208 4624 1294 4689 ultra
1318 4623 1530 4704 sensitivam,
1548 4623 1629 4708 quia
1654 4645 1727 4688 non
1751 4623 1892 4710 ponitur
1916 4623 1993 4688 talis
2017 4622 2083 4688 nisi
2108 4622 2295 4688 rationalis.
2317 4622 2411 4712 Ergo

928 4761 991 4826 per
1014 4741 1162 4806 eandem
1182 4740 1328 4806 formam
1354 4762 1542 4826 perquam
1568 4739 1697 4825 aliquid
1723 4751 1775 4805 est
1800 4762 1911 4824 equus
1936 4750 1988 4805 est
2012 4739 2115 4805 etiam
2139 4738 2275 4805 animal.
2301 4738 2408 4823 Quod

928 4833 1044 4922 autem
1076 4878 1140 4942 per
1174 4856 1351 4922 eandem⁰
1384 4855 1515 4923 etiam⁷
1550 4856 1593 4922 sit
1623 4855 1829 4935 substantia,
1858 4857 1927 4922 hoc
1959 4867 2065 4941 patet,
2090 4855 2171 4941 quia
2207 4855 2319 4921 forma
2350 4877 2412 4942 per

928 4994 1032 5057 quam
1064 4971 1194 5057 aliquid
1229 4994 1303 5038 non
1338 4984 1391 5038 est
1425 4972 1621 5038 substantia
1650 4994 1722 5038 non
1751 4983 1806 5039 est
1835 4970 2085 5050 substantialis
2110 4971 2191 5055 quia
2226 4993 2299 5036 esse
2317 4970 2411 5056 Μ’

927 5089 1073 5155 formam
1098 5088 1361 5154 substantialem
1387 5102 1525 5175 oportet
1549 5088 1660 5153 illud⁹
1679 5088 1778 5154 cuius
1807 5099 1859 5154 est
1887 5110 1966 5154 esse
1991 5087 2232 5153 substantiam.
2258 5087 2295 5154 Si
2324 5109 2409 5175 ergo

927 5226 991 5291 per
1014 5205 1159 5270 sormam
1184 5227 1247 5291 per
1278 5227 1382 5290 quam
1415 5205 1545 5290 aliquid
1570 5217 1621 5271 est
1653 5227 1776 5289 equus,
1809 5216 1862 5270 est
1891 5216 1925 5270 et
1953 5204 2081 5269 animal
2099 5204 2133 5284 ¹⁰,
2158 5225 2230 5269 uon
2255 5214 2308 5269 est
2332 5205 2412 5269 sub·

927 5321 1064 5402 stantia,
1089 5321 1146 5386 illa
1170 5321 1280 5387 forma
1304 5343 1377 5387 non
1402 5333 1455 5387 est
1478 5320 1725 5401 substantialis,
1750 5321 1845 5406 quod
1868 5333 1921 5388 est
1945 5319 2211 5387 inconveniens.

1016 5439 1123 5503 lmmo
1152 5438 1253 5504 etiam
1283 5438 1504 5524 respiciendo
1538 5438 1835 5524 comparationem
1865 5448 1898 5502 et
1930 5435 2192 5522 proportionem
2228 5458 2332 5521 quam
2356 5433 2411 5502 isti

927 5552 1069 5634 faciunt,
1109 5556 1221 5620 forma
1260 5554 1497 5620 substantialis
1533 5553 1599 5640 ipsi
1620 5554 1644 5590 ¹¹
1680 5553 1843 5620 materiae
1879 5575 1950 5618 non
1986 5553 2045 5618 dat
2082 5552 2410 5618 substantialitatem

1017 5870 1025 5900 ¹
1047 5867 1229 5940 praedictum
1250 5867 1281 5923 P.
1300 5899 1334 5908 -
1354 5869 1365 5900 ¹
1388 5867 1487 5922 existit
1505 5866 1536 5921 P.
1560 5899 1593 5907 —
1617 5867 1628 5899 ³
1649 5865 1788 5936 negative
1808 5866 1841 5933 V,
1861 5866 2030 5933 vegetative
2050 5865 2081 5921 P.
2102 5899 2135 5906 -
2157 5871 2167 5900 ⁴
2191 5885 2268 5940 quae
2291 5866 2357 5922 PV.
2378 5898 2410 5910 -

927 5956 1080 6010 ‘v'itabile
1099 5957 1164 6011 PV.
1184 5989 1217 5996 —
1238 5957 1386 6010 ⁸eundem
1406 5956 1472 6010 ΡΥ.
1492 5988 1526 5996 -
1542 5957 1619 6010 ⁷om.
1639 5956 1670 6009 P.
1691 5985 1717 5994 -
1744 5957 1826 6008 'esse
1841 5958 1906 6026 per]
1927 5973 1979 6026 per
1999 5972 2063 6009 esse
2085 5956 2149 6010 Pv.
2169 5988 2203 5996 -
2225 5958 2304 6010 ⁹om.
2326 5957 2357 6012 P.
2379 5987 2410 5996 ψ

926 6046 949 6078 ¹⁰
968 6054 1014 6100 est
1033 6054 1063 6100 et
1086 6047 1204 6116 animal]
1220 6063 1274 6100 om.
1289 6047 1320 6101 P.
1340 6076 1374 6084 -
1396 6048 1415 6077 ¹¹
1430 6046 1494 6117 ipsa
1515 6044 1545 6100 P.
