6700 7992
1190 1494 1407 1549 SECUNDUM
1436 1494 1735 1565 QttouLmETtut
1765 1495 1801 1565 Q.
1830 1495 1885 1548 Vll
2227 1497 2276 1546 127

796 1684 892 1762 patet
923 1674 958 1739 in
989 1675 1147 1763 singulis,
1180 1696 1252 1739 non
1287 1685 1341 1739 est
1372 1696 1489 1739 verum
1523 1675 1618 1759 quod
1647 1674 1844 1739 assumitur.
1875 1675 1983 1738 Immo
2019 1675 2129 1739 forma
2162 1673 2278 1757 aliqua

798 1790 952 1857 existens
991 1790 1025 1855 in
1065 1789 1208 1856 materia
1247 1789 1452 1855 determinat
1494 1789 1605 1874 ipsam
1645 1791 1690 1854 ad
1730 1791 1876 1854 formam
1918 1789 1983 1854 sibi
2022 1799 2276 1877 repugnantem

798 1907 1017 1993 originaliter
1031 1905 1050 1985 ¹,
1083 1907 1179 1991 quod
1207 1905 1413 1970 determinat
1436 1928 1508 1969 non
1539 1906 1584 1969 ad
1611 1904 1673 1969 id²
1697 1907 1791 1989 quod
1816 1916 1934 1970 natum
1967 1891 2086 1971 estse
2114 1904 2277 1990 compati,

798 2024 862 2088 sed
879 2023 924 2087 ad
948 2020 1010 2088 id³
1034 2022 1128 2106 quod
1154 2033 1272 2086 natum
1301 2032 1353 2087 est
1381 2021 1445 2085 sibi
1470 2022 1670 2086 succedere.
1697 2021 1866 2104 Quamvis
1891 2021 1993 2086 etiam
2017 2022 2129 2086 forma
2153 2019 2279 2086 mortui

799 2137 1007 2205 cadaveris⁴
1034 2137 1167 2203 ratione
1198 2159 1266 2221 qua
1294 2148 1465 2201 mortuum
1494 2137 1762 2224 repugnantiam
1786 2139 1914 2202 habeat
1938 2138 1982 2201 ad
2008 2138 2153 2202 formam
2181 2156 2278 2222 prae·

798 2255 981 2321 cedentem
1005 2252 1139 2319 ratione
1164 2274 1233 2337 qua
1256 2253 1387 2331 vivens,
1412 2264 1555 2337 propter
1579 2254 1674 2336 quod
1700 2262 1948 2317 transmutatur
1972 2252 2115 2317 materia
2139 2254 2183 2325 ab
2208 2274 2279 2317 una

800 2369 835 2435 in
869 2369 981 2448 aliam,
1014 2380 1131 2434 tamen
1165 2368 1299 2434 ratione
1335 2390 1402 2452 qua
1439 2368 1615 2451 quoddam
1651 2367 1794 2432 mixtum
1834 2368 2110 2447 determinatum,
2151 2367 2281 2434 etiam⁵

800 2486 977 2571 quandam
1006 2482 1284 2550 conformitatem
1314 2485 1419 2548 babet
1447 2504 1527 2548 cum
1552 2485 1663 2548 forma
1688 2483 1912 2569 praecedenti
1940 2505 2045 2568 quam
2073 2504 2145 2547 non
2175 2485 2281 2548 babet

801 2622 880 2668 cum
906 2600 991 2680 aliis,
1021 2599 1155 2665 ratione
1187 2599 1287 2665 cuius
1319 2598 1421 2664 etiam
1454 2598 1647 2664 consimilia
1679 2599 1875 2664 accidentia
1903 2610 2053 2683 possunt
2083 2599 2199 2664 hicet
2233 2598 2281 2663 ibi

801 2716 954 2804 reperiri.

889 2833 980 2898 Cum
1011 2832 1166 2920 arguitur
1204 2832 1248 2896 de
1281 2832 1420 2895 duobus
1453 2832 1456 2913 l
1489 2830 1675 2918 agentibus
1715 2843 1749 2895 et
1788 2842 1913 2910 cetera,
1954 2831 2144 2896 dicendum
2185 2831 2279 2915 quod

801 2957 944 3035 propter
974 2947 1226 3033 perfectionem
1250 2958 1284 3011 et
1316 2946 1529 3011 nobilitatem
1562 2946 1712 3011 bominis
1737 2968 1808 3011 non
1841 2957 1957 3031 potest
1989 2949 2095 3012 homo
2126 2947 2281 3032 perfecte

800 3064 835 3130 in
872 3085 953 3129 esse
987 3062 1134 3150 produci
1171 3065 1214 3126 ab
1247 3074 1374 3150 agente
1407 3061 1563 3136 naturali,
1596 3063 1659 3126 sed
1685 3062 1898 3147 dispositive,
1931 3062 1976 3127 ita
2008 3064 2103 3147 quod
2134 3062 2223 3128 sicut
2246 3061 2281 3126 in

801 3178 1029 3268 generatione
1066 3178 1154 3243 asini
1187 3177 1325 3243 actione
1364 3177 1511 3242 naturali
1550 3177 1751 3262 proceditur
1790 3200 1901 3263 usque
1940 3180 1984 3243 ad
2017 3178 2282 3264 dispositionem

802 3295 966 3361 materiae
983 3316 1074 3379 quae
1091 3306 1144 3359 est
1161 3293 1364 3372 necessitas,
1383 3305 1417 3358 et
1435 3315 1476 3357 ex
1501 3293 1734 3378 consequenti
1754 3294 1857 3359 etiam
1882 3316 1993 3379 usque
2011 3296 2054 3359 ad
2072 3296 2282 3379 completam

802 3410 1067 3498 generationem
1100 3409 1189 3474 asini
1221 3420 1255 3474 et
1294 3409 1530 3474 inductionem
1564 3410 1696 3474 formae
1736 3409 1923 3476 sensitivae
1962 3410 2085 3475 virtute
2125 3410 2282 3476 eiusdem

803 3526 941 3615 agentis
979 3526 1078 3591 cuius
1115 3526 1314 3591 facultatem
1354 3524 1431 3589 talis
1463 3526 1575 3589 forma
1606 3547 1677 3589 non
1719 3526 1866 3605 excedit,
1900 3525 1945 3590 ita
1981 3525 2015 3590 in
2057 3525 2285 3611 generatione

803 3641 955 3708 hominis
980 3641 1017 3706 fit
1049 3662 1237 3726 processus
1269 3639 1434 3704 naturalis
1469 3662 1582 3724 usque
1617 3641 1661 3704 ad
1698 3641 1964 3726 dispositionem
1996 3642 2159 3707 materiae
2194 3663 2284 3727 quae

803 3769 857 3824 est
880 3756 1084 3824 necessitas.
1110 3756 1153 3821 Et
1179 3755 1259 3840 quia
1282 3754 1389 3820 virtus
1413 3755 1579 3820 naturalis
1608 3756 1744 3843 agentis
1770 3757 1887 3822 deficit
1911 3768 2073 3842 respectu
2098 3756 2284 3844 compositi

804 3872 949 3961 perfecti
985 3894 1048 3959 per
1084 3871 1234 3936 animam
1270 3870 1513 3937 intellectivam
1551 3882 1585 3936 et
1621 3882 1782 3957 respectu
1819 3875 1823 3956 1
1859 3872 1969 3958 ipsius
2006 3873 2152 3953 animae,
2186 3874 2284 3940 Deus
2306 3833 2476 3960 foi⁰1di7pvu

804 3990 881 4076 ipse
906 3988 1105 4056 consistens
1131 3987 1191 4054 etfl
1214 3987 1374 4052 virtutem
1403 3987 1557 4053 omnium
1582 3987 1759 4075 agentium
1784 3988 1818 4052 in
1848 4010 1886 4054 se
1914 3990 2059 4069 habens,
2085 3989 2182 4074 quasi
2208 3989 2285 4056 vice

803 4104 940 4194 agentis
956 4104 1132 4185 naturalis,
1162 4103 1266 4170 efficit
1293 4103 1526 4189 compositum
1554 4105 1649 4188 quod
1679 4116 1731 4169 est
1755 4106 1872 4184 homo,
1902 4104 2051 4169 animam
2080 4105 2286 4171 rationalem

804 4242 878 4315 non
896 4242 958 4308 per
972 4242 1010 4286 se
1028 4221 1091 4286 sed
1109 4219 1144 4285 in
1168 4220 1311 4286 materia
1337 4219 1506 4304 disposita
1530 4221 1766 4285 concreando.
1785 4220 1828 4285 Et
1850 4221 1939 4286 sicut
1956 4221 1984 4285 si
2002 4242 2113 4308 agens
2130 4222 2287 4287 naturale

804 4339 951 4403 haberet
967 4336 1157 4403 efficaciam
1182 4335 1381 4400 huiusmodi
1407 4335 1642 4420 compositum
1666 4337 1822 4421 perfecte
1846 4336 2049 4423 generandi,
2074 4336 2157 4401 illud
2181 4359 2287 4426 gene·

804 4454 916 4519 rando
945 4463 1183 4537 corrumperet
1210 4451 1326 4517 omnia
1350 4450 1608 4536 praecedentia,
1634 4451 1766 4517 scilicet
1791 4452 1937 4516 formam
1963 4453 2229 4518 substantialem
2254 4464 2289 4519 et

806 4568 1002 4635 accidentia
1033 4568 1122 4633 illam
1153 4567 1433 4646 concomitantia,
1463 4578 1497 4632 et
1523 4566 1725 4632 inducendo
1757 4568 1902 4632 formam
1934 4567 2162 4654 principalem
2190 4570 2287 4634 indu-

806 4695 900 4751 ceret
917 4683 1021 4749 etiam
1049 4683 1243 4748 accidentia
1271 4683 1317 4747 illi
1342 4682 1596 4763 convenientia,
1623 4682 1668 4747 ita
1697 4684 1795 4748 Deus
1819 4705 1929 4769 agens
1957 4684 2055 4769 quasi
2085 4684 2159 4750 vice
2183 4684 2288 4749 huius

805 4800 973 4866 naturalis
998 4799 1135 4886 agentis
1163 4801 1232 4864 hoc
1260 4799 1350 4863 idem
1380 4798 1482 4877 facit,
1512 4808 1593 4863 sunt
1617 4798 1708 4864 enim
1734 4799 1875 4886 agentia
1900 4799 2231 4866 convenientissima
2255 4812 2289 4865 et

807 4915 1075 4982 ordinatissima.

897 5032 986 5097 Cum
1027 5052 1113 5118 ergo
1153 5030 1279 5096 dicitur
1316 5031 1411 5114 quod
1452 5051 1562 5117 agens
1602 5032 1759 5096 naturale
1799 5031 1927 5116 aliquid
1968 5032 2039 5119 agit
2085 5044 2119 5098 et
2158 5032 2290 5098 inducit

807 5146 958 5233 aliquam
982 5148 1140 5226 formam,
1165 5168 1283 5211 verum
1309 5157 1370 5210 est.
1396 5146 1468 5211 Sed
1493 5146 1548 5210 illa
1573 5157 1625 5212 est
1643 5146 1826 5231 dispositio
1843 5169 1933 5232 quae
1952 5159 2004 5212 est
2028 5148 2221 5213 necessitas
2246 5149 2290 5214 ad

807 5262 1064 5335 intellectivam,
1094 5285 1165 5326 nrm
1195 5273 1231 5326 ut
1259 5262 1360 5326 simul
1393 5284 1470 5327 cum
1503 5262 1558 5326 illa
1585 5273 1735 5342 maneat,
1760 5265 1833 5342 scd,
1859 5284 1938 5328 cum
1961 5263 2027 5327 alia
2052 5263 2290 5344 introducitur,

808 5378 874 5444 ista
914 5391 1164 5463 corrumpatur,
1205 5378 1294 5444 sicut
1334 5377 1505 5464 ccmtingit
1545 5378 1579 5442 iu
1618 5377 1693 5442 aliis
1735 5380 1829 5462 quod
1869 5379 2050 5465 generatio
2093 5378 2196 5443 unius
2240 5391 2293 5445 est

807 5494 986 5581 corruptio
1011 5494 1161 5558 alterius
1191 5495 1233 5558 Et
1265 5515 1344 5558 cum
1377 5493 1519 5558 dicitur:
1546 5493 1635 5558 illam
1667 5516 1739 5559 nou
1773 5494 1962 5579 corrumpit
1995 5494 2060 5559 nisi
2086 5496 2291 5581 generando

808 5608 919 5689 aliam,
945 5610 1026 5695 quia
1044 5631 1105 5695 per
1129 5632 1168 5675 se
1192 5631 1264 5674 non
1289 5609 1488 5694 corrumpit,
1514 5609 1702 5674 dicendum
1728 5610 1822 5693 quod
1848 5631 1958 5697 agens
1982 5612 2139 5676 naturale
2163 5619 2287 5676 sec'un-

809 5726 890 5792 dum
916 5747 954 5792 se
978 5725 1070 5790 illam
1095 5747 1167 5789 non
1185 5725 1374 5810 corrumpit
1399 5725 1488 5790 sicut
1512 5725 1707 5790 secuudum
1734 5748 1772 5790 se
1796 5748 1868 5790 non
1886 5725 2019 5791 inducit
2036 5725 2292 5806 intellectivam,

900 6015 908 6044 ¹
922 6011 1103 6066 orientalitcr
1116 6020 1149 6080 tlt
1163 6012 1223 6064 PV.
1236 6043 1267 6049 -
1280 6011 1290 6041 ²
1301 6011 1370 6063 illud
1384 6012 1414 6063 Ρ.
1427 6042 1459 6048 -
1473 6011 1484 6042 ³
1497 6010 1567 6062 illud
1582 6011 1651 6064 l'.—-
1666 6014 1672 6042 ¹
1685 6011 1968 6082 mortuicadaveris]
1981 6012 2135 6066 cadaveris
2145 6013 2252 6067 mortui
2264 6014 2293 6067 l‘.

810 6102 865 6157 ‘et
875 6101 907 6156 P.
921 6132 954 6140 -
970 6101 1160 6154 “consistens
1173 6102 1212 6168 ct]
1228 6098 1356 6155 existens
1371 6099 1401 6151 P.
