6700 7992
1062 1444 1112 1493 tlt
1424 1439 1616 1495 MAGISTRI
1645 1439 1865 1495 GODEFRlDl
1893 1440 1945 1493 DE
1973 1439 2171 1495 FONTlBUS

1060 1620 1256 1687 secundum
1280 1632 1448 1699 naturam,
1467 1641 1510 1685 eo
1527 1619 1622 1705 quod
1639 1619 1695 1684 illa
1719 1619 1876 1705 potentia
1896 1621 1940 1684 ad
1964 1620 2032 1685 hoc
2057 1618 2260 1704 ampliorem
2284 1620 2534 1705 perfectionem

1060 1737 1287 1822 exspectabat
1317 1737 1361 1800 ab
1393 1735 1508 1801 anima
1539 1735 1780 1821 accipiendam
1810 1736 1918 1819 (quod
1950 1757 2022 1799 non
2053 1733 2225 1821 contingit
2252 1733 2286 1798 in
2318 1734 2392 1799 aliis
2409 1734 2428 1815 ¹,
2457 1756 2536 1800 cum

1060 1862 1238 1938 ponuntur
1254 1872 1333 1917 esse
1349 1852 1503 1937 perfecta
1521 1872 1582 1937 per
1601 1850 1751 1936 aliquam
1772 1851 1916 1915 formam
1935 1852 2305 1935 qua[ntu]meumque);
2326 1849 2417 1916 sicut
2434 1849 2536 1916 etiam

1059 1967 1089 2033 si
1120 1966 1264 2032 materia
1294 1966 1418 2033 virtute
1446 1967 1562 2032 divina
1590 1978 1855 2032 conservaretur
1881 1966 1916 2031 in
1945 1978 2024 2032 actu
2053 1978 2198 2031 naturae
2226 1987 2311 2031 suae
2338 1965 2414 2032 sine
2442 1966 2537 2031 omni

1061 2084 1171 2149 forma
1188 2104 1260 2149 non
1278 2092 1371 2148 esset
1394 2084 1462 2148 hoe
1486 2082 1615 2168 aliquid
1637 2094 1671 2147 et
1692 2083 1912 2168 suppositum
1937 2082 2003 2146 nisi
2021 2080 2379 2166 incompletissimum.
2397 2082 2440 2147 Et
2457 2081 2537 2148 ideo

1061 2199 1164 2266 etiam
1181 2198 1295 2263 anima
1312 2197 1526 2264 adveniens²
1549 2197 1705 2278 tabenti,
1723 2198 1855 2263 scilicet
1872 2197 2009 2282 corpori
2029 2197 2157 2263 Christi
2176 2208 2324 2277 mortu0‚
2342 2219 2414 2264 non
2432 2200 2537 2264 habet

1061 2314 1228 2381 rationem
1257 2315 1390 2380 formae
1419 2313 1653 2393 accidentalis,
1683 2313 1764 2398 quia
1791 2313 1842 2378 sic
1870 2314 1953 2378 dare
1981 2335 2060 2379 esse
2088 2313 2251 2378 materiae
2280 2315 2474 2378 secundum
2499 2336 2537 2379 se

1060 2452 1132 2496 non
1160 2440 1213 2496 est
1236 2428 1268 2495 ei
1294 2429 1460 2508 naturale,
1489 2430 1552 2495 sed
1581 2440 1717 2514 praeter
1740 2430 1794 2496 vel
1818 2430 2091 2514 supernaturale.
2118 2430 2225 2510 Quod
2254 2440 2369 2494 autem
2397 2429 2539 2494 advenit

1061 2545 1163 2612 alicui
1188 2545 1258 2611 enti
1283 2555 1364 2630 post
1388 2544 1672 2610 constitutionem
1698 2545 1773 2609 eius
1798 2544 1832 2608 in
1858 2566 1936 2610 esse
1954 2544 2079 2609 actuali
2097 2546 2190 2628 (prod
2209 2545 2315 2608 habet
2339 2544 2539 2610 naturaliter

1038 2663 1105 2727 de
1129 2683 1178 2740 se,
1203 2662 1272 2726 hoc
1297 2660 1437 2726 advenit
1460 2660 1525 2725 sibi
1546 2659 1816 2725 accidentaliter.
1835 2661 1938 2725 Unde
1956 2659 2036 2744 quia
2061 2661 2156 2744 quod
2178 2659 2341 2725 materiae
2367 2660 2538 2748 contingit

1061 2798 1140 2843 esse
1165 2798 1226 2862 per
1249 2799 1287 2841 se
1312 2777 1387 2841 sine
1412 2777 1523 2841 forma
1547 2775 1775 2855 substantiali,
1795 2776 1864 2840 boc
1888 2797 1960 2840 non
1986 2775 2157 2862 contingit
2174 2776 2205 2840 ei
2230 2775 2440 2854 naturaliter,
2458 2776 2537 2842 ideo

1060 2914 1133 2958 non
1150 2891 1306 2978 sequitur
1322 2893 1417 2977 quod
1434 2893 1565 2957 formae
1582 2892 1613 2958 ei
1631 2890 1859 2957 advenientes
1876 2891 1944 2956 sint
1961 2891 2195 2957 accidentales
2220 2913 2298 2957 esse
2323 2892 2538 2958 accidentale

1061 3008 1093 3075 ei
1117 3009 1251 3074 dantes
1278 3009 1350 3074 Sed
1374 3007 1402 3072 si
1427 3007 1591 3073 materiae
1616 3006 1776 3073 existenti
1800 3009 1866 3074 sub
1891 3008 2002 3072 forma
2026 3007 2141 3092 aliqua
2165 3007 2311 3072 naturali
2340 3008 2466 3073 educta
2495 3009 2538 3072 de

1061 3124 1217 3210 potentia
1240 3123 1403 3189 materiae
1428 3134 1747 3208 quantumcumque
1772 3122 1975 3208 imperfecta
1998 3122 2161 3188 adveniat
2188 3122 2255 3188 alia
2274 3123 2449 3201 naturalis,
2467 3144 2538 3187 non

1063 3251 1178 3326 potest
1195 3261 1272 3305 esse
1289 3239 1355 3304 nisi
1373 3238 1609 3318 accidentalis,
1626 3238 1707 3323 quia
1731 3238 1931 3303 huiusmodi
1955 3239 2067 3303 forma
2091 3238 2200 3324 prima
2217 3240 2356 3318 faceret,
2371 3251 2537 3323 quantum

1062 3368 1115 3422 est
1131 3356 1175 3421 de
1192 3377 1240 3435 se,
1258 3357 1327 3420 hoc
1351 3354 1480 3439 aliquid
1505 3366 1539 3420 et
1562 3354 1794 3440 suppositum,
1820 3376 1862 3419 ex
1886 3375 1956 3439 quo
1973 3376 2044 3420 non
2063 3365 2156 3420 esset
2173 3354 2355 3440 dispositio
2373 3356 2417 3420 ad
2438 3355 2538 3420 aliam

1062 3473 1207 3537 formam
1233 3470 1495 3536 substantialem
1521 3470 1745 3555 perfectivam
1771 3469 1926 3535 eiusdem
1952 3470 2139 3556 potentiae.

1150 3587 1208 3652 Ad
1233 3586 1317 3651 alias
1342 3585 1445 3652 etiam
1469 3585 1621 3650 rationes
1639 3585 1759 3651 dieunt
1776 3586 1882 3670 quod,
1897 3587 2038 3670 quando
2059 3585 2168 3671 prima
2185 3585 2261 3651 sine
2278 3588 2436 3652 secunda
2459 3598 2539 3651 nata

1062 3712 1113 3768 est
1138 3704 1331 3768 secundum
1356 3722 1395 3766 se
1419 3700 1619 3766 naturaliter
1643 3701 1725 3768 dare
1753 3723 1831 3767 esse
1860 3702 1933 3766 sive
1961 3712 2076 3766 actum
2094 3702 2268 3782 materiae,
2293 3701 2383 3767 sicut
2407 3702 2539 3767 contin·

1061 3828 1159 3906 geret
1186 3817 1220 3882 in
1237 3817 1393 3903 pluribus
1410 3816 1529 3881 formis
1557 3816 1781 3896 naturalibus,
1799 3818 1955 3882 secunda
1973 3817 2151 3882 adveniret
2167 3817 2364 3902 composito
2387 3818 2453 3882 iam
2469 3817 2481 3852 ³
2504 3817 2539 3883 in

1062 3955 1141 4000 esse
1165 3931 1363 4018 suppositi⁴
1388 3931 1577 3998 constituto
1602 3944 1636 3997 et
1658 3931 1799 3997 facienti
1817 3934 1885 3998 hoe
1902 3932 2046 4016 aliquid;
2070 3955 2142 3997 non
2168 3944 2282 3998 autern
2301 3934 2335 3997 in
2354 3933 2540 4018 praedictis

1062 4049 1182 4115 formis
1209 4048 1380 4113 humanis.
1399 4048 1568 4132 Quamvis
1600 4048 1703 4114 etiam
1730 4047 1816 4113 istae
1844 4048 1935 4114 duae
1967 4049 2099 4113 formae
2128 4059 2165 4112 ut
2189 4060 2270 4113 sunt
2301 4049 2475 4115 essentiae
2507 4061 2541 4115 et

1061 4174 1206 4230 naturae
1226 4187 1298 4229 non
1316 4173 1396 4229 sunt
1414 4163 1571 4229 eiusdem
1588 4163 1742 4242 rationis,
1756 4163 1837 4248 quia
1854 4186 1922 4228 una
1940 4174 1993 4228 est
2009 4163 2218 4249 generabilis
2243 4177 2277 4229 et
2298 4164 2540 4250 corruptibilis,

1062 4280 1128 4346 alia
1144 4302 1226 4360 non,
1245 4279 1279 4345 in
1297 4291 1463 4365 quantum
1489 4290 1604 4345 tamen
1622 4291 1704 4343 sunt
1720 4279 1851 4344 formae
1868 4279 1979 4366 magis
1997 4291 2078 4344 sunt
2095 4279 2251 4345 eiusdem
2277 4280 2419 4346 rationis
2436 4303 2540 4365 quam

1062 4418 1304 4482 quaecumque
1336 4395 1424 4461 aliae
1456 4397 1546 4460 duae
1582 4396 1714 4461 formae
1749 4395 1935 4475 naturales,
1961 4394 2041 4479 quia
2074 4395 2261 4461 informant
2292 4407 2326 4462 et
2356 4396 2541 4481 perficiunt

1062 4512 1238 4578 materiam
1275 4513 1470 4578 secundum
1507 4511 1676 4577 rationem
1712 4512 1816 4576 unius
1848 4511 2034 4576 habilitatis
2066 4523 2099 4577 et
2131 4511 2309 4596 potentiae
2341 4513 2436 4597 quod
2468 4534 2540 4577 non

1062 4629 1195 4695 faciunt
1224 4628 1321 4694 aliae.

1151 4746 1223 4813 Sed
1240 4756 1361 4811 contra
1385 4744 1484 4810 istam
1510 4743 1720 4830 positionem
1738 4743 1899 4808 videntur
1915 4764 2022 4827 posse
2039 4742 2157 4809 induci
2181 4766 2271 4827 quae
2295 4743 2437 4809 inducta
2461 4755 2542 4808 sunt

1062 4873 1183 4930 contra
1207 4861 1302 4940 alias,
1327 4881 1394 4925 nec
1417 4859 1553 4925 videtur
1577 4880 1656 4924 esse
1681 4857 1847 4943 possibile
1876 4860 1971 4942 quod
1999 4859 2082 4923 tales
2108 4860 2199 4924 duae
2225 4860 2357 4924 formae
2381 4862 2541 4925 substan-

1062 4978 1161 5043 tiales
1184 4976 1242 5042 tali
1267 4977 1372 5041 modo
1396 4985 1572 5061 ponantur
1587 4973 1621 5039 in
1646 4973 1798 5053 homine,
1817 4974 1982 5058 quoniam
1999 4995 2041 5039 ex
2059 4974 2123 5039 illis
2144 4996 2215 5039 non
2233 4975 2359 5059 poterit
2376 4975 2540 5040 constitui

1062 5116 1169 5159 unum
1188 5116 1250 5179 per
1266 5113 1320 5173 se;
1334 5131 1374 5138 —-
1393 5091 1556 5176 quoniam
1574 5092 1643 5157 hoe
1660 5101 1713 5156 cst
1730 5091 1774 5156 de
1790 5090 1924 5155 ratione
1941 5092 2072 5155 formae
2090 5092 2185 5174 quod
2202 5091 2260 5155 det
2275 5090 2287 5124 ⁵
2302 5091 2444 5175 aliquod
2462 5112 2541 5157 esse

1063 5210 1096 5275 in
1126 5221 1216 5290 actu,
1242 5210 1343 5277 etde
1367 5207 1500 5273 ratione
1525 5208 1657 5272 formae
1686 5205 1923 5271 substantialis
1948 5205 2199 5291 cuiuscumque
2221 5218 2540 5292 quantumcumque

1063 5325 1296 5411 incompletae
1321 5325 1415 5409 quod
1440 5322 1526 5388 det⁶
1550 5344 1628 5388 esse
1657 5321 1858 5407 simpliciter
1882 5321 1916 5386 in
1940 5333 2030 5386 actu.
2059 5323 2163 5387 Nunc
2192 5334 2307 5387 autem
2337 5323 2402 5387 ista
2429 5323 2541 5388 forma

1063 5440 1228 5508 naturalis
1246 5450 1299 5505 est
1316 5440 1487 5525 quaedam
1504 5437 1649 5504 actualis
1666 5449 1790 5502 natura
1807 5437 1841 5502 in
1858 5459 1989 5525 genere
2006 5437 2244 5516 substantiae;
2265 5457 2351 5523 ergo
2368 5449 2421 5503 est
2438 5460 2541 5523 quae·

1063 5562 1141 5625 dam
1157 5558 1268 5622 forma
1284 5556 1535 5621 substantialis,
1549 5555 1625 5620 Nee
1641 5563 1758 5639 potest
1775 5552 1842 5618 dici
1861 5554 1957 5637 quod
1973 5564 2135 5639 respectu
2153 5552 2316 5619 materiae
2329 5574 2400 5618 non
2414 5555 2541 5619 debeat

1062 5673 1130 5741 dici
1155 5674 1267 5739 forma
1290 5670 1491 5757 simpliciter
1514 5670 1589 5756 ipsa
1613 5671 1696 5749 sola,
1721 5670 1784 5735 sed
1810 5690 1879 5734 una
1907 5691 1985 5734 cum
2011 5671 2122 5734 forma
2146 5669 2400 5754 supernaturali
2414 5668 2435 5749 ⁷,
2460 5668 2541 5754 quia

1155 5962 1161 5991 ¹
1181 5958 1210 6012 in
1230 5957 1304 6027 aliis]
1324 5976 1379 6010 om.
1401 5958 1431 6010 P.
1455 5989 1487 5996 --
1508 5957 1518 5987 ²
1537 5955 1658 6009 veniens
1680 5955 1709 6006 l'.
1731 5986 1763 5993 —
1783 5956 1794 5985 ³
1813 5972 1868 6007 οιιι.
1888 5954 1918 6008 Ρ.
1940 5986 1970 5993 --
1997 5958 2006 5984 ’“
2027 5953 2182 6029 compositi
2206 5955 2237 6009 l‘.
2258 5986 2289 5993 --
2314 5957 2325 5985 ⁵
2344 5954 2432 6009 debet
2452 5955 2483 6011 Ρ,
2507 5986 2539 5995 κ

1063 6051 1074 6080 ⁶
1087 6048 1176 6105 debet
1190 6048 1220 6101 P.
1235 6079 1267 6086 -
1283 6043 1490 6100 'substantiali
1510 6045 1542 6101 P.
