6700 7992
1220 1480 1436 1536 SECUNDUM
1466 1480 1766 1551 QUODLIBETUM,
1795 1481 1831 1551 Q.
1857 1480 1911 1534 Vll
2265 1485 2300 1533 95

818 1662 1009 1748 acquisitae
1037 1662 1155 1726 insunt
1182 1684 1202 1725 a
1227 1662 1304 1726 Deo
1328 1659 1471 1726 omnino
1497 1662 1657 1740 mediate,
1683 1662 1746 1726 sed
1771 1660 1914 1727 virtutes
1938 1662 2075 1727 infusae
2102 1663 2298 1727 secundum

817 1801 957 1848 cursum
994 1799 1216 1845 communem
1248 1776 1283 1842 in
1315 1777 1441 1842 adultis
1474 1789 1578 1844 natae
1609 1788 1691 1843 sunt
1723 1776 1795 1843 lieri
1831 1800 1851 1843 a
1883 1779 1960 1843 Deo
1993 1778 2115 1864 partim
2147 1778 2298 1843 mediate

816 1895 939 1984 partim
963 1894 1171 1973 immediate,
1197 1933 1238 1940 —
1264 1893 1414 1959 mediate
1439 1893 1666 1978 inquantum
1693 1893 1845 1959 hominis
1879 1905 1931 1960 est
1955 1916 2018 1980 per
2042 1895 2189 1960 liberum
2211 1895 2299 1960 arbi·
2392 1972 2395 1978 Ι

817 2011 927 2093 trium,
963 2011 1146 2097 supposita
1175 2009 1352 2075 communi
1380 2009 1533 2075 motione
1562 2009 1679 2074 divina
1707 2032 1812 2094 quam
1841 2011 1939 2075 Deus
1968 2011 2134 2076 omnibus
2160 2011 2299 2077 exhibet

816 2127 1009 2195 secundum
1027 2149 1167 2194 cursum
1184 2147 1406 2192 communem
1422 2137 1460 2190 ut
1476 2125 1655 2191 declarant
1668 2127 1676 2161 ¹
1689 2126 1804 2210 aliqui,
1819 2148 1857 2191 se
1872 2127 1915 2192 de
1929 2148 2089 2213 congruo
2109 2127 2299 2213 disponere

815 2255 849 2311 et
880 2254 999 2331 aptare
1030 2244 1075 2308 ad
1107 2242 1323 2308 influentiam
1355 2241 1461 2307 divini
1492 2242 1630 2308 luminis
1663 2253 1697 2309 et
1722 2244 1766 2307 ad
1799 2243 2061 2328 susceptionem
2096 2243 2299 2310 huiusmodi

818 2361 901 2427 doni
927 2359 1146 2441 infundendi,
1175 2358 1255 2444 quia
1283 2359 1393 2424 forma
1417 2380 1490 2422 non
1514 2361 1620 2424 habet
1648 2380 1726 2424 esse
1751 2359 1817 2423 nisi
1841 2359 1877 2423 in
1904 2359 2047 2424 materia
2071 2359 2241 2445 disposita
2266 2371 2299 2426 et

817 2489 942 2558 cetera,
975 2475 1243 2542 —immediate
1282 2486 1449 2560 quantum
1488 2477 1533 2540 ad
1572 2474 1683 2560 ipsam
1724 2476 1910 2541 essentiam
1952 2476 2132 2542 habituum
2167 2477 2225 2561 qui
2264 2476 2298 2541 in

818 2594 932 2660 anima
956 2592 1187 2659 infunduntur
1212 2614 1274 2677 per
1297 2590 1508 2657 creationem
1541 2592 1652 2676 l3sed
1675 2593 1810 2676 absque
1836 2593 2035 2658 huiusmodi
2065 2593 2299 2677 dispositione
2323 2593 2490 2718 solcileRb

818 2712 915 2776 Deus
943 2719 1059 2795 potest
1082 2707 1282 2773 huiusmodi
1305 2707 1444 2772 habitus
1469 2707 1653 2773 infundere
1679 2720 1714 2773 ut
1745 2730 1818 2802 per
1838 2720 2058 2775 sacramenta
2089 2709 2123 2774 in
2149 2709 2300 2794 parvulis
2366 2688 2418 2718 '⁹'

818 2838 852 2893 et
879 2847 942 2912 per
968 2824 1281 2891 sanctificationem
1309 2825 1470 2890 collatam
1498 2823 1671 2909 aliquibus
1702 2824 1736 2889 in
1765 2836 1873 2903 uter0,
1893 2825 1982 2890 sicut
2016 2825 2118 2891 etiam
2149 2825 2300 2890 animam

817 2940 1062 3009 intellectivam
1087 2952 1210 3026 posset
1233 2940 1418 3006 infundere
1443 2953 1628 3026 antequam
1656 2951 1750 3007 esset
1773 2941 1915 3006 materia
1942 2954 2157 3028 praeparatu.

813 3051 818 3065 '
907 3059 1101 3138 Praeterea,
1119 3067 1194 3123 esto
1223 3057 1318 3141 quod
1342 3057 1440 3122 Deus
1469 3068 1589 3141 posset
1618 3058 1734 3122 facere
1763 3057 1796 3121 in
1826 3057 1941 3123 anima
1969 3057 2119 3143 aliquam
2153 3060 2299 3125 formam

818 3174 873 3241 vel
896 3173 1052 3239 habitum
1079 3174 1122 3238 ad
1149 3195 1252 3258 quem
1280 3194 1351 3237 non
1377 3183 1429 3238 est
1452 3173 1555 3238 sicin
1579 3175 1735 3258 potentia
1764 3174 1909 3239 naturali
1935 3176 2029 3259 quod
2048 3198 2110 3261 per
2128 3176 2300 3241 actionem

818 3289 954 3358 animae
989 3289 1044 3355 vel
1079 3288 1244 3354 naturalis
1276 3289 1412 3376 agentis
1448 3289 1560 3375 possit
1592 3289 1711 3354 induci
1743 3289 1927 3367 inanima,
1960 3292 2013 3356 vel
2052 3293 2147 3376 quod
2186 3292 2301 3356 anima

818 3406 957 3474 actione
989 3404 1130 3490 aliqua²
1164 3405 1310 3470 naturali
1339 3406 1392 3471 vel
1421 3427 1464 3471 ex
1491 3405 1705 3470 naturalibus
1730 3406 1841 3491 possit
1869 3409 1913 3472 ad
1943 3429 2018 3472 earn
2052 3407 2201 3493 disponi,
2228 3430 2300 3473 non

819 3532 957 3609 oportet
981 3532 1097 3588 tamen
1125 3522 1220 3606 quod
1248 3521 1299 3587 sic
1331 3523 1374 3586 sit
1402 3522 1446 3587 de
1475 3522 1637 3602 materia3
1668 3522 1749 3607 quia
1776 3523 1918 3588 materia
1947 3523 2069 3589 ordine
2094 3535 2238 3589 naturae
2267 3539 2301 3592 et

819 3639 1014 3707 secundum
1044 3639 1192 3726 gradum
1223 3660 1309 3703 suae
1347 3637 1486 3703 infimae
1523 3638 1625 3703 etiarn
1657 3639 1883 3724 perfectionis
1923 3639 2113 3705 constituta
2147 3653 2199 3706 est
2235 3644 2300 3709 sub

820 3755 930 3843 primo
966 3764 1095 3844 agente
1131 3754 1304 3840 corporali
1335 3765 1369 3820 et
1400 3756 1465 3819 sub
1498 3755 1572 3820 aliis
1600 3755 1786 3843 agentibus
1818 3755 2093 3841 particularibus,
2125 3758 2170 3823 ita
2205 3761 2301 3843 quod

819 3872 967 3939 naturali
984 3871 1121 3938 actione
1138 3883 1288 3957 possunt
1306 3892 1411 3958 agere
1437 3871 1472 3936 in
1497 3871 1618 3957 ipsam,
1644 3873 1708 3938 sed
1732 3872 1847 3936 anima
1871 3873 1936 3938 soli
1964 3874 2039 3939 Deo
2065 3885 2117 3938 est
2143 3875 2301 3941 subiecta

820 4000 858 4055 ut
880 3989 998 4078 agenti
1029 3988 1164 4074 potenti
1194 3987 1306 4074 ipsam
1334 3987 1531 4053 immediate
1565 3988 1745 4053 imnurtare
1775 4000 1808 4054 et
1840 3990 2019 4074 perlicere.
2049 3991 2091 4055 Et
2120 3991 2199 4057 ideo
2228 3992 2302 4056 ab³

821 4105 1006 4195 agentibus
1036 4105 1251 4171 naturalibus
1283 4115 1432 4191 possunt
1467 4127 1590 4171 ornnes
1629 4105 1761 4170 formae
1800 4108 1844 4170 ad
1884 4129 1971 4190 quas
2003 4107 2146 4172 materia
2180 4120 2233 4173 est
2266 4109 2300 4173 in

820 4221 977 4310 potentia
1000 4221 1128 4303 induci,
1154 4232 1213 4287 aut
1239 4243 1301 4307 per
1324 4221 1434 4306 ipsam
1459 4231 1576 4307 potest
1601 4221 1742 4286 materia
1760 4221 1803 4285 ad
1829 4244 1847 4286 e
1880 4225 1884 4306 1
1917 4245 2013 4288 arum
2038 4225 2298 4310 susceptionem
2359 4217 2458 4271 corlp

821 4337 970 4425 disponi,
994 4337 1074 4405 licet
1097 4340 1165 4404 hoc
1189 4360 1261 4403 uon
1285 4349 1446 4424 oporteat
1470 4339 1514 4403 de
1539 4336 1662 4402 anima.
2325 4289 2375 4345 f⁰¹·
2388 4292 2440 4344 144
2451 4289 2492 4343 Vb

1393 4873 1635 4956 Qunnsrro
1662 4875 1730 4938 ru.

948 5101 1092 5178 Utrum
1124 5102 1239 5175 lromo
1271 5102 1412 5175 lrabeat
1445 5126 1527 5174 esse
1560 5100 1608 5172 ab
1645 5126 1725 5173 una
1755 5100 1898 5202 sorum
1933 5101 2192 5176 substantiali

1387 5233 1447 5308 vel
1479 5260 1504 5307 a
1533 5232 1734 5332 pluribus.

912 5591 1050 5658 Deinde
1078 5591 1170 5657 circa
1201 5591 1337 5656 tertium
1366 5591 1632 5676 praedictorum,
1658 5591 1790 5657 scilicet
1818 5591 1910 5657 circa
1940 5605 2097 5658 ruituram
2126 5595 2303 5660 rnediam⁴

823 5707 914 5774 inter
952 5730 1037 5794 pure
1077 5707 1335 5773 immaterialem
1369 5719 1403 5773 et
1442 5731 1527 5792 pum
1567 5708 1789 5787 materialem,
1822 5709 1953 5774 scilicet
1986 5710 2079 5774 circa
2114 5711 2301 5791 hominem,

824 5826 1055 5910 quaerebatur
1087 5847 1195 5889 unum
1227 5825 1405 5909 pertinens
1438 5827 1482 5890 ad
1515 5825 1589 5890 eius
1622 5847 1700 5890 csse
1738 5826 1879 5889 formale
1910 5826 1944 5890 in
1974 5826 2140 5913 generali,
2170 5828 2302 5894 scilicet

915 6095 1067 6154 ¹declarat
1087 6096 1120 6151 V.
1140 6096 1173 6136 '-
1194 6096 1333 6153 ²actione
1349 6095 1456 6169 aliqua]
1471 6094 1568 6169 aliqua
1589 6096 1704 6150 actione
1724 6097 1755 6151 P.
1776 6129 1808 6135 —
1828 6096 1956 6170 ³aliquis
1976 6099 2006 6151 Ρ.
2021 6130 2053 6137 -
2077 6101 2152 6154 ¹om.
2173 6099 2203 6153 P.
