6700 7992
1119 1410 1170 1485 tal
1482 1405 1674 1487 uncrsint
1704 1404 1924 1486 counimur
1955 1428 2006 1484 or.
2034 1408 2232 1487 Fourtssu's

1027 1614 1029 1618 ’
1116 1614 1234 1689 hom0,
1252 1612 1306 1677 vel
1330 1612 1426 1696 quod
1451 1621 1504 1677 est
1534 1613 1652 1692 hom0,
1681 1610 1762 1696 quia
1790 1611 1892 1677 etiam
1921 1610 2013 1677 idem
2039 1622 2092 1677 est
2114 1611 2274 1698 generari
2301 1611 2478 1679 hominem
2503 1622 2538 1679 et
2560 1609 2594 1678 id

959 2743 1025 2801 cod.
1039 2744 1062 2798 P

927 2814 977 2871 fot.
992 2818 1041 2871 151
1056 2815 1096 2870 R⁸

1118 1730 1213 1813 quod
1237 1729 1344 1794 bomo
1372 1738 1425 1793 est
1451 1726 1621 1816 generari,
1646 1727 1728 1812 quia
1758 1727 1939 1813 generatio
1972 1739 2024 1793 est
2052 1726 2107 1793 via
2131 1729 2176 1794 ad
2205 1750 2294 1811 esse,
2324 1730 2418 1795 unde
2445 1739 2597 1795 nonest

1117 1844 1211 1910 aliud
1238 1843 1398 1931 generari
1425 1843 1602 1910 hominem
1629 1853 1663 1909 et
1691 1865 1769 1909 esse
1793 1843 1944 1909 hominis
1969 1854 2003 1909 et
2027 1855 2152 1911 cetera.
2178 1845 2258 1911 Hoc
2282 1843 2385 1910 etiam
2403 1845 2529 1931 probat
2553 1866 2596 1911 ex

1116 1962 1186 2027 hoc
1211 1963 1306 2045 quod
1334 1981 1576 2046 quaecumque
1602 1959 1848 2045 praedicantur
1872 1961 1916 2025 de
1944 1960 2139 2026 substantia
2167 1960 2312 2027 alicuius
2339 1960 2388 2027 rei
2413 1982 2476 2048 per
2499 1982 2538 2029 se
2562 1971 2597 2027 et

1117 2098 1189 2143 non
1214 2077 1407 2142 secundum
1433 2075 1609 2155 accidens,
1626 2075 1682 2141 illa
1706 2085 1787 2141 sunt
1810 2075 1902 2141 idem
1928 2076 2123 2142 secundum
2148 2098 2229 2143 rem.
2255 2076 2328 2143 Sed
2352 2076 2403 2143 sic
2428 2098 2466 2143 se
2489 2078 2596 2143 habet

1117 2214 1180 2259 ens
1208 2202 1243 2258 et
1267 2215 1374 2258 unum
1402 2203 1564 2278 respectu
1593 2191 1777 2257 cuiuslibet
1806 2193 1900 2277 quod
1926 2193 2202 2277 unumquodque
2230 2203 2282 2258 est
2310 2214 2373 2259 ens
2397 2205 2432 2259 et
2458 2193 2597 2259 unum¹

1117 2330 1179 2395 per
1205 2329 1244 2373 se
1273 2320 1306 2375 et
1334 2330 1405 2374 non
1433 2328 1495 2394 per
1519 2308 1660 2392 aliquod
1685 2307 1850 2374 accidens
1879 2307 1910 2374 ei
1935 2308 2100 2373 additum.
2126 2308 2232 2392 Quod
2257 2308 2308 2376 sic
2340 2311 2465 2395 probat
2493 2308 2597 2376 Com·

1117 2436 1289 2491 mentator
1305 2427 1373 2509 (1);
1398 2445 1480 2489 narn
1508 2425 1552 2488 de
1580 2423 1637 2488 illo
1662 2444 1810 2489 necesse
1838 2436 1891 2489 est
1917 2444 1959 2489 ea
1985 2423 2106 2489 iterum
2137 2423 2340 2510 praedicari,
2366 2424 2448 2510 quia
2474 2446 2597 2491 unum·

1117 2541 1284 2624 quodque
1308 2561 1455 2607 necesse
1491 2539 1573 2605 est²
1609 2561 1688 2605 esse
1716 2562 1823 2604 unum
1853 2549 1887 2604 et
1914 2561 1989 2619 enS,
2019 2551 2078 2605 aut
2106 2561 2191 2627 ergo
2225 2539 2348 2606 iterum
2376 2540 2598 2627 praedicatur

1118 2658 1162 2723 de
1186 2655 1244 2721 illo
1268 2677 1331 2741 per
1354 2677 1392 2721 se
1417 2666 1476 2721 aut
1499 2677 1561 2741 per
1585 2655 1726 2740 aliquod
1751 2655 1843 2720 aliud
1869 2655 2034 2735 additum,
2059 2666 2093 2720 et
2118 2657 2162 2722 de
2191 2656 2248 2721 illo
2273 2655 2394 2722 iterum
2419 2656 2598 2741 quaeritur

1118 2784 1152 2838 et
1187 2772 1249 2837 erit
1288 2773 1480 2858 procedere
1519 2771 1553 2836 in
1594 2771 1765 2836 infinitum
1795 2776 1800 2855 Ι
1831 2773 1885 2836 vel
1918 2773 2194 2857 unumquodque
2226 2770 2340 2836 statim
2381 2793 2443 2858 per
2473 2793 2512 2838 se.
2544 2783 2598 2839 est

1117 2908 1181 2954 ens
1206 2899 1240 2953 et
1263 2910 1382 2953 unum.

1207 3005 1305 3071 Patet
1340 3003 1443 3091 igitur
1476 3005 1655 3070 secundus
1691 3003 1867 3083 articuluS,
1903 3003 2037 3069 scilicet
2071 3005 2167 3088 quod
2203 3025 2275 3069 non
2310 3015 2363 3070 est
2402 3025 2536 3091 ponere
2560 3004 2597 3071 in

1117 3121 1222 3186 rebus
1246 3119 1375 3204 aliquid
1411 3142 1517 3185 unum
1551 3120 1747 3186 secundum
1775 3118 1943 3184 rationem
1976 3120 2071 3204 quod
2103 3119 2236 3185 scilicet
2264 3119 2308 3185 sit
2339 3141 2419 3186 esse
2450 3131 2595 3203 tantum,

1118 3257 1160 3301 ex
1191 3257 1261 3321 quo
1293 3246 1389 3321 patet
1423 3237 1519 3320 quod
1555 3257 1644 3314 esse,
1678 3235 1758 3301 licet
1789 3257 1893 3300 unam
1929 3256 2052 3301 vocem
2088 3235 2190 3315 dicat,
2227 3235 2262 3300 in
2298 3235 2444 3303 diversis
2480 3246 2597 3303 tamen

1118 3352 1292 3418 diversum
1321 3362 1374 3417 est
1401 3363 1435 3417 et
1462 3351 1634 3418 diversam
1659 3351 1827 3417 rationem
1859 3350 1961 3417 etiam
1989 3352 2159 3438 importat.
2191 3352 2272 3417 Non
2301 3351 2393 3418 enim
2423 3351 2506 3419 dicit
2530 3352 2598 3419 nisi
2639 3430 2642 3434 ,

1118 3468 1305 3534 essentiam
1330 3479 1364 3533 et
1387 3467 1564 3533 entitatem
1589 3466 1876 3552 uniuscuiusque,
1901 3468 1997 3551 quod
2021 3467 2121 3533 tertio
2146 3469 2418 3553 proponebatur.

1206 3698 1263 3764 Ad
1287 3699 1534 3764 declarandum
1558 3697 1740 3763 sciendum
1766 3707 1819 3762 est
1842 3697 1933 3763 enim
1955 3698 2050 3783 quod
2073 3696 2190 3763 omnia
2211 3696 2276 3763 ista
2290 3696 2312 3779 ⁸,
2337 3719 2411 3779 enS,
2436 3697 2561 3764 entitas
2574 3697 2597 3779 ⁴,

1118 3814 1270 3882 essentia
1294 3813 1384 3880 idem
1410 3812 1610 3901 significant
1632 3812 1768 3878 realiter
1782 3812 1803 3891 ⁶,
1828 3812 2022 3879 differentia
2046 3813 2158 3878 solum
2184 3813 2220 3878 in
2244 3814 2350 3879 modo
2375 3813 2597 3902 significandi

1117 3930 1153 3996 in
1178 3928 1411 3996 abstractione
1436 3930 1489 3995 vel
1514 3928 1740 3995 concretione
1763 3929 1818 3994 vel
1841 3928 2051 4009 huiusmodi,
2077 3938 2110 3995 et
2134 3931 2203 3995 hoc
2231 3940 2376 4015 apparet
2402 3951 2464 4016 per
2487 3929 2598 3996 simile
2633 4012 2639 4018 ,
2729 4005 2737 4018 ι

1118 4046 1153 4112 in
1178 4045 1341 4112 omnibus
1365 4045 1440 4110 aliis
1464 4045 1515 4111 sic
1539 4043 1704 4130 acceptiS,
1729 4055 1814 4131 puta
1837 4065 1992 4124 currens,
2017 4065 2150 4125 cursus,
2176 4065 2324 4111 currere.

1207 4163 1282 4229 Nec
1313 4162 1404 4226 valet
1439 4160 1468 4226 si
1504 4160 1638 4226 dicatur
1662 4161 1758 4245 quod
1794 4172 1847 4226 est
1881 4181 1945 4226 ens
1980 4181 2110 4227 nomen
2143 4171 2177 4227 et
2212 4182 2275 4226 ens
2308 4160 2538 4248 participium,
2562 4172 2598 4228 et

1119 4278 1212 4345 aliud
1240 4276 1414 4366 significat
1439 4297 1517 4342 esse
1542 4276 1737 4342 secundum
1762 4276 1857 4360 quod
1882 4274 2065 4342 descendit
2089 4297 2109 4341 a
2133 4274 2275 4343 nomine
2299 4286 2333 4342 et
2357 4298 2378 4342 a
2401 4276 2597 4363 participio,

1119 4394 1200 4481 quia
1239 4415 1310 4460 uno
1349 4395 1455 4458 modo
1494 4391 1669 4479 significat
1709 4412 1787 4457 esse
1838 4391 2023 4468 essentiae,
2063 4391 2130 4457 alio
2170 4392 2276 4459 modo
2325 4413 2404 4459 esse
2454 4391 2599 4459 actualis

1119 4509 1332 4577 existentiae.
1363 4508 1455 4592 Quia
1481 4507 1517 4573 in
1545 4507 1708 4572 omnibus
1736 4506 1820 4586 aliis,
1850 4506 2146 4591 qualitercumque
2173 4529 2240 4573 vox
2268 4529 2359 4592 quae
2385 4518 2439 4573 est
2462 4507 2599 4594 partici-

1119 4625 1215 4713 pium
1240 4646 1310 4690 uno
1327 4625 1433 4691 modo
1450 4623 1660 4710 intelligatur
1684 4622 1913 4702 nominaliter,
1938 4644 2076 4708 semper
2100 4634 2153 4689 est
2177 4623 2300 4690 eadem
2318 4644 2374 4689 res
2390 4623 2599 4712 significata,

1121 4741 1304 4826 utrobique
1333 4751 1465 4805 mutato
1493 4750 1625 4804 tantum
1653 4739 1760 4804 modo
1789 4738 2021 4827 significandi,
2051 4750 2084 4804 et
2108 4740 2233 4805 eadem
2261 4739 2364 4804 etiam
2388 4761 2444 4806 res
2467 4739 2599 4828 signifi·

1121 4869 1198 4925 eata
1223 4878 1312 4923 voce
1343 4855 1522 4935 infinitivi3
1551 4866 1694 4941 propter
1721 4856 1817 4939 quod
1845 4854 1927 4919 illud
1960 4855 2054 4940 quod
2086 4854 2212 4920 dicitur
2243 4855 2355 4941 primo
2386 4855 2599 4922 Periherme·

1121 4974 1197 5040 nias
1217 4977 1263 5058 (2)
1288 4974 1386 5057 quod
1402 4973 1509 5037 verba
1525 4972 1719 5037 secundum
1744 4991 1782 5036 se
1807 4969 1900 5035 dicta
1923 4971 2065 5035 nomina
2082 4982 2173 5050 sunt,
2196 4971 2381 5058 exponitur
2404 4972 2599 5038 secundum

1120 5089 1306 5156 Boethium
1324 5090 1370 5171 (3)
1399 5089 1443 5154 de
1471 5088 1579 5153 verbo
1607 5086 1767 5151 infinitivi
1795 5085 1899 5166 modi,
1930 5098 1967 5151 ut
1996 5087 2118 5173 legens
2144 5108 2283 5167 nomen,
2312 5088 2436 5174 legens
2464 5086 2599 5173 partici-

1212 5403 1219 5434 ¹
1232 5408 1370 5473 respectu
1385 5432 1417 5440 —
1431 5401 1530 5469 unum]
1547 5416 1601 5453 om.
1616 5399 1646 5453 P.
1667 5430 1700 5439 -
1720 5398 1799 5452 ¹0m.
1814 5397 1845 5454 P.
1859 5431 1891 5437 —
1905 5400 1916 5431 ⁸
1929 5397 1977 5452 illa
1992 5398 2022 5452 P.
2037 5431 2070 5439 -
2085 5402 2094 5431 ⁴
2108 5408 2137 5454 et
2150 5400 2218 5454 add.
2233 5399 2262 5453 P.
2278 5431 2310 5439 -
2331 5396 2549 5453 ‘essentialiter
2568 5398 2599 5453 P.

1201 5619 1240 5682 (1)
1260 5614 1334 5668 Ibid.
1355 5612 1386 5680 (f.
1405 5616 1440 5667 32
1459 5612 1520 5678 Rb).
1543 5633 1554 5660 a
1572 5610 1607 5666 Et
1626 5611 1675 5664 illa
1694 5627 1750 5677 res,
1769 5628 1845 5682 quae
1865 5619 1910 5664 est
1929 5629 1995 5678 una,
2018 5611 2042 5665 si
2065 5611 2171 5666 dicitur
2193 5610 2272 5682 quod
2292 5620 2337 5666 est
2355 5628 2413 5665 una
2432 5628 2486 5684 per
2507 5609 2600 5665 inten-

1120 5702 1230 5758 tionem
1251 5701 1381 5756 additam
1404 5717 1475 5755 suae
1499 5699 1655 5767 essentiae,
1678 5712 1835 5770 quaeretur
1861 5697 1949 5753 etiam
1974 5698 2012 5752 de
2034 5698 2084 5752 illa
2106 5716 2146 5765 re,
2168 5716 2330 5770 perquam
2352 5698 2385 5753 fit
2406 5715 2472 5767 una,
2495 5704 2525 5752 et
2546 5714 2601 5769 per

1120 5789 1190 5863 quid
1209 5790 1242 5844 tit
1260 5807 1335 5843 una:
1356 5788 1380 5842 si
1402 5787 1491 5858 igitur
1512 5787 1545 5840 iit
1566 5803 1623 5839 una
1643 5803 1696 5857 per
1715 5784 1907 5839 intentionem
1927 5786 2057 5840 additam
2077 5787 2126 5853 illi,
2145 5786 2301 5840 revertitur
2322 5785 2466 5857 quaestio,
2486 5794 2516 5840 et
2534 5802 2600 5857 pro·

1120 5878 1242 5934 cedetur
1255 5879 1283 5932 in
1297 5875 1439 5930 infinitum
1452 5895 1474 5928 r.
1489 5907 1521 5915 -
1537 5878 1576 5941 (2)
1596 5873 1790 5928 Aristotel
1800 5873 1831 5926 is
1849 5874 1894 5927 De
1912 5875 2098 5945 interpretat.
2113 5892 2137 5927 c.
2151 5877 2168 5928 3
2182 5875 2229 5942 [al.
2242 5876 2268 5944 ὃ]
2284 5881 2323 5946 (ρ.
2339 5877 2392 5941 16).
2412 5869 2482 5927 Aba&
2495 5870 2543 5940 μὲν
2554 5867 2600 5925 οὗν

1120 5961 1183 6020 καθ’
1202 5964 1283 6019 ’ἑαυτὰ
1300 5961 1431 6035 λεγόμενα
1448 5962 1481 6014 τὰ
1500 5959 1606 6032 palpata
1624 5958 1744 6027 ὀνόματά
1761 5957 1825 6014 ἐστι.
1846 5994 1878 6002 -
1899 5964 1938 6029 (3)
1960 5960 2115 6015 Boethii
2135 5961 2180 6016 De
2198 5961 2384 6034 interpretat.
2398 5979 2511 6031 comm.,
2524 5978 2549 6016 c.
2562 5959 2600 6015 de

1120 6056 1212 6111 verbo
1232 6055 1273 6121 (Ρ.
1294 6054 1334 6120 L.,
1354 6053 1410 6107 vol.
1430 6054 1473 6117 64,
1493 6050 1548 6104 col.
1568 6052 1620 6104 309
1639 6059 1669 6104 et
1687 6053 1740 6104 429
1759 6054 1843 6123 sqq).
2589 6071 2591 6074 ·
