6700 7992
1029 1434 1064 1484 62
1395 1430 1586 1484 MAGISTRI
1616 1429 1835 1485 GODEFRIDI
1864 1431 1917 1483 DE
1944 1429 2142 1485 FONTlBUS

1029 1611 1136 1674 habet
1163 1631 1241 1675 esse
1270 1609 1372 1675 etiam
1400 1609 1614 1688 existentiae,
1643 1610 1699 1675 vel
1731 1610 1832 1675 etiam
1866 1610 1988 1694 triplex
2020 1609 2134 1693 aliquo
2165 1611 2271 1674 modo
2304 1609 2506 1695 praedict03

1030 1726 1110 1810 quia
1127 1726 1203 1811 ipsa
1228 1725 1380 1791 existens
1405 1728 1510 1790 habet
1535 1748 1614 1791 esse
1639 1727 1833 1790 secundum
1854 1748 1956 1790 suum
1981 1746 2058 1790 esse
2083 1725 2286 1790 existentiae
2311 1727 2507 1792 seeundum

1030 1863 1068 1906 se
1085 1841 1120 1907 in
1137 1863 1216 1907 esse
1233 1864 1298 1907 suo
1316 1840 1502 1921 essentiali,
1523 1842 1596 1908 sive
1613 1842 1622 1876 ¹
1646 1842 1841 1907 secundum
1858 1841 1892 1905 id
1910 1843 2005 1926 quod
2023 1852 2074 1906 est
2092 1841 2329 1922 essentialiter,
2347 1841 2394 1907 ita
2413 1841 2508 1926 quod

1029 1959 1098 2023 hoc
1115 1980 1216 2022 suum
1233 1979 1312 2022 esse
1330 1957 1532 2023 existentiae
1549 1980 1620 2022 non
1638 1970 1691 2022 est
1708 1979 1786 2023 esse
1804 1956 2006 2022 existentiae
2023 1956 2256 2022 accidentium
2281 1956 2508 2045 singularium

1030 2094 1120 2158 quae
1144 2072 1451 2138 concomitantur²
1475 2072 1693 2138 existentiam
1718 2074 1934 2138 substantiae
1962 2072 2146 2138 materialis
2175 2073 2209 2137 in
2237 2095 2350 2138 rerum
2375 2085 2507 2137 natura.

1031 2189 1137 2271 Quod
1169 2200 1286 2254 tamen
1318 2188 1428 2253 esse³
1455 2188 1657 2254 existentiae
1686 2211 1757 2254 non
1787 2190 1892 2254 habet
1919 2188 1995 2274 ipsa
2020 2188 2173 2254 essentia
2197 2188 2412 2253 substantiae
2436 2188 2509 2254 sive

1031 2326 1109 2370 esse
1141 2304 1344 2370 existentiae
1375 2304 1510 2370 illorum
1543 2304 1786 2384 accidentium,
1817 2316 1938 2390 utpote
1963 2306 2161 2369 humanitas
2190 2304 2342 2370 existens
2374 2304 2410 2368 in
2440 2305 2509 2370 hoc

1030 2419 1173 2485 homine
1204 2432 1242 2484 ut
1274 2419 1309 2484 in
1340 2420 1486 2486 Socrate
1518 2420 1573 2484 vel
1603 2420 1638 2484 in
1670 2420 1739 2485 alio
1771 2422 1877 2485 habet
1908 2419 1942 2483 in
1976 2420 2032 2485 illo
2068 2442 2169 2485 suum
2198 2441 2277 2485 esse
2305 2419 2509 2485 existentiae

1031 2536 1236 2620 inquantum
1254 2547 1306 2600 est
1322 2535 1519 2599 humanitas
1544 2535 1707 2615 existens,
1734 2538 1828 2619 quod
1846 2535 1985 2620 quidem
2010 2557 2082 2600 non
2108 2547 2160 2600 est
2184 2535 2296 2621 ipsum
2315 2557 2394 2600 esse
2423 2534 2510 2600 exis·

1030 2650 1161 2717 tentiae
1185 2651 1384 2736 quantitatis
1409 2651 1512 2716 huius
1537 2663 1571 2716 et
1595 2651 1741 2716 aliorum
1770 2650 2013 2730 accidentium,
2031 2650 2121 2716 sicut
2145 2672 2212 2716 nec
2235 2650 2433 2715 humanitas
2458 2660 2511 2715 est

1031 2767 1205 2852 quantitas
1222 2778 1256 2832 et
1273 2780 1407 2845 cetera,
1428 2768 1497 2832 hoc
1514 2778 1629 2832 tamen
1648 2788 1727 2832 esse
1747 2766 1951 2832 existentiae
1974 2788 2046 2832 non
2071 2768 2177 2832 habet
2199 2768 2288 2832 haec
2312 2765 2510 2831 humanitas

1031 2882 1104 2948 sive
1129 2882 1311 2948 existentia
1335 2885 1389 2947 vel
1414 2904 1493 2948 esse
1517 2882 1721 2947 existentiae
1745 2883 1863 2947 talium
1881 2882 2113 2948 accidentium
2138 2882 2375 2970 singularium.
2394 2882 2436 2947 Et
2460 2880 2511 2947 sic

1031 3001 1120 3065 haec
1148 2998 1345 3063 humanitas
1373 2998 1525 3063 existens
1550 3009 1666 3082 potest
1693 2998 1905 3064 considerari
1935 3001 2129 3064 secundum
2154 2998 2373 3063 Avicennam
2397 3009 2435 3062 ut
2458 3007 2511 3062 est

1031 3115 1229 3179 humanitas
1254 3113 1383 3179 etiam⁴
1407 3114 1560 3179 existens
1584 3116 1780 3179 secundum
1804 3136 1843 3179 se
1867 3114 1941 3183 sive
1965 3116 2159 3180 secundum
2184 3113 2218 3178 id
2243 3115 2337 3198 quod
2362 3134 2434 3178 non
2459 3123 2512 3179 est

1032 3229 1098 3295 nisi
1114 3229 1322 3309 humanitas,
1339 3230 1394 3294 vel
1411 3242 1449 3293 ut
1465 3251 1544 3294 cum
1569 3229 1839 3317 cointelligitur⁵
1863 3251 1941 3295 cum
1967 3252 2008 3294 ea
2033 3232 2121 3294 haec
2145 3229 2320 3315 quantitas
2337 3229 2510 3308 existens;

1032 3355 1066 3410 et
1093 3344 1143 3410 sic
1173 3347 1369 3410 secundum
1401 3344 1620 3410 Avieennam
1653 3344 1894 3410 consideratur
1926 3366 2003 3411 eum
2037 3345 2105 3410 alio
2137 3347 2233 3429 quod
2265 3344 2392 3410 accidit
2419 3343 2450 3410 ei
2478 3354 2512 3409 et

1032 3459 1311 3527 concomitatur⁶
1334 3461 1528 3526 secundum
1557 3472 1716 3525 naturam
1744 3473 1777 3526 et
1805 3473 1857 3526 est
1884 3462 1973 3527 haec
2005 3460 2202 3526 humanitas
2235 3461 2285 3526 sic
2316 3461 2511 3526 secundum

1032 3598 1070 3642 se
1106 3576 1327 3642 considerata
1362 3576 1460 3660 quasi
1497 3598 1578 3661 pars
1610 3576 1740 3641 huius⁷
1771 3576 1876 3642 totius
1908 3578 2003 3660 quod
2037 3588 2089 3642 est
2118 3577 2326 3656 humanitas
2360 3588 2396 3642 ut
2433 3597 2512 3642 cum

1032 3695 1098 3758 hac
1123 3692 1314 3777 quantitate
1343 3703 1376 3757 et
1403 3692 1456 3756 his
1485 3692 1727 3757 accidentibus
1759 3703 1933 3757 ostentata
1957 3693 2150 3757 animalitas
2179 3692 2234 3757 vel
2258 3692 2361 3757 etiam
2385 3691 2513 3756 animal

1034 3808 1185 3873 existens
1209 3809 1315 3872 habet
1339 3809 1408 3873 hoe
1434 3808 1539 3872 modo
1564 3808 1693 3892 duplex
1718 3801 1797 3873 esse
1822 3808 1895 3874 sive
1920 3808 2095 3893 duplicem
2123 3807 2451 3873 considerationem.
2471 3845 2512 3854 -

1033 3925 1117 3989 ltem
1145 3923 1346 3988 huiusmodi
1375 3922 1532 3988 animalis
1560 3923 1740 3989 existentis
1769 3935 1885 4008 potest
1912 3945 1990 3989 esse
2022 3924 2159 3989 tertium
2188 3944 2266 3988 esse
2295 3922 2369 3989 sive
2396 3932 2513 4008 potest

1034 4038 1246 4104 considerari
1270 4038 1371 4103 tertio
1397 4039 1502 4104 modo
1528 4049 1564 4102 ut
1588 4040 1696 4104 habet
1720 4060 1798 4104 esse
1822 4038 1856 4103 in
1881 4039 2058 4104 intellectu
2083 4039 2155 4104 sive
2181 4050 2217 4103 ut
2241 4039 2316 4104 eius
2340 4050 2392 4103 est
2417 4038 2513 4103 intel-

1034 4155 1143 4220 lectus
1176 4155 1370 4220 secundum
1403 4176 1441 4219 se
1473 4167 1609 4239 praeter
1640 4154 1842 4220 huiusmodi
1870 4154 2066 4220 accidentia
2093 4154 2326 4219 individualia.
2356 4154 2398 4218 Et
2430 4164 2514 4218 tunc

1035 4269 1137 4335 etiam
1166 4268 1279 4355 ipsum
1308 4292 1386 4336 esse
1415 4269 1618 4335 existentiae
1647 4269 1833 4335 animalis⁸
1862 4271 2056 4336 secundum
2085 4291 2123 4335 se
2152 4269 2241 4334 sicut
2267 4281 2320 4334 est
2347 4269 2441 4334 aliud
2469 4270 2513 4333 ab

1035 4407 1113 4451 esse
1138 4385 1340 4451 existentiae
1366 4385 1595 4451 accidentium
1623 4385 1880 4471 particularium
1905 4386 1981 4450 sine
2010 4385 2136 4470 quibus
2163 4397 2279 4451 tamen
2308 4406 2381 4451 non
2408 4386 2514 4451 habet

1034 4523 1135 4565 suum
1160 4501 1338 4586 proprium
1356 4512 1390 4566 et
1405 4502 1498 4567 reale
1513 4500 1524 4535 ⁰
1540 4523 1619 4567 esse
1636 4501 1840 4567 existentiae
1857 4502 1891 4581 1⁰,
1917 4501 1963 4566 ita
1983 4501 2085 4566 etiam
2103 4514 2156 4566 est
2173 4501 2266 4565 aliud
2283 4502 2327 4566 ab
2344 4502 2414 4566 hoe
2434 4521 2513 4566 esse

1035 4617 1258 4683 considerato
1283 4618 1377 4702 quod
1402 4639 1473 4682 non
1498 4629 1551 4682 est
1574 4617 1651 4702 ipsa
1676 4617 1837 4697 essentia,
1863 4638 1930 4682 nec
1956 4617 2058 4682 etiam
2075 4616 2111 4681 in
2128 4616 2204 4701 ipsa
2228 4616 2429 4696 subiective,
2447 4636 2513 4681 nec

1036 4733 1139 4799 etiam
1163 4735 1266 4797 ambo
1291 4732 1392 4797 simul
1417 4744 1498 4797 sunt
1521 4732 1556 4796 in
1582 4755 1652 4798 uno
1678 4734 1873 4798 secundum
1898 4754 1977 4798 esse
2001 4732 2097 4797 utin
2122 4732 2291 4812 subiect0,
2309 4733 2372 4797 sed
2396 4731 2513 4796 huius·

1035 4848 1130 4914 modi
1147 4870 1225 4914 esse
1242 4849 1420 4936 cognitum
1439 4860 1491 4913 est
1507 4849 1530 4884 ¹¹
1546 4847 1656 4933 ipsius
1676 4848 1848 4914 obiective
1865 4848 1938 4914 sive
1955 4860 1992 4912 ut
2008 4848 2145 4927 obiecti,
2164 4859 2197 4913 et
2217 4859 2270 4913 est
2286 4847 2321 4911 in
2337 4846 2513 4913 intellectu

1036 4964 1238 5045 subiective,
1264 4975 1296 5030 et
1321 4976 1374 5030 est
1401 4964 1503 5029 etiam
1534 4964 1627 5028 aliud
1656 4966 1700 5028 ab
1728 4963 1967 5029 accidentibus
1996 4986 2086 5048 quae
2114 4974 2378 5048 consequuntur
2394 4961 2418 4997 ¹²
2444 4964 2514 5028 hoe

1036 5101 1115 5146 esse
1140 5079 1297 5145 animalis
1321 5080 1515 5145 secundum
1540 5081 1609 5145 hoc
1634 5079 1708 5144 eius
1726 5101 1805 5145 esse
1821 5079 2001 5166 cognitum
2026 5092 2063 5144 ut
2087 5090 2140 5145 est
2156 5078 2334 5167 cognitum
2353 5078 2377 5113 ¹³
2400 5078 2474 5144 sive
2491 5077 2515 5113 ¹⁴

1036 5195 1111 5260 eius
1139 5194 1376 5282 cognitionem
1401 5196 1455 5260 vel
1483 5207 1693 5280 conceptum
1719 5195 1754 5259 in
1778 5195 1952 5261 intellectu
1977 5206 2014 5261 ut
2038 5217 2116 5261 esse
2133 5194 2158 5230 ¹⁶
2182 5194 2376 5259 universale
2400 5215 2514 5281 genus

1036 5310 1231 5377 subiectum
1257 5311 1504 5396 praedicatum.

1082 5426 1119 5493 si
1151 5437 1266 5491 autem
1294 5449 1367 5492 non
1398 5437 1537 5492 maneat
1563 5428 1632 5492 hoc
1660 5448 1762 5491 suum
1795 5448 1873 5492 esse
1906 5425 2110 5492 existentiae
2139 5426 2364 5491 coniunctum
2393 5422 2515 5491 esse¹⁶

1128 5783 1135 5812 ¹
1151 5781 1312 5834 secundum
1322 5781 1353 5833 P.
1368 5813 1401 5819 —
1415 5782 1425 5812 ²
1439 5780 1615 5834 comitantur
1628 5781 1658 5833 P.
1670 5813 1703 5819 —
1717 5782 1728 5812 ⁸
1741 5799 1797 5833 om.
1809 5781 1840 5834 P.
1854 5783 1908 5819 —⁴
1922 5778 2087 5833 humanitas
2098 5778 2196 5848 etiam]
2209 5778 2298 5833 etiarn
2308 5777 2473 5832 humanitas
2483 5777 2514 5830 P.

1039 5898 1071 5906 -
1086 5869 1096 5899 ⁶
1109 5867 1326 5939 cointelligatur
1340 5868 1370 5922 P.
1385 5901 1417 5907 —
1432 5869 1443 5898 ⁰
1455 5867 1611 5923 comitatur
1624 5869 1655 5922 P.
1670 5900 1702 5906 -
1719 5868 1906 5922 'huiusmodi
1921 5869 1951 5921 P.
1965 5900 1997 5906 -
2014 5869 2024 5898 ⁸
2037 5885 2091 5920 om.
2105 5867 2136 5920 P.
2151 5899 2183 5905 -
2198 5868 2209 5898 ⁹
2222 5874 2251 5920 et
2264 5867 2353 5935 reale]
2368 5883 2424 5919 om.
2436 5866 2466 5919 P.
2481 5896 2514 5904 -

1041 5957 1061 5987 ¹⁰
1079 5956 1158 6009 reale
1177 5956 1246 6010 add.
1260 5956 1291 6009 P.
1312 5987 1345 5995 -
1368 5959 1386 5987 ¹¹
1406 5955 1557 6027 cognitum
1577 5958 1631 6025 est]
1652 5964 1698 6010 est
1717 5955 1867 6027 cognitum
1887 5956 1918 6009 P.
1939 5987 1972 5993 -
1994 5955 2014 5986 ¹¹
2027 5962 2190 6025 sequuntur
2208 5955 2239 6008 P.
2260 5986 2293 5993 -
2315 5955 2335 5986 ¹⁸
2354 5971 2410 6007 om.
2429 5954 2461 6007 P.
2484 5983 2515 5993 -

1040 6044 1060 6074 ¹⁴
1073 6043 1149 6097 sicut
1162 6061 1260 6116 marg.
1274 6057 1309 6097 aa
1321 6061 1360 6097 m.
1374 6044 1404 6098 P.
1419 6075 1452 6083 —
1469 6045 1489 6075 ¹⁶
1504 6051 1549 6098 est
1564 6043 1594 6098 P.
1609 6075 1641 6084 -
1658 6045 1679 6076 ¹⁸
1692 6052 1737 6098 est
1751 6044 1782 6098 P.
