6700 7992
1048 1448 1098 1506 190
1411 1448 1602 1507 MAGISTRI
1632 1452 1853 1509 GODEFRIDI
1884 1456 1934 1508 DE
1963 1451 2161 1509 FONTIBUS

1047 1654 1125 1698 esse
1150 1633 1295 1718 simplex
1320 1632 1473 1697 omnium
1502 1633 1630 1712 talium,
1649 1656 1720 1698 non
1748 1646 1865 1698 esseut
1887 1635 1988 1699 ctiam
2011 1634 2076 1699 nisi
2103 1657 2209 1699 uuum
2234 1655 2297 1700 eus
2323 1633 2523 1720 simpliciter

1048 1760 1081 1814 6(
1105 1771 1238 1834 perse,
1264 1759 1300 1813 ut
1325 1749 1454 1813 dictum
1480 1760 1541 1813 est.

1136 1865 1207 1929 Scd
1236 1865 1377 1929 ulterius
1415 1856 1637 1949 distinguitur
1666 1868 1760 1949 quod
1798 1878 1850 1932 est
1887 1867 2013 1952 duplex
2047 1889 2135 1944 esse,
2169 1866 2300 1932 scilicet
2332 1889 2410 1931 esse
2445 1868 2525 1931 sub·

1047 1980 1225 2045 sistentiae
1257 1992 1291 2044 6(
1323 2002 1400 2045 esse
1433 1980 1647 2046 existentiae.
1682 1982 1769 2047 Esse
1803 1995 1917 2047 auteur
1951 1982 2197 2047 subsistentiae
2229 1985 2325 2066 quod
2358 1995 2410 2048 est
2446 2004 2524 2048 esse

1048 2096 1247 2180 simpliciter
1272 2108 1305 2160 et
1341 2097 1534 2161 secundum
1567 2118 1605 2162 56
1642 2108 1674 2161 6(
1705 2120 1775 2162 non
1814 2098 1847 2163 iu
1873 2098 1940 2161 alio
1974 2110 2007 2163 et
2043 2100 2086 2162 ab
2123 2099 2191 2163 alio
2227 2098 2261 2163 in
2296 2121 2365 2183 quo
2400 2099 2525 2164 existat

1047 2213 1263 2297 dependens,
1295 2211 1459 2276 convenit
1490 2213 1602 2276 solum
1628 2214 1843 2278 substantiae
1876 2214 1932 2278 cui
1961 2214 2124 2278 convenit
2157 2227 2190 2278 et
2215 2236 2292 2279 esse
2325 2214 2526 2300 simpliciter

1047 2341 1081 2393 et
1105 2350 1166 2413 per
1190 2349 1228 2392 se
1260 2328 1460 2393 subsistere.
1488 2328 1559 2393 Sed
1584 2349 1663 2392 esse
1689 2329 1892 2395 existentiae
1925 2330 1998 2394 sive
2032 2329 2179 2395 existere
2215 2351 2287 2394 non
2316 2331 2366 2395 sic
2398 2330 2526 2416 simpli-

1047 2443 1132 2509 citer
1155 2443 1217 2509 sed
1242 2445 1436 2509 secundum
1463 2444 1557 2527 quod
1582 2442 1678 2509 alteri
1704 2445 1868 2522 innititur,
1903 2446 2067 2510 cmuenit
2099 2445 2239 2510 cuilibet
2273 2446 2444 2511 accidenti
2470 2446 2526 2512 cui

1047 2559 1211 2625 convenit
1242 2581 1321 2624 esse
1354 2559 1387 2624 iu
1418 2569 1586 2644 quantum
1611 2571 1664 2625 est
1696 2562 1810 2644 aliqua
1835 2561 2018 2645 dispositio
2054 2562 2142 2626 entis
2172 2562 2381 2647 simpliciter,
2413 2574 2447 2626 et
2475 2562 2525 2627 sic

1048 2678 1149 2742 etiam
1176 2676 1206 2742 ei
1231 2676 1396 2742 convenit
1421 2678 1611 2744 subsistere
1643 2677 1676 2742 in
1706 2689 1873 2760 quantum
1906 2689 1958 2741 65(
1984 2678 2016 2740 iu
2053 2678 2108 2741 illo
2133 2689 2166 2742 et
2197 2678 2327 2762 aliquid
2355 2678 2453 2742 illius.
2484 2678 2526 2743 Et

1047 2796 1115 2858 boc
1147 2795 1252 2857 modo
1286 2793 1318 2857 iu
1355 2815 1426 2857 uuo
1456 2806 1508 2858 65(
1539 2806 1671 2859 tantum
1699 2816 1804 2858 uuuui
1842 2815 1930 2873 esse,
1963 2792 2096 2858 scilicet
2131 2794 2225 2878 quod
2262 2806 2314 2859 65(
2350 2815 2428 2859 6556
2457 2794 2525 2859 exi·

1047 2909 1193 2974 st‹.·.utiac
1217 2909 1417 2994 simpliciter
1441 2922 1474 2974 et
1506 2923 1584 2975 esse
1616 2909 1872 2986 subsistentiae,
1900 2910 1993 2993 (prod
2023 2909 2161 2992 quidem
2188 2931 2266 2973 esse
2292 2909 2408 2973 omnia
2433 2932 2523 2994 quae

1046 3038 1126 3089 suut
1162 3025 1194 3088 in
1227 3025 1284 3088 tali
1321 3036 1400 3090 eute
1433 3025 1633 3110 simplicitur
1669 3025 1885 3109 participant,
1923 3025 1955 3089 iu
1993 3036 2159 3107 (plantum
2196 3035 2277 3088 sunt
2312 3025 2346 3088 in
2383 3025 2450 3090 illo.
2482 3026 2525 3090 Et

1046 3142 1239 3205 secundum
1280 3142 1347 3204 boc
1387 3140 1551 3205 accidens
1591 3163 1668 3205 cum
1710 3140 1868 3205 subiecto
1905 3152 1938 3204 6(
1977 3140 2171 3204 accidentia
2208 3140 2325 3204 omuia
2363 3141 2525 3206 dicuntur

1047 3279 1153 3321 unum
1179 3256 1213 3320 iu
1239 3278 1328 3335 esse,
1353 3257 1433 3340 quia
1469 3279 1540 3321 uon
1577 3257 1772 3321 subsistunt
1795 3256 1861 3320 nisi
1890 3255 1978 3320 illius
2013 3255 2247 3320 subsistentia.
2284 3259 2373 3322 Sunt
2408 3268 2523 3322 tamen

1047 3370 1080 3435 iu
1117 3370 1173 3435 illo
1210 3371 1307 3455 plura
1343 3391 1420 3435 esse
1455 3369 1668 3449 existentiae,
1705 3369 1785 3453 quia
1821 3369 1961 3434 cuilibet
1997 3369 2162 3434 convenit
2200 3392 2299 3434 suum
2330 3391 2409 3435 esse
2446 3392 2524 3455 pro-

1046 3485 1168 3571 prium,
1194 3507 1264 3571 quo
1289 3485 1476 3551 formaliter
1500 3486 1776 3570 unumquodque
1801 3485 2032 3550 accidentium
2058 3497 2110 3550 est
2141 3486 2215 3551 sive
2251 3486 2365 3552 existit
2400 3508 2524 3552 secun·

1047 3603 1128 3666 dum
1154 3602 1188 3667 id
1213 3603 1307 3686 quod
1333 3612 1384 3666 est
1420 3603 1613 3666 secundum
1649 3624 1688 3666 se
1719 3601 1753 3666 in
1790 3622 1854 3665 suo
1879 3622 2009 3686 genere
2043 3611 2076 3665 et
2110 3601 2238 3687 specie,
2264 3602 2342 3667 licet
2378 3601 2412 3666 iu
2444 3602 2522 3683 alio,

1046 3718 1222 3802 quianon
1255 3717 1321 3781 nisi
1349 3717 1382 3782 in
1409 3717 1601 3782 substantia
1626 3739 1716 3801 quae
1741 3716 1940 3801 simpliciter
1964 3729 2025 3782 65(.

1135 3833 1178 3897 Et
1212 3835 1256 3898 de
1291 3832 1491 3897 huiusmodi
1528 3855 1606 3898 esse
1642 3832 1888 3898 subsistentiae
1924 3846 2085 3918 respectu
2126 3833 2279 3898 omnium
2316 3855 2405 3918 quae
2439 3834 2522 3899 illud

1046 3949 1252 4034 participant
1276 3959 1310 4014 6(
1333 3971 1405 4013 666
1431 3950 1475 4013 (16
1500 3948 1567 4013 alio
1595 3960 1711 4034 potest
1736 3948 1879 4035 intelligi
1904 3949 1995 4013 dicta
2023 3949 2211 4014 similitudo
2245 3951 2289 4014 de
2318 3950 2523 4015 extensione

1046 4086 1148 4149 quam
1174 4064 1290 4129 omnia
1316 4077 1459 4129 extensa
1476 4063 1692 4149 participant.
1715 4065 1803 4128 Cum
1830 4063 1920 4128 enim
1946 4064 2073 4128 totiens
2099 4064 2233 4129 dicatur
2257 4087 2335 4130 esse
2359 4066 2522 4149 quotiens

1045 4180 1169 4246 dicitur
1193 4201 1266 4258 ens,
1292 4192 1386 4266 patet
1403 4181 1497 4263 (quod
1522 4191 1572 4243 tot
1596 4191 1677 4243 sunt
1702 4201 1780 4243 esse
1805 4190 1889 4263 <quot
1914 4191 1993 4243 566(
2019 4181 2191 4244 esseutiae
2217 4191 2249 4244 6(
2275 4191 2399 4245 cetera.
2419 4182 2522 4246 Unde

1045 4296 1171 4381 aliquid
1196 4318 1275 4361 esse
1299 4296 1474 4360 bominem
1501 4308 1535 4360 et
1557 4295 1765 4372 tricubitum,
1791 4297 1905 4359 albuni
1932 4311 1965 4359 6(
1990 4295 2198 4375 huiusmodi,
2229 4319 2299 4360 uon
2330 4309 2380 4361 65(
2406 4296 2521 4381 ipsum

1044 4414 1173 4477 babere
1199 4416 1304 4476 unum
1324 4434 1401 4477 esse
1419 4413 1481 4476 sed
1499 4412 1607 4496 plura,
1626 4410 1706 4495 quia
1732 4432 1772 4474 ex
1791 4411 1855 4474 illis
1873 4433 1942 4474 uon
1961 4411 1997 4475 tit
2022 4434 2128 4475 unum
2147 4411 2355 4496 simpliciter.
2377 4414 2523 4497 Propter

1046 4529 1141 4612 quod
1166 4528 1279 4608 etiam,
1304 4540 1341 4592 ut
1376 4528 1500 4592 dieitur
1534 4528 1693 4592 secundo
1733 4526 2005 4591 l’eribermenias
2029 4532 2074 4609 (l)
2108 4529 2306 4610 quodcum
2334 4528 2522 4592 affirmatur

1046 4645 1186 4729 aliquod
1211 4667 1318 4708 unum
1350 4645 1394 4708 (16
1426 4643 1580 4727 pluribus
1606 4663 1648 4706 ex
1682 4642 1808 4726 quibus
1833 4665 1903 4706 nou
1941 4643 1975 4705 tit
2001 4665 2106 4707 uuum
2133 4643 2341 4727 simpliciter,
2370 4656 2521 4709 nonest

1047 4759 1226 4824 affirmatio
1251 4781 1340 4837 una;
1367 4780 1409 4822 ex
1434 4760 1513 4822 albo
1537 4769 1651 4822 autem
1673 4770 1707 4822 et
1727 4759 1925 4821 ambulante
1950 4759 2091 4822 homine
2118 4781 2187 4822 uon
2213 4759 2249 4822 tit
2274 4780 2395 4838 unum;
2414 4781 2521 4843 quare

1044 4896 1111 4941 nec
1136 4876 1163 4938 si
1189 4875 1317 4959 aliquid
1343 4896 1449 4938 unum
1475 4895 1516 4938 ex
1541 4873 1595 4938 liis
1620 4874 1764 4938 affirmet
1789 4873 1921 4957 aliquis,
1947 4873 2009 4938 erit
2036 4874 2216 4938 affirmatio
2242 4897 2310 4938 una
2335 4886 2369 4940 et
2393 4886 2519 4955 cetera,

1044 5031 1084 5037 -—
1111 5002 1294 5076 propterea
1328 5011 1405 5055 cum
1440 4991 1634 5054 secundum
1660 4990 1817 5053 dicentes
1842 4990 1936 5072 quod
1962 5010 2039 5053 esse
2070 5001 2123 5054 65(
2156 4990 2248 5053 aliud
2278 4993 2322 5054 ab
2357 4990 2519 5069 essentia,

1043 5107 1185 5172 materia
1220 5127 1309 5191 quae
1334 5116 1387 5170 est
1411 5105 1445 5169 iu
1470 5105 1630 5190 potentia*
1650 5106 1694 5168 ad
1719 5106 1874 5183 t'oriuaru,
1900 5126 1941 5168 ex
1974 5105 2084 5169 forma
2120 5118 2355 5188 consequatur
2380 5106 2519 5190 aliquod

1044 5244 1123 5288 esse
1148 5233 1181 5288 et
1205 5222 1281 5307 ipsa
1305 5220 1445 5286 materia
1471 5220 1625 5285 similiter
1648 5243 1726 5285 curu
1753 5220 1861 5284 forma
1887 5232 1938 5285 65(
1963 5221 2118 5305 potentia
2143 5221 2245 5284 etiam
2271 5222 2314 5284 ad
2340 5222 2518 5305 quoddam

1045 5360 1123 5404 esse
1142 5339 1237 5423 quod
1255 5337 1379 5403 dicitur
1396 5334 1608 5415 existentiae,
1627 5336 1655 5400 si
1673 5337 1718 5400 ita
1736 5335 1789 5415 sit,
1808 5348 1844 5400 ut
1862 5336 1914 5400 isti
1933 5337 2106 5409 (11666,-
2125 5347 2208 5400 tunc
2226 5336 2421 5402 subiectum
2440 5359 2519 5402 cunr

1044 5476 1109 5520 suo
1135 5465 1215 5520 actu
1240 5452 1468 5538 quantitativo
1493 5452 1565 5517 sive
1590 5472 1812 5535 (quocumque
1837 5452 1905 5515 alio
1930 5452 2146 5530 accidentali,
2173 5474 2250 5516 cum
2276 5451 2319 5517 sit
2340 5454 2518 5536 quoddam

1133 5902 1171 5963 (1)
1201 5898 1420 5954 Aristotelis
1450 5897 1493 5950 De
1521 5897 1768 5968 tuterpurua'uu·
1796 5916 1820 5951 c.
1844 5902 1869 5951 ll
1898 5899 1943 5967 [al.
1964 5899 1981 5952 l.
2002 5899 2038 5963 ll,
2058 5918 2083 5953 c.
2102 5901 2128 5968 ὃ]
2158 5903 2197 5969 (p.
2217 5902 2280 5951 20⁴1:
2306 5902 2343 5957 Τὸ
2361 5900 2432 5954 tta
2451 5901 2519 5954 κατὰ

1041 5988 1149 6040 πολλῶν
1168 5985 1184 6051 ii,
1202 5987 1290 6039 nollit
1308 5981 1365 6037 καθ’
1385 5975 1441 6044 iii:
1459 5982 1606 6053 zaza-ptiust
1624 5983 1640 6048 l,
1659 5982 1801 6055 &aopi-tat,
1822 5983 1867 6037 {io
1886 5985 1921 6050 ul,
1936 5984 1961 6037 ’ἐν
1974 6004 1997 6037 τι
2015 5983 2032 6052 ᾖ
2051 5986 2081 6038 τὸ
2098 5984 2127 6038 ἐν.
2146 5990 2197 6036 ’.ὠν
2215 5986 2324 6037 πολλῶν
2344 5985 2516 6050 δηλοῦμενον,

1041 6066 1091 6125 οὖν.
1110 6064 1163 6122 ἔστι
1181 6067 1326 6140 κατάφασις
1346 6067 1392 6133 μία
1411 6063 1470 6118 oid}
1489 6065 1628 6136 ἀπόφασις.
