6700 7992
1072 1442 1125 1497 218
1437 1441 1631 1498 MAGISTRI
1661 1441 1883 1498 GODEFRIDI
1910 1442 1963 1497 DE
1991 1440 2191 1499 FONTIBUS

1652 1891 1895 1976 QUAESTIO
1920 1894 1962 1957 X.

1187 2119 1329 2196 Utrum
1354 2119 1497 2193 'doctor
1525 2119 1565 2193 in
1596 2117 1793 2219 ilroologio
1816 2117 1946 2217 possit
1973 2117 2241 2194 iloierrninore
2270 2144 2316 2194 eo
2346 2145 2450 2222 qrioe

1499 2252 1553 2326 od
1580 2251 1709 2326 solum
1735 2259 1893 2352 popum
1916 2252 2129 2351 portinent.

1163 2554 1300 2620 Deinde
1325 2554 1417 2620 circa
1441 2555 1511 2620 hoc
1536 2557 1768 2639 quaerebatur
1791 2577 1898 2619 unum
1928 2577 1970 2620 ex
1998 2565 2095 2640 parte
2120 2556 2303 2623 doctorum
2331 2554 2553 2644 theologicae

1073 2670 1246 2736 facultatis
1285 2670 1487 2736 habentium
1534 2670 1774 2737 auctoritatem
1814 2670 1965 2736 docendi
2011 2670 2145 2736 ratione
2191 2670 2295 2736 officii
2334 2670 2552 2759 magistralis,

1075 2785 1237 2852 videlicet
1261 2797 1374 2850 utrum
1395 2785 1518 2871 aliquis
1536 2787 1661 2851 doctor
1677 2786 1712 2851 in
1737 2786 1914 2874 theologia
1940 2786 2051 2872 possit
2075 2786 2111 2851 in
2135 2788 2300 2852 cathedra
2325 2786 2554 2853 determinare

1075 2923 1117 2968 ea
1140 2923 1231 2986 quae
1259 2903 1302 2966 ad
1329 2902 1441 2966 solum
1469 2924 1597 2987 papam
1626 2902 1810 2988 pertinent,
1840 2902 1913 2968 sive
1941 2903 2053 2987 possit
2082 2902 2311 2969 determinare
2336 2914 2370 2969 et
2397 2924 2554 2970 asserere

1075 3019 1216 3083 alteram
1251 3029 1384 3102 partem
1409 3017 1443 3081 in
1468 3017 1583 3082 dubiis
1608 3040 1698 3103 quae
1722 3017 1802 3083 oriri
1838 3028 1987 3103 possunt
2018 3018 2054 3083 in
2083 3018 2137 3083 his
2173 3040 2263 3103 quae
2296 3040 2316 3083 a
2349 3019 2425 3084 solo
2461 3040 2554 3104 papa

1076 3144 1157 3198 sunt
1182 3133 1324 3199 condita
1359 3134 1414 3199 vel
1450 3143 1587 3198 statuta.
1623 3133 1666 3198 Et
1698 3136 1909 3222 arguebatur
1944 3133 2038 3219 quod
2073 3133 2238 3223 magister
2262 3145 2296 3200 et
2331 3145 2456 3215 cetera,
2481 3156 2553 3199 non

1075 3248 1186 3333 possit
1211 3261 1244 3314 et
1278 3260 1404 3327 cetera,
1441 3248 1521 3333 quia
1554 3248 1652 3314 cuius
1684 3271 1756 3314 non
1787 3259 1840 3315 est
1871 3249 2001 3335 aliquid
2031 3249 2257 3335 interpretari,
2290 3249 2365 3316 eius
2394 3272 2464 3316 non
2502 3260 2554 3316 est

1075 3364 1158 3430 illud
1194 3365 1432 3444 determinare,
1469 3364 1549 3449 quia
1585 3365 1698 3430 omnis
1733 3365 1843 3430 oratio
1883 3365 2059 3432 definitiva
2094 3365 2168 3432 sive
2203 3365 2466 3432 determinativa
2501 3377 2554 3433 est

1076 3480 1343 3567 interpretativa,
1383 3482 1445 3545 sed
1485 3503 1557 3545 non
1597 3502 1616 3545 e
1654 3502 1828 3546 converso
1867 3482 2062 3547 secundum
2096 3481 2257 3547 Boetium
2272 3484 2328 3563 (1).
2366 3481 2438 3548 Sed
2473 3481 2554 3547 talia

1076 3618 1210 3683 quaea
1244 3597 1319 3661 solo
1352 3618 1445 3682 papa
1479 3607 1560 3661 sunt
1584 3597 1735 3677 condita,
1769 3599 1813 3662 ab
1844 3597 1923 3683 ipso
1948 3599 2024 3662 solo
2057 3598 2188 3663 habent
2218 3597 2444 3683 interpretari,
2469 3619 2554 3685 ergo

1076 3724 1110 3780 et
1133 3712 1362 3778 determinari.

1165 3829 1305 3894 Contra.
1331 3829 1388 3893 Ad
1412 3827 1580 3894 rationem
1616 3830 1766 3914 pertinet
1801 3829 1974 3914 inquirere
2007 3830 2051 3895 de
2077 3829 2201 3909 dubiis,
2235 3839 2269 3894 et
2302 3830 2345 3894 de
2376 3829 2441 3894 illis
2474 3840 2555 3915 post

1076 3943 1336 4030 inquisitionem
1361 3943 1514 4010 iudicare
1548 3955 1581 4010 et
1606 3945 1845 4011 determinare.
1872 3946 1944 4011 Sed
1968 3966 2010 4011 ea
2034 3966 2124 4030 quae
2149 3945 2290 4011 condita
2314 3956 2395 4011 sunt
2419 3967 2439 4010 a
2463 3967 2555 4031 papa

1076 4071 1225 4147 possunt
1254 4081 1333 4126 esse
1357 4060 1472 4125 dubia.
1504 4061 1599 4148 Ergo
1624 4062 1668 4127 de
1699 4060 1764 4126 illis
1792 4061 1934 4147 sapiens
1959 4061 2148 4147 praecipue
2172 4059 2414 4127 ratiocinando
2439 4072 2556 4146 potest

1076 4175 1250 4261 inquirere
1289 4188 1323 4242 et
1362 4176 1602 4242 determinare.
1642 4177 1714 4243 Sed
1754 4178 1878 4243 doctor
1916 4177 1951 4242 in
1990 4177 2166 4264 theologia
2206 4178 2310 4243 debet
2350 4197 2428 4242 esse
2468 4176 2556 4243 inter

1077 4291 1164 4358 alios
1189 4292 1233 4358 de
1257 4313 1402 4358 numero
1427 4291 1633 4378 sapientum.
1658 4293 1754 4380 Ergo
1779 4304 1813 4358 et
1837 4303 1963 4359 cetera.

1165 4407 1365 4493 Responsio
1389 4407 1423 4473 in
1448 4408 1536 4474 libro
1560 4408 1725 4497 magistri.

1664 4821 1906 4905 Qunusrro
1932 4822 1978 4885 xi

1727 5004 1910 5073 (LONGAJ.

1299 5217 1441 5293 Uirum
1470 5214 1588 5290 lioeoi
1615 5214 1795 5290 decimos
1821 5216 1989 5291 vendere
2018 5216 2157 5291 corius
2187 5214 2342 5291 ratione

1568 5348 1779 5424 solutionis
1807 5348 2065 5451 differendae.

1102 5714 1108 5723 ,
1167 5651 1305 5718 Deinde
1337 5650 1428 5717 circa
1465 5661 1563 5718 actus
1598 5671 1803 5717 communes
1843 5652 2101 5737 quaerebantur
2132 5653 2214 5731 duc,
2246 5673 2355 5716 unum
2387 5662 2553 5737 quantum

1079 5769 1123 5833 ad
1158 5777 1272 5833 actum
1308 5766 1527 5847 venditionis
1568 5765 1729 5832 videlicet
1767 5778 1881 5833 utrum
1918 5766 2020 5832 liceat
2059 5766 2212 5833 decimas
2251 5768 2404 5833 vendere
2443 5766 2556 5833 carius

1169 6060 1207 6133 (1)
1228 6060 1288 6116 Cir.
1308 6059 1472 6129 Boetius»,
1490 6060 1535 6115 De
1548 6059 1795 6145 interpretatione
1813 6078 1926 6129 comm,
1939 6060 1956 6113 l.
1971 6060 1984 6114 Ι
1997 6061 2041 6129 (Ρ.
2055 6060 2155 6129 L.,vol.
2170 6062 2214 6127 ol,
2227 6060 2282 6116 col.
2296 6062 2349 6115 ‘295
2362 6068 2393 6117 et
2405 6062 2458 6117 394
2472 6063 2557 6143 sqq).
