6700 7992
1343 1455 1561 1512 SECUNDUM
1589 1456 1890 1528 QUODLlBETUM,
1918 1456 1954 1526 Q.
1984 1456 1996 1509 l
2376 1447 2410 1509 47

933 1637 1106 1703 redundet
1130 1635 1259 1720 aliquid
1283 1635 1415 1723 gloriae
1432 1635 1467 1700 in
1492 1635 1641 1700 animam
1666 1634 1768 1714 beati,
1794 1635 1874 1719 quia
1898 1646 2014 1700 tamen
2038 1655 2106 1699 nec
2130 1633 2245 1699 anima
2268 1636 2410 1700 modum

934 1752 1075 1818 videndi
1104 1773 1175 1837 quo
1199 1751 1293 1816 videt
1318 1752 1432 1817 Deum
1460 1753 1593 1836 absque
1625 1753 1869 1837 phantasmate
1899 1771 1966 1815 nec
1998 1749 2101 1815 etiam
2135 1749 2281 1837 gloriam
2306 1773 2410 1835 quam

933 1879 1015 1935 nata
1035 1869 1244 1946 esthabere,
1269 1879 1386 1952 potest
1408 1867 1455 1932 ita
1476 1868 1630 1952 perfecte
1654 1867 1785 1932 habere
1805 1866 1923 1931 sinon
1947 1868 2075 1931 habeat
2098 1867 2253 1950 perfecte
2271 1888 2410 1932 omnem

933 1985 1075 2050 modum
1100 1993 1245 2048 naturae
1267 2005 1352 2048 suae
1376 1982 1466 2048 sicut
1490 1982 1518 2046 si
1542 1985 1611 2048 hoc
1634 1984 1763 2047 habeat
1780 1986 1925 2066 (quanto
1951 1982 2042 2047 enim
2067 1981 2197 2066 aliquid
2222 1982 2410 2067 perfectius

933 2101 1062 2165 habeat
1085 2100 1227 2165 modum
1252 2110 1396 2164 naturae
1421 2120 1505 2163 suae
1529 2109 1625 2163 tanto
1654 2098 1843 2183 perfectius
1868 2108 1984 2182 potest
2011 2099 2141 2163 habere
2170 2098 2410 2184 operationem

932 2215 997 2281 sibi
1026 2214 1323 2294 convenientem;
1359 2214 1474 2279 anima
1502 2226 1617 2280 autem
1646 2235 1719 2279 non
1748 2226 1800 2279 est
1829 2236 1892 2279 ens
1927 2215 2120 2280 secundum
2150 2236 2188 2279 se
2216 2214 2409 2300 perfectum

933 2331 1076 2397 omnino
1116 2341 1150 2396 et
1188 2351 1327 2395 omnem
1367 2331 1509 2394 modum
1548 2329 1774 2415 perfectionis
1809 2351 1893 2395 suae
1933 2330 2098 2395 naturalis
2138 2330 2332 2396 secundum
2372 2352 2410 2396 se

933 2448 1078 2526 habenS,
1108 2445 1187 2530 quia
1224 2457 1278 2510 est
1313 2467 1393 2531 pars
1424 2456 1567 2511 naturae
1599 2445 1815 2531 compositae
1844 2468 1886 2510 ex
1914 2445 2029 2510 anima
2067 2456 2100 2511 et
2132 2466 2301 2531 corpore3
2327 2468 2410 2511 una·

933 2584 1093 2648 quaeque
1117 2583 1196 2647 pars
1225 2573 1341 2627 autem
1362 2563 1371 2597 ¹
1398 2563 1505 2627 habet
1528 2561 1716 2646 perfectius
1744 2583 1824 2627 esse
1850 2562 1885 2626 in
1911 2573 1984 2627 toto
2013 2584 2116 2646 quam
2141 2562 2336 2627 secundum
2361 2583 2410 2643 se,

836 2700 837 2704 ¹
933 2679 1014 2763 quia
1045 2677 1179 2744 etiam⁹
1209 2688 1319 2743 totum
1348 2689 1401 2743 est
1429 2678 1607 2762 quoddam
1635 2700 1700 2743 ens
1728 2688 1808 2743 actu
1835 2678 2028 2763 perfectum
2057 2700 2099 2744 ex
2127 2677 2283 2764 partibus
2311 2678 2411 2762 quasi

931 2793 1144 2880 imperfectis
1169 2795 1274 2859 rebus
1299 2793 1551 2877 constitutum),
1580 2833 1616 2841 -
1644 2805 1678 2859 et
1701 2793 1782 2859 ideo
1808 2793 2049 2879 operationem
2076 2793 2188 2880 ipsam
2216 2793 2410 2859 secundum

932 2931 1036 2995 quam
1067 2920 1121 2975 est
1150 2911 1254 2974 beata
1282 2920 1315 2974 et
1342 2908 1454 2995 ipsam
1487 2908 1633 2996 gloriam
1661 2931 1730 2994 qua
1758 2911 1802 2974 ad
1830 2911 1923 2974 hanc
1951 2909 2191 2995 operationem
2219 2910 2410 2996 perfectam

932 3026 1088 3092 elevatur
1115 3024 1200 3091 vel³
1227 3025 1423 3111 disponitur
1451 3025 1638 3110 perfectius
1666 3027 1773 3090 habet
1798 3025 1895 3090 unita
1923 3025 2061 3111 corpori
2086 3047 2189 3110 quam
2214 3027 2409 3091 secundum

931 3141 1001 3207 se⁴
1039 3152 1199 3228 separata
1231 3141 1404 3219 existens3
1445 3152 1479 3207 et
1516 3141 1596 3206 licet
1637 3152 1798 3207 neutrum
1837 3140 1993 3207 horum⁶
2028 3142 2157 3207 habeat
2195 3141 2327 3207 directe
2368 3163 2411 3207 ex

931 3278 1090 3343 corpore,
1115 3259 1184 3323 hoc
1207 3268 1324 3322 tamen
1349 3258 1454 3322 habet
1479 3257 1514 3321 in
1538 3257 1616 3342 ipso
1641 3278 1788 3342 corpore
1809 3269 1843 3323 et
1866 3269 1991 3323 cetera.

1021 3374 1100 3440 Hoc
1117 3373 1243 3439 etiam⁶
1259 3384 1311 3438 est
1328 3385 1450 3439 contra
1465 3371 1703 3462 Augustinum
1717 3375 1764 3457 (l)
1782 3373 1993 3439 duodecimo
2011 3394 2116 3459 super
2132 3373 2300 3439 Genesim
2317 3373 2410 3460 capi·

931 3491 1014 3568 tul0,
1032 3489 1143 3575 primo
1164 3489 1223 3574 qui
1243 3501 1430 3575 postquam
1455 3488 1627 3573 quaesivit
1651 3489 1734 3573 quid
1760 3511 1850 3575 opus
1870 3489 1914 3554 sit
1938 3487 2141 3575 spiritibus⁷
2165 3490 2410 3555 defunctorum

838 3582 841 3587 Δ
931 3627 1080 3691 corpora
1104 3627 1168 3670 sua
1192 3605 1226 3670 in
1251 3604 1506 3671 resurrectione
1530 3605 1697 3691 recipere,
1723 3605 1751 3670 si
1776 3615 1891 3690 potest
1915 3605 1965 3670 eis
1990 3605 2092 3670 etiam
2109 3605 2186 3671 sine
2203 3605 2409 3691 corporibus

931 3741 1066 3785 summa
1081 3720 1138 3785 illa
1154 3720 1334 3787 beatitudo
1358 3720 1529 3806 praeberi,
1553 3720 1746 3805 respondet
1769 3719 1913 3786 dicens:
1938 3720 2079 3785 minime
2104 3719 2276 3785 dubium⁸
2299 3731 2352 3787 est
2375 3732 2410 3787 et

931 3848 1064 3922 raptam
1089 3835 1240 3902 hominis
1265 3848 1416 3902 mentem
1432 3835 1444 3870 ⁹
1467 3858 1487 3901 a
1511 3837 1626 3901 carnis
1644 3835 1807 3902 sensibus
1825 3847 1859 3902 et
1875 3847 1955 3922 post
1970 3847 2116 3902 mortem
2133 3836 2245 3922 ipsam
2263 3835 2288 3871 ¹⁰
2303 3857 2410 3902 came

931 3951 1092 4038 deposita
1109 3953 1142 4031 ¹¹,
1171 3953 1383 4018 transcensis
1412 3952 1515 4018 etiam
1539 3951 1820 4017 similitudinibus
1845 3952 2088 4038 corporalium,
2117 3975 2189 4018 non
2217 3952 2268 4018 sic
2291 3951 2410 4019 videre

911 4086 912 4090 ’
930 4090 1037 4154 posse
1054 4068 1373 4134 incommutabilem
1391 4069 1620 4134 substantiam
1637 4079 1675 4133 ut
1691 4068 1803 4134 sancti
1828 4068 1944 4156 angeli
1967 4067 2098 4149 vident,
2115 4069 2189 4135 sive
2213 4069 2280 4134 alia
2303 4069 2410 4135 laten·

929 4183 1016 4249 tiore
1045 4205 1163 4264 causa,
1192 4185 1265 4249 sive
1294 4184 1374 4250 ideo
1407 4185 1487 4269 quia
1517 4184 1609 4250 inest
1640 4184 1672 4250 ei
1703 4184 1843 4268 quidam
1876 4184 2051 4270 appetitus
2083 4185 2248 4250 naturalis
2280 4206 2409 4270 corpus

931 4299 1195 4365 administrandi
1220 4323 1290 4384 quo
1315 4300 1472 4386 appetitu
1496 4301 1690 4365 retardatur
1706 4299 1731 4335 ¹²
1759 4301 2021 4385 quodammodo
2045 4323 2091 4367 ne
2115 4312 2188 4366 tota
2215 4301 2409 4367 intentione

929 4427 1053 4504 pergat
1068 4416 1103 4480 in
1121 4415 1204 4481 illud
1228 4417 1362 4481 caelum
1387 4438 1558 4480 summum
1590 4415 1757 4500 quamdiu
1781 4438 1853 4480 non
1878 4418 2000 4481 subest
2024 4437 2152 4502 corpus
2177 4417 2277 4482 cuius
2303 4395 2409 4482 admi-

930 4532 1134 4597 nistratione
1166 4532 1341 4619 appetitus
1376 4532 1431 4597 ille
1464 4532 1692 4616 conquiescat
1709 4532 1742 4595 ¹³.
1775 4532 1818 4597 Et
1851 4532 1940 4596 infra
1972 4534 2141 4612 secund0,
2174 4533 2327 4618 capitulo
2340 4536 2408 4617 (2):

929 4647 1077 4733 proinde
1104 4669 1183 4713 cum
1213 4669 1341 4734 corpus
1369 4670 1441 4713 non
1469 4648 1538 4713 iam
1565 4649 1714 4714 animale
1743 4650 1806 4714 sed
1834 4670 1896 4733 per
1922 4648 2073 4713 futuram
2101 4647 2409 4714 commutationem

930 4763 1083 4849 spiritale
1118 4764 1297 4850 receperit,
1334 4764 1467 4852 angelis
1503 4765 1699 4848 adaequata
1734 4764 1926 4849 perfectum
1961 4763 2104 4829 habebit
2138 4774 2282 4830 naturae
2325 4785 2410 4829 suae

929 4880 1082 4960 modum,
1101 4880 1295 4946 oboediens
1312 4891 1346 4945 et
1370 4881 1555 4966 imperanS,
1574 4879 1747 4945 vivificata
1772 4891 1806 4945 et
1828 4879 2010 4945 vivificans
2034 4901 2113 4945 cum
2138 4880 2304 4946 ineffabili
2328 4880 2409 4947 faci-

928 4995 1023 5062 litate
1040 5007 1077 5061 ut
1100 4996 1144 5062 sit
1168 4997 1199 5062 ei
1215 4996 1348 5085 gloriae
1365 4997 1461 5082 quod
1481 4996 1639 5063 sarcinae
1659 4996 1733 5061 fuit.

1018 5111 1068 5177 Ex
1087 5113 1267 5198 praedicta
1285 5134 1370 5201 ergo
1387 5113 1520 5178 ratione
1538 5125 1572 5178 et
1588 5135 1631 5179 ex
1647 5115 1714 5177 hac
1731 5113 1920 5201 Augustini
1938 5113 2143 5178 auctoritate
2159 5114 2251 5179 bene
2269 5114 2408 5180 conclu-

928 5227 1016 5293 dunt
1050 5228 1190 5314 quidam
1222 5229 1257 5294 in
1289 5228 1426 5315 scriptis
1454 5229 1537 5308 suis,
1566 5241 1670 5315 prout
1697 5229 1800 5294 etiam
1832 5229 2062 5295 communiter
2075 5232 2122 5314 (3)
2152 5229 2286 5309 dicitur,
2315 5230 2409 5314 quod

927 5343 1107 5429 loquendo
1135 5345 1343 5432 generaliter
1370 5346 1414 5410 de
1442 5345 1557 5409 anima
1585 5344 1771 5410 cuiuslibet
1798 5345 1949 5410 hominis
1977 5347 2023 5410 ad
2053 5347 2123 5411 hoc
2154 5346 2250 5430 quod
2281 5346 2410 5411 habeat

1020 5629 1190 5682 ¹0m.P.—
1210 5630 1358 5683 ¹etV.—
1378 5630 1662 5684 'etP.—⁴om.P.
1679 5631 1856 5683 -⁵eorum
1877 5629 1952 5682 P.—
1969 5628 2093 5684 ⁸0m.P.
2113 5659 2146 5667 -
2168 5627 2408 5699 'spiritumPV.

928 5749 961 5756 —
976 5717 1165 5772 ‘hominibus
1178 5718 1247 5772 add.
1261 5718 1291 5771 P.
1312 5720 1370 5756 ——0
1388 5717 1514 5771 bominis
1527 5719 1666 5786 mentem]
1687 5725 1814 5770 mentem
1829 5716 1954 5771 hominis
1967 5716 1998 5768 P.
2013 5747 2045 5755 -
2062 5718 2083 5748 ¹⁰
2096 5716 2175 5770 illam
2189 5716 2220 5770 P.
2235 5749 2267 5755 -
2285 5718 2304 5748 ¹¹
2317 5716 2409 5788 depo·

927 5803 1014 5858 sitam
1028 5804 1059 5858 P.
1074 5837 1107 5843 -
1124 5805 1144 5836 ¹³
1155 5804 1296 5859 reddatur
1309 5806 1340 5859 P.
1355 5838 1388 5845 —
1403 5806 1424 5837 ¹⁸
1438 5807 1577 5877 quamdiu
1591 5838 1624 5845 —
1638 5805 1840 5876 conquiescat]
1855 5822 1910 5858 om.
1925 5805 1955 5858 P.

1018 5985 1057 6049 ll)
1071 5983 1263 6056 Augustini
1277 5984 1322 6036 De
1337 5983 1454 6067 Genesi,
1467 5985 1485 6038 l.
1499 5984 1563 6050 Xll,
1578 6002 1602 6037 c.
1617 5982 1708 6056 352OE.
1723 5984 1763 6050 L,
1777 5984 1834 6038 vol.
1847 5987 1891 6050 34,
1905 5984 1960 6037 col.
1973 5987 2048 6050 483).
2062 6015 2095 6022 —
2110 5987 2149 6049 (2)
2165 5982 2240 6036 [bid.
2252 5983 2319 6048 (col.
2333 5985 2408 6050 484).

928 6102 962 6134 ε-
976 6073 1016 6138 (3)
1030 6069 1076 6126 Cf.
1088 6071 1240 6126 Thomas
1253 6071 1427 6143 Aquinas,
1442 6071 1569 6126 Summa
1587 6072 1691 6138 Theoi,
1706 6075 1737 6125 1ι
1749 6075 1806 6138 2²0,
1820 6089 1846 6142 q.
1861 6070 1909 6138 IV,
1922 6074 1948 6139 5,
1962 6070 1992 6124 in
2005 6088 2086 6142 corp.
2099 6080 2129 6125 et
2143 6070 2180 6124 ad
2194 6073 2243 6124 5¹¹¹.
