6700 7992
1096 1441 1150 1491 346
1454 1439 1646 1495 tlnclsTm
1684 1441 1905 1498 GODEFRlDl
1933 1441 1985 1495 DE
2014 1440 2211 1497 FONTlBUS

1186 1616 1234 1671 Ad
1264 1616 1407 1672 rationem
1432 1619 1462 1672 in
1493 1619 1662 1690 oppositum
1687 1619 1850 1674 dicendum
1881 1618 1961 1691 quod
1992 1619 2062 1674 licet
2093 1619 2235 1674 diminute
2266 1619 2356 1675 faciat
2386 1619 2430 1674 sic
2461 1619 2573 1675 intrans

1085 1721 1237 1784 'quantum
1265 1712 1304 1768 ad
1334 1713 1429 1769 illud¹
1457 1714 1537 1786 quod
1564 1714 1729 1786 proposuit,
1756 1732 1815 1769 non
1843 1723 1941 1770 tamen
1969 1714 2111 1770 diminute
2139 1714 2212 1771 facit
2239 1724 2380 1787 quantum
2410 1715 2448 1771 ad
2481 1716 2577 1772 illud¹

1088 1809 1177 1881 'quod
1196 1810 1287 1875 vovit,
1306 1810 1375 1882 quia
1394 1811 1513 1864 totum¹
1533 1807 1613 1882 quod
1633 1810 1715 1865 vovit
1733 1809 1859 1883 implet¹
1878 1818 1908 1865 et
1927 1810 1996 1865 ideo
2015 1810 2156 1866 liberatur
2175 1828 2192 1865 a
2211 1820 2282 1866 roto
2297 1814 2315 1867 ¹.

1622 2217 1888 2288 Quassmo
1920 2217 2053 2272 xvim

1756 2375 1918 2432 imvm).

1184 2565 1293 2620 Utrum
1313 2565 1345 2619 in
1364 2564 1490 2622 solemni
1506 2568 1573 2618 volo
1590 2564 1791 2619 continentiae
1806 2566 1901 2636 possit
1919 2565 1962 2619 sic
1980 2564 2151 2636 disperwuri
2169 2565 2247 2636 quod
2265 2565 2415 2636 obligatus
2434 2565 2492 2619 rati

1321 2667 1387 2715 voto
1400 2661 1498 2733 possit
1511 2666 1569 2733 per
1588 2661 1838 2732 dispensationem
1858 2661 2032 2715 contrahere
2051 2660 2281 2715 matrimonium
2294 2665 2344 2728 (1).

1185 2928 1232 2982 Ad
1263 2928 1424 2983 secundum
1452 2928 1496 2982 sic
1523 2927 1702 3000 proceditur,
1730 2936 1761 2982 et
1788 2927 1920 2999 arguitur
1947 2928 2026 2999 quod
2058 2929 2087 2982 in
2117 2928 2242 2983 solemni
2271 2937 2341 2982 voto
2373 2928 2574 2983 continentiae

1094 3043 1154 3080 non
1179 3024 1274 3097 possit
1299 3024 1472 3096 dispensari,
1491 3025 1560 3095 quia
1591 3024 1680 3078 Extra
1708 3024 1746 3079 de
1773 3033 1851 3078 statu
1879 3027 2087 3079 monachorum
2102 3028 2152 3092 (2),
2179 3024 2286 3079 dicitur
2315 3024 2395 3095 quod
2422 3023 2573 3079 abdicatio

1095 3120 1285 3193 proprietatis
1309 3120 1385 3175 sicut
1409 3128 1439 3174 et
1462 3119 1597 3175 custodia
1617 3119 1769 3186 castitatis,
1789 3120 1865 3174 adeo
1890 3130 1936 3175 est
1960 3138 2075 3174 annexa
2094 3120 2215 3192 regulae
2234 3119 2400 3175 monachali
2419 3128 2574 3175 utcontra

1095 3234 1161 3271 eam
1180 3217 1260 3271 nec¹
1278 3233 1408 3270 summus
1427 3215 1585 3288 pontifex¹
1604 3224 1703 3287 potest
1721 3215 1869 3271 licentiam
1890 3216 2051 3288 indulgere.

1185 3313 1303 3367 Contra.
1323 3312 1405 3385 Papa
1428 3311 1579 3384 dispensat
1598 3310 1627 3364 in
1650 3319 1721 3366 voto
1744 3311 1952 3366 oboedientiae
1972 3311 2090 3384 quando
2110 3311 2181 3367 facit
2200 3311 2370 3383 religiosum
2390 3311 2574 3384 episcopum,

1095 3408 1164 3480 quia
1188 3417 1257 3462 tunc
1283 3407 1446 3462 absolvitur
1465 3408 1502 3462 ab
1528 3406 1718 3461 oboedientia
1738 3407 1854 3462 abbatis
1873 3408 1920 3462 vel
1946 3407 2060 3480 prioris.
2080 3408 2140 3462 Sed
2159 3415 2260 3463 votum
2285 3406 2494 3462 oboedientiae
2513 3424 2572 3462 non

1095 3511 1141 3558 est
1159 3503 1255 3558 minus
1274 3505 1369 3559 voto¹
1388 3502 1594 3558 continentiae.
1613 3503 1692 3575 Ergo
1712 3510 1742 3556 et
1761 3511 1868 3557 cetera.

1183 3599 1362 3671 Respondeo
1395 3598 1550 3654 dicendum
1582 3597 1756 3670 simpliciter
1784 3598 1863 3669 quod
1888 3599 1926 3653 ad
1951 3598 2169 3653 reformandum
2194 3616 2299 3670 pacem
2326 3599 2386 3652 ubi
2407 3598 2573 3653 immineret

1094 3694 1256 3766 periculum
1276 3702 1306 3749 et
1324 3695 1532 3767 perturbatio¹
1550 3694 1703 3749 Ecclesiae
1728 3694 1775 3748 vel
1802 3694 1830 3747 in
1856 3693 1954 3764 aliquo
1980 3693 2031 3748 tali
2057 3711 2136 3761 casu,
2155 3703 2255 3767 potest
2281 3693 2447 3766 dispensari
2472 3695 2501 3748 in
2521 3693 2572 3749 tali

1094 3798 1173 3845 vot0.
1193 3791 1230 3845 Et
1252 3791 1309 3844 hoc
1325 3792 1345 3822 ¹⁰
1364 3790 1527 3845 ostenditur
1549 3789 1601 3844 tali
1623 3789 1744 3844 ratione.
1765 3789 1842 3860 Quia
1867 3789 1891 3843 si
1916 3807 1975 3843 non
2001 3799 2103 3861 posset
2122 3789 2286 3862 dispensari
2306 3788 2334 3842 in
2356 3789 2408 3843 tali
2427 3798 2509 3854 vot0,
2522 3796 2572 3843 aut

1093 3886 1151 3941 hoc
1176 3894 1221 3940 est
1246 3893 1368 3958 propter
1392 3887 1449 3940 hoc
1474 3886 1554 3957 quod
1578 3903 1638 3940 non
1662 3894 1761 3957 potest
1788 3885 2007 3957 recompensari
2032 3902 2084 3957 per
2111 3902 2205 3957 aeque
2237 3886 2347 3940 bonum
2379 3885 2426 3939 vel
2457 3885 2571 3951 melius,

1094 3989 1144 4036 aut
1163 3989 1284 4053 propter
1302 3990 1403 4035 votum
1430 3989 1479 4036 aut
1504 3989 1624 4053 propter
1649 3981 1864 4036 solemnitatem
1884 3980 1954 4036 voti.
1974 3981 2035 4035 Sed
2060 3981 2170 4035 nullum
2195 3981 2318 4036 istorum
2338 3979 2470 4053 impedit.
2489 3982 2569 4054 Ergo

1094 4085 1124 4132 et
1142 4085 1250 4132 cetera.
1269 4076 1362 4131 Maior
1381 4084 1481 4148 patet;
1501 4076 1596 4131 minor
1614 4077 1757 4149 probatur
1775 4085 1914 4148 quantum
1934 4076 1972 4130 ad
1991 4076 2046 4130 tria
2066 4094 2142 4148 quae
2161 4076 2253 4149 ponit.

1181 4174 1218 4227 Et
1237 4172 1331 4244 primo
1358 4173 1437 4245 quod
1456 4190 1514 4227 non
1534 4172 1693 4244 impeditur
1712 4171 1894 4245 dispensatio
1920 4172 1949 4226 in
1975 4173 2026 4226 tali
2048 4180 2126 4240 voto,
2146 4172 2214 4244 quia
2233 4190 2292 4226 non
2311 4172 2406 4243 possit
2421 4174 2439 4205 ¹¹
2459 4189 2571 4226 recom-

1091 4269 1209 4341 pensari
1228 4286 1394 4341 peraeque
1414 4269 1523 4322 bonum
1543 4268 1590 4322 vel
1614 4268 1717 4322 maius.
1743 4267 1820 4339 Quia
1845 4267 1998 4339 virginitas
2023 4268 2070 4322 vel
2096 4267 2276 4323 continentia
2301 4267 2482 4322 monachalis
2511 4284 2570 4322 non

1091 4374 1137 4420 est
1162 4365 1200 4420 de
1219 4364 1347 4420 essentia
1372 4364 1488 4419 virtutis
1512 4364 1711 4419 continentiae
1727 4365 1748 4396 ¹²
1776 4373 1916 4435 quantum
1939 4364 1977 4418 ad
2002 4364 2032 4417 id
2054 4363 2133 4435 quod
2157 4363 2286 4435 pertinet
2311 4362 2513 4435 principaliter
2532 4364 2569 4418 ad

1090 4461 1304 4534 perfectionem
1330 4459 1527 4515 necessariam
1553 4459 1632 4514 vitae
1657 4461 1810 4527 humanae,
1830 4460 1882 4515 sed
1902 4469 1947 4515 est
1975 4459 2093 4531 quidam
2121 4459 2232 4531 gradus
2257 4458 2449 4514 accidentalis
2468 4476 2570 4530 super-

1092 4558 1209 4613 additus
1237 4557 1313 4612 sicut
1344 4556 1492 4611 abstinere
1519 4574 1535 4610 a
1567 4555 1705 4610 carnibus
1735 4574 1794 4621 non
1826 4565 1871 4610 est
1902 4556 1939 4609 de
1966 4555 2094 4610 essentia
2123 4555 2187 4609 eius
2217 4555 2247 4609 in
2278 4572 2337 4627 quo
2369 4554 2570 4627 principaliter

1091 4654 1225 4710 consistit
1256 4653 1347 4708 virtus
1379 4653 1583 4720 abstinentiae,
1614 4651 1667 4706 sed
1699 4661 1744 4706 est
1769 4652 1917 4723 quoddam
1950 4651 2133 4707 accidentale
2164 4651 2305 4717 additum,
2336 4660 2458 4722 propter
2490 4650 2569 4722 quod

1091 4751 1254 4806 caelibatus
1291 4748 1429 4803 Iohannis
1444 4750 1464 4781 ¹⁸
1501 4766 1560 4802 non
1591 4747 1755 4820 praefertur
1787 4747 1973 4802 matrimonio
2010 4748 2157 4802 Abrahae.
2189 4747 2249 4802 Sed
2280 4746 2374 4800 vitare
2407 4746 2569 4818 periculum

1091 4845 1257 4900 discordiae
1288 4863 1325 4899 ex
1355 4862 1412 4916 qua
1443 4853 1545 4916 posset
1573 4843 1736 4915 perturbari
1767 4844 1899 4898 Ecclesia
1913 4847 1952 4911 (3)
1986 4852 2015 4898 et
2043 4842 2204 4897 reformare
2230 4860 2334 4915 pacem
2366 4841 2395 4895 in
2427 4842 2478 4897 tali
2498 4859 2568 4897 casu

1091 4951 1136 4997 est
1170 4942 1242 4995 satis
1258 4945 1278 4973 ¹¹
1312 4939 1406 4994 maius
1437 4942 1546 4994 bonum
1580 4957 1666 5010 quam
1684 4941 1704 4972 ¹¹
1734 4939 1805 4994 illud
1834 4939 2018 4994 accidentale
2049 4939 2270 5011 superadditum
2288 4939 2309 4971 ¹¹
2339 4955 2430 5009 super
2459 4939 2568 4993 bonum

1091 5036 1288 5092 continentiae
1326 5035 1497 5107 coniugalis,
1536 5036 1613 5106 Ergo
1651 5043 1750 5106 potest
1788 5036 1846 5089 tale
1868 5037 1889 5068 ¹¹
1920 5035 2103 5090 accidentale
2140 5033 2360 5106 recompensari
2391 5050 2445 5106 per
2475 5033 2569 5088 maius

1090 5134 1198 5188 bonum
1215 5134 1243 5186 ¹⁸.
1269 5132 1382 5186 Bonum
1411 5131 1488 5185 enim
1518 5134 1712 5185 commune¹¹
1739 5130 1844 5185 melius
1870 5139 1915 5185 est
1943 5142 1973 5186 et
2001 5130 2128 5185 (livinius
2157 5148 2243 5202 quam
2272 5131 2381 5184 bonum
2412 5130 2569 5204 singularis

1180 5400 1231 5454 ¹id
1252 5400 1285 5455 C.
1305 5432 1337 5441 —
1358 5400 1411 5455 ¹id
1431 5399 1545 5454 scilicet
1564 5400 1597 5454 C.
1618 5431 1651 5438 -
1670 5400 1795 5453 ¹votum
1816 5398 1849 5452 C.
1869 5429 1902 5439 -
1922 5397 2079 5470 ¹implevit
2099 5397 2131 5453 C.
2153 5430 2185 5437 —
2206 5400 2358 5471 ¹peccato
2372 5397 2406 5453 C.
2420 5431 2453 5439 -
2473 5399 2485 5429 ¹
2503 5415 2567 5453 eam

1088 5492 1153 5559 nec]
1173 5507 1239 5544 eum
1260 5488 1293 5543 C.
1313 5520 1347 5529 —
1368 5490 1448 5543 ¹non
1467 5489 1536 5542 add.
1557 5488 1589 5542 C.
1611 5518 1642 5526 -
1663 5488 1788 5541 ⁸votum
1808 5504 1895 5557 quam
1915 5494 2017 5540 votum
2037 5485 2070 5541 C.
2090 5518 2123 5526 -
2143 5485 2296 5540 ¹turbatio
2317 5485 2349 5541 C.
2370 5519 2403 5526 -
2425 5488 2447 5518 ¹⁰
2459 5503 2515 5540 om.
2534 5484 2567 5540 C.

1088 5610 1122 5618 —
1143 5581 1162 5610 ¹¹
1177 5586 1279 5649 posset
1299 5576 1331 5630 C.
1352 5609 1384 5615 -
1407 5577 1428 5609 ¹¹
1445 5574 1626 5630 monachalis
1647 5606 1679 5613 -
1698 5573 1906 5642 continentiae]
1926 5591 1981 5627 om.
2001 5573 2040 5641 ὃς
2059 5575 2130 5629 add.
2148 5588 2184 5628 aa
2202 5592 2241 5628 m.
2261 5574 2300 5642 S;
2319 5574 2372 5629 sed
2392 5575 2461 5628 add.
2481 5572 2514 5629 C.
2535 5604 2568 5613 —-

1089 5675 1269 5730 ¹¹Iohannes
1288 5674 1322 5729 C.
1341 5705 1375 5714 -
1397 5675 1416 5706 ¹¹
1436 5667 1532 5727 sac‘S.
1553 5704 1585 5711 -
1607 5673 1629 5702 ¹¹¹
1649 5671 1729 5742 quod
1748 5672 1777 5725 S.
1798 5702 1831 5711 -
1854 5672 1874 5702 ¹¹
1893 5669 2024 5724 additum
2044 5670 2077 5725 C.
2098 5702 2131 5711 —
2153 5671 2241 5724 ¹¹om.
2262 5670 2295 5724 C.
2316 5702 2349 5710 -
2371 5671 2460 5723 ¹¹om.
2480 5669 2513 5725 C.
2533 5701 2567 5710 —
2641 5727 2644 5734 ,

1090 5766 1111 5796 ¹¹
1125 5761 1324 5819 continentiae
1343 5760 1399 5815 SC.

1065 6041 1068 6047 Ι
1176 5969 1216 6034 (l)
1236 5964 1296 6020 cfr.
1316 5983 1364 6038 pp.
1384 5968 1510 6020 aee-ml.
1539 5996 1572 6003 -
1602 5967 1641 6030 (2)
1662 5963 1723 6018 Cir.
1742 5980 1771 6034 p.
1792 5965 1853 6029 288,
1872 5980 1899 6016 n.
1920 5965 1969 6029 (l).
1998 5994 2030 6002 —
2061 5965 2101 6030 (3)
2122 5963 2208 6032 Quae
2236 5963 2436 6033 insequuntur
2460 5963 2566 6016 desum

1087 6057 1119 6109 in
1137 6056 1199 6109 cod.
1218 6055 1249 6109 P.
