6700 7992
1190 1438 1406 1501 SECUNDUM
1436 1444 1735 1516 QUODLIBETUM,
1764 1445 1800 1515 Q.
1826 1438 1852 1497 X
2210 1441 2255 1496 lll

782 1624 881 1694 Ordo
906 1648 991 1715 ergo
1016 1625 1221 1705 essentialis
1246 1625 1330 1710 qui¹
1358 1625 1546 1691 attenditur
1573 1627 1768 1692 secundum
1800 1626 1930 1713 gradus
1959 1623 2173 1705 essentiales,
2198 1646 2261 1710 per

782 1765 822 1810 se
844 1742 952 1809 variat
982 1742 1147 1829 speciem,
1182 1752 1216 1806 et
1251 1763 1321 1806 non
1357 1753 1473 1827 potest
1503 1764 1582 1807 esse
1607 1740 1696 1806 inter
1726 1741 1904 1806 individua
1936 1741 2092 1807 eiusdem
2118 1740 2259 1827 speciei,

782 1859 864 1946 quia
899 1858 1107 1945 participant
1138 1859 1286 1923 eandem
1327 1857 1512 1922 essentiam
1549 1857 1583 1922 in
1623 1880 1692 1942 qua
1727 1880 1799 1923 non
1838 1868 1891 1923 est
1931 1857 2090 1943 accipere
2129 1857 2260 1945 gradus

782 1976 979 2042 secundum
1003 1995 1093 2060 quos
1118 1973 1229 2060 possit
1264 1973 1395 2038 attendi
1431 1973 1630 2039 huiusmodi
1666 1975 1754 2038 ordo
1786 1984 1820 2038 et
1852 1973 1962 2061 magis
1995 1985 2029 2039 et
2060 1972 2184 2038 minus,
2222 1971 2260 2038 Si

782 2113 869 2180 ergo
888 2091 933 2157 sit
953 2090 999 2156 ibi
1026 2091 1114 2155 ordo
1144 2100 1177 2156 et
1205 2090 1335 2177 gradus
1352 2089 1546 2154 secundum
1572 2089 1683 2176 magis
1701 2100 1735 2155 et
1760 2089 1884 2169 minus,
1910 2101 2049 2175 oportet
2072 2089 2167 2174 quod
2191 2089 2260 2155 hoc

782 2207 828 2273 sit
851 2228 914 2293 per
936 2206 1077 2291 aliquod
1102 2205 1268 2271 accidens
1293 2217 1326 2270 et
1351 2206 1545 2271 secundum
1571 2205 1744 2270 diversam
1777 2205 2077 2292 participationem
2102 2204 2259 2270 eiusdem

782 2324 916 2389 tonnae
940 2323 1134 2388 secundum
1160 2320 1266 2387 esse²
1300 2320 1503 2407 specificam
1535 2343 1555 2385 a
1590 2321 1761 2386 subiecto.
1788 2321 1825 2387 Si
1859 2343 1944 2409 ergo
1981 2321 2117 2387 colores
2141 2331 2260 2386 essent

782 2438 944 2525 separati,
961 2450 1056 2504 esset
1079 2459 1171 2502 unus
1195 2436 1381 2522 perfectior
1405 2436 1482 2515 alio,
1501 2448 1534 2501 et
1558 2448 1653 2501 esset
1669 2436 1716 2501 ibi
1740 2437 1853 2524 magis
1870 2440 1905 2502 et'
1924 2437 2038 2502 minus
2054 2437 2258 2523 perfectum,

783 2555 866 2641 quia
901 2556 997 2620 color
1031 2575 1103 2619 non
1137 2565 1189 2618 est
1221 2574 1291 2617 una
1325 2552 1446 2631 forma,
1479 2573 1546 2617 nec
1577 2564 1715 2637 oportet
1747 2554 1841 2637 quod
1878 2553 2042 2639 quicquid
2075 2564 2127 2619 est
2162 2552 2261 2618 color

783 2670 879 2756 quod
906 2670 951 2736 sit
978 2691 1090 2755 aeque
1126 2669 1301 2755 perfectus
1337 2670 1530 2733 secundum
1559 2690 1607 2733 se.
1645 2668 1715 2734 Sed
1744 2668 1773 2733 si
1806 2670 1932 2734 albedo
1964 2679 2058 2734 esset
2089 2677 2259 2754 separata,

783 2788 867 2853 dato
897 2786 994 2871 quod
1026 2797 1145 2851 essent
1169 2786 1286 2870 plures
1320 2784 1500 2849 albedines
1534 2796 1726 2869 separatae,
1752 2806 1875 2851 omnes
1901 2795 2020 2851 essent
2048 2805 2160 2869 aeque
2184 2805 2260 2870 per·

783 2905 907 2969 lectae.
947 2901 1040 2985 Quia
1079 2922 1158 2966 cum
1198 2902 1309 2966 forma
1348 2900 1514 2986 specifica
1554 2901 1748 2965 secundum
1789 2922 1827 2966 se
1866 2922 1939 2966 non
1978 2901 2091 2987 possit
2129 2903 2260 2968 habere

782 3018 894 3107 magis
918 3032 953 3083 et
980 3017 1104 3097 minus,
1133 3018 1260 3082 albedo
1288 3029 1447 3103 separata
1477 3039 1547 3081 non
1576 3028 1669 3081 esset
1697 3017 1809 3081 forma
1837 3017 1904 3082 nisi
1932 3019 2126 3083 secundum
2152 3040 2201 3099 se,
2226 3031 2260 3085 et

782 3156 854 3202 non
877 3134 1110 3201 diversimode
1134 3133 1336 3219 participata
1362 3155 1382 3197 a
1406 3132 1574 3212 subiecto,
1600 3144 1633 3197 et
1658 3132 1738 3198 ideo
1763 3144 1797 3199 et
1820 3145 1945 3199 cetera.

871 3251 948 3317 Nec
979 3252 983 3334 Ι
1014 3249 1096 3314 huic
1124 3260 1176 3313 est
1204 3247 1414 3314 contrarium
1451 3249 1546 3332 quod
1581 3249 1816 3335 Philosophus
1845 3249 1981 3315 videtur
2005 3251 2093 3317 velle
2122 3251 2259 3318 decimo
2281 3199 2453 3326 foi⁰iliopssa

784 3365 1046 3450 Ethicorumtl)
1075 3366 1170 3450 quod
1195 3364 1325 3429 sanitas
1353 3375 1513 3449 separata
1541 3363 1643 3430 etiam
1678 3367 1870 3431 secundum
1905 3388 1942 3431 se
1971 3366 2115 3452 recipiat
2148 3367 2260 3457 magis

784 3484 838 3549 vel
873 3483 999 3561 minus,
1035 3503 1106 3547 non
1143 3481 1254 3545 solum
1295 3502 1337 3546 ex
1371 3481 1508 3544 diversa
1547 3480 1812 3566 participatione
1847 3482 2002 3548 subiecti.
2043 3483 2137 3567 Quia
2172 3484 2260 3550 forte

784 3598 915 3665 sanitas
946 3620 1018 3664 non
1053 3597 1136 3663 dicit
1169 3617 1241 3661 rem
1273 3596 1376 3660 unius
1409 3610 1443 3661 et
1474 3596 1630 3662 eiusdem
1662 3596 1815 3682 speciei;
1852 3598 1976 3663 dicitur
2006 3598 2098 3664 enim
2129 3600 2260 3665 sanitas

783 3736 857 3782 non
880 3734 1124 3800 quaecumque
1148 3715 1332 3777 humorum
1365 3712 1537 3795 aequatio,
1563 3714 1626 3777 sed
1651 3713 1813 3797 aequatio
1837 3715 2021 3779 humorum
2055 3725 2260 3802 competens

784 3831 844 3898 tali
866 3829 998 3916 speciei
1023 3830 1076 3894 vel
1093 3828 1151 3894 tali
1175 3828 1419 3914 complexioni.
1445 3828 1488 3892 Et
1513 3828 1592 3894 ideo
1616 3851 1688 3894 non
1714 3840 1766 3894 est
1790 3830 1920 3895 sanitas
1948 3831 2105 3897 eiusdem
2130 3831 2261 3917 speciei

785 3947 821 4014 in
848 3946 989 4012 homine
1014 3958 1048 4011 et
1071 3945 1184 4024 leone,
1209 3945 1290 4030 quia
1317 3944 1394 4009 talis
1422 3945 1585 4029 aequatio
1611 3946 1795 4010 humomm
1823 3946 1858 4011 in
1886 3948 1989 4012 leone
2013 3960 2106 4013 esset
2130 3948 2261 4013 sanitas

785 4062 900 4150 quac³
922 4074 1016 4128 esset
1040 4062 1074 4126 in
1100 4060 1241 4126 homine
1266 4060 1460 4148 aegritudo.
1484 4061 1617 4126 lmm0⁴
1643 4061 1731 4126 forte
1756 4061 1790 4127 in
1815 4063 1937 4128 eadem
1961 4064 2079 4149 specie
2104 4063 2261 4130 animalis

785 4178 936 4246 variatur
959 4178 1092 4244 sanitas
1117 4178 1311 4244 secundum
1339 4177 1514 4262 speciem3
1540 4200 1619 4242 nam
1645 4178 1733 4243 forte
1757 4179 1920 4263 aequatio
1944 4182 2128 4246 humorum
2145 4178 2263 4265 quae⁶

785 4296 821 4361 in
851 4294 1029 4361 cholerico
1066 4305 1159 4360 esset
1194 4293 1336 4373 sanitas,
1366 4293 1401 4358 in
1432 4293 1668 4380 phlegmatico
1701 4308 1794 4360 esset
1825 4295 2014 4361 infirmitas.
2052 4297 2145 4380 Quia
2176 4319 2262 4384 ergo

785 4412 916 4478 sanitas
931 4432 1002 4478 non
1020 4410 1104 4476 dicit
1119 4410 1266 4475 formam
1291 4421 1324 4474 et
1340 4409 1528 4475 essentiam
1553 4410 1655 4474 unius
1672 4411 1813 4497 speciei,
1839 4411 1919 4477 ideo
1947 4412 2048 4478 etiam
2067 4413 2261 4478 secundum

786 4550 825 4595 se
848 4527 923 4595 sive
946 4537 1107 4613 separata
1130 4526 1256 4591 dicitur
1279 4547 1347 4590 una
1373 4546 1451 4591 esse
1475 4526 1661 4611 perfectior
1684 4528 1739 4593 vel
1764 4527 1873 4592 maior
1896 4528 1971 4592 alia.

874 4644 913 4711 Si
945 4663 1031 4732 ergo
1061 4641 1206 4728 recipiat
1239 4642 1351 4707 forma
1382 4643 1504 4708 eadem
1533 4644 1730 4708 secundum
1759 4644 1911 4729 speciem
1944 4645 2055 4732 magis
2079 4656 2113 4711 et
2137 4645 2261 4727 minus

785 4761 855 4827 hoc
886 4779 959 4825 non
986 4769 1103 4846 potest
1130 4758 1335 4846 contingere
1363 4758 1445 4842 quia
1474 4759 1580 4823 habet
1606 4759 1723 4843 plures
1746 4761 1877 4847 gradus
1906 4760 2121 4826 essentiales.
2155 4763 2262 4828 lmmo

786 4886 925 4963 oportet
952 4875 1047 4960 quod
1071 4876 1140 4939 hoc
1164 4873 1208 4939 sit
1231 4874 1425 4939 secundum
1453 4874 1595 4959 aliquod
1622 4875 1788 4941 accidens
1813 4876 1888 4941 eius
1914 4878 2108 4942 secundum
2133 4879 2262 4963 gradus

785 4992 948 5058 virtuales
971 4991 1058 5056 eius.
1082 4990 1248 5074 Alioquin
1273 4989 1453 5055 albedines
1478 4991 1594 5074 plures
1617 5005 1799 5076 separatae
1824 4992 2046 5058 dicerentur⁶
2069 4993 2263 5060 secundum

786 5107 898 5197 magis
933 5119 967 5173 et
1001 5106 1127 5186 minus,
1159 5107 1255 5191 quod
1290 5106 1425 5171 videtur
1460 5106 1722 5173 inconveniens.
1757 5109 1794 5174 Si
1826 5130 1911 5198 ergo
1946 5111 2100 5175 habeant
2133 5111 2263 5199 gradus

786 5224 922 5310 aliquos
947 5223 1109 5288 virtuales
1134 5245 1223 5307 quos
1248 5244 1320 5287 non
1345 5222 1395 5287 sic
1420 5222 1581 5288 dicuntur
1596 5225 1727 5289 habere
1745 5226 1875 5289 formae
1900 5226 2148 5292 substantiales
2173 5247 2264 5312 quae

876 5537 975 5609 ¹quae
994 5535 1025 5591 P.
1044 5567 1077 5576 -
1097 5537 1153 5590 ²se
1172 5534 1204 5590 P.
1224 5567 1257 5576 -
1277 5535 1349 5608 ³qui
1364 5536 1425 5590 ΡΥ.
1440 5570 1472 5575 --
1487 5540 1497 5568 ⁴
1511 5555 1566 5591 om.
1586 5534 1617 5591 P.
1639 5570 1670 5577 —
1691 5539 1762 5608 ⁵qui
1778 5537 1808 5592 P.
1826 5570 1858 5576 -
1872 5539 1883 5569 '¹
1896 5538 2032 5591 dicuntur
2052 5539 2082 5591 P.

875 5770 915 5833 (ll
936 5769 967 5823 L.
980 5768 1016 5835 Χ,
1034 5788 1059 5824 c.
1078 5774 1096 5824 2
1116 5771 1161 5837 [ul.
1179 5773 1205 5839 231
1227 5790 1266 5842 tp.
1289 5774 1376 5824 11731.
1397 5768 1427 5821 Ti
1444 5771 1495 5839 γὰρ
1515 5769 1621 5829 κωλύει,
1640 5769 1759 5839 κκῆάπερ
1777 5770 1859 5840 &gisia
1876 5768 2009 5839 ὡριτμὲἰτ,
2028 5766 2093 5822 οὖτα
2111 5768 2217 5841 δέχεται
2235 5772 2266 5824 τὸ

733 5906 736 5911 .
787 5857 889 5924 μᾶλλον
906 5858 952 5910 ui
968 5856 1000 5909 ’.b
1017 5857 1107 5921 ἦττον,
1121 5854 1192 5911 οὕτω
1211 5860 1256 5910 καὶ
1273 5858 1320 5922 τὴν
1339 5858 1452 5921 ἡδο·ιτ’,ν;
1472 5856 1502 5910 οὗ
1521 5862 1572 5929 γὰρ
1591 5859 1606 5923 ἡ
1627 5856 1691 5923 riti,
1710 5860 1858 5928 rrgigaztpia
1877 5858 1901 5911 ἐν
1918 5867 1994 5911 reisue
2015 5858 2091 5919 ἐπιν,
2112 5862 2165 5913 ουδ’
2184 5858 2266 5914 ἐντῶ

786 5934 859 6011 abacia
877 5938 925 6007 pia
940 5958 978 6000 τις
996 5938 1044 6001 atet,
1064 5939 1121 5993 ἄλλ’
1140 5937 1262 6006 ἀνιεμένη
1280 5939 1396 6006 διαμένει
1415 5942 1465 6002 ἕως
1483 5942 1560 6001 τινός.
1581 5945 1625 5994 καὶ
1644 5941 1759 6012 dissipa.
1778 5951 1816 6011 τῷ
1835 5946 1935 6008 μᾶλλον
1954 5946 1998 5995 aiz
2018 5945 2104 6008 ἧττον.

2128 6069 2160 6121 lv
