6700 7992
907 4435 972 4489 cod.
986 4435 1006 4488 S

879 4505 928 4561 fol.
941 4510 977 4560 49
989 4507 1030 4558 va

1059 1415 1111 1464 332
1426 1411 1617 1466 MAGISTRI
1647 1411 1867 1466 GODEFRIDI
1896 1413 1948 1466 DE
1976 1412 2175 1468 FONTlBUS

1059 1598 1227 1643 moveretur
1251 1589 1422 1644 naturaliter
1447 1590 1484 1643 ad
1505 1598 1635 1643 centrum
1656 1589 1740 1643 istius
1760 1589 1833 1643 caeli
1851 1593 1867 1644 ¹.
1897 1591 1959 1644 Nec
1979 1598 2129 1662 oporteret
2158 1592 2245 1645 etiam
2276 1609 2387 1662 ponere
2412 1610 2537 1646 vacuum

1059 1687 1127 1757 quia
1147 1696 1228 1741 extra
1247 1666 1401 1758 utrumque
1428 1689 1541 1741 caelum
1560 1706 1619 1741 non
1644 1696 1724 1741 esset
1749 1687 1868 1758 aliquod
1889 1688 1968 1759 quod
1988 1698 2067 1743 esset
2093 1698 2192 1760 aptum
2215 1698 2315 1744 natum
2338 1689 2489 1745 continere
2508 1699 2537 1745 et

1058 1803 1116 1838 non
1137 1786 1289 1839 continens
1308 1795 1374 1839 actu
1397 1786 1452 1839 nisi
1475 1786 1675 1856 imaginatur²
1700 1786 1775 1840 sicut
1800 1786 1914 1840 morlo³
1939 1786 2134 1856 imaginamur
2156 1805 2280 1841 vacuum
2307 1797 2389 1842 extra
2414 1788 2537 1843 caelum.

1612 2177 1883 2248 Quassmo
1917 2178 1988 2232 vrl

1719 2340 1881 2393 (namsi.

1383 2529 1492 2583 Utrum
1511 2535 1618 2601 corpus
1639 2529 1755 2584 Christi
1769 2531 1864 2600 possit
1882 2529 1990 2601 conjici
2008 2530 2043 2582 de
2061 2530 2156 2600 spelta
2170 2533 2218 2596 (l).

1150 2798 1258 2850 Postea
1287 2797 1482 2867 quaerebatur
1507 2814 1593 2849 uuum
1621 2806 1761 2866 quantum
1787 2797 1823 2850 ad
1855 2805 2039 2850 sacramenta
2065 2814 2141 2868 quae
2166 2805 2233 2850 sunt
2259 2797 2390 2851 instituta
2416 2806 2538 2868 propter

1059 2895 1215 2957 hominem,
1235 2904 1265 2949 ct
1293 2904 1337 2948 est
1362 2903 1457 2947 utrum
1483 2912 1590 2964 corpus
1616 2895 1723 2948 Christi
1750 2894 1844 2965 possit
1873 2895 2001 2949 conlici¹
2031 2895 2067 2949 de
2096 2896 2199 2966 spelta.
2232 2896 2267 2948 Et
2294 2894 2425 2965 arguitur
2456 2895 2537 2966 quod

1060 3011 1128 3059 non,
1157 2993 1223 3063 quia
1249 2992 1410 3045 secundum
1439 3009 1522 3045 usum
1554 2992 1706 3046 Ecclesiae
1732 2994 1769 3045 ab
1801 2992 1944 3063 apostolis
1976 2992 2112 3047 traditum
2146 2994 2269 3046 materia
2301 2994 2410 3047 huius¹
2441 3010 2538 3046 sacra·

1061 3091 1151 3144 menti
1171 3099 1216 3144 est
1234 3090 1319 3161 panis
1339 3090 1479 3144 triticeus.
1499 3090 1559 3143 Sed
1579 3091 1674 3161 spelta
1694 3108 1752 3144 non
1773 3098 1817 3144 est
1837 3090 1972 3144 triticum.
1993 3092 2072 3162 Ergo
2092 3099 2121 3145 et
2141 3099 2249 3144 cetera.

1151 3188 1335 3242 Contrarium
1356 3188 1388 3241 tit
1407 3188 1436 3241 in
1455 3188 1588 3260 pluribus
1607 3187 1688 3242 locis,

1150 3286 1335 3358 Respondeo.
1356 3286 1472 3339 Veritas
1497 3297 1748 3340 sacramentorum
1768 3294 1797 3339 ct
1822 3285 1957 3340 efficacia
1982 3285 2132 3358 dependet
2158 3304 2194 3339 ex
2220 3286 2402 3340 institutione
2429 3286 2538 3341 Christi

1062 3402 1138 3457 quae
1172 3385 1257 3437 nobis
1289 3382 1415 3437 innotuit
1446 3400 1499 3454 per
1533 3384 1696 3438 doctrinam
1732 3385 1934 3454 apostolorum
1966 3382 2015 3454 qui
2047 3383 2163 3437 luerunt
2195 3393 2367 3456 praesentes
2398 3368 2430 3438 in*
2459 3384 2539 3438 dicta

1062 3482 1292 3537 constitutione¹
1319 3484 1322 3549 l
1366 3490 1395 3535 et
1426 3499 1478 3553 per
1503 3499 1586 3535 usum
1618 3481 1770 3535 Ecclesiae
1799 3481 1962 3534 traditum²
1987 3483 2023 3535 ab
2056 3481 2198 3553 apostolis
2230 3491 2259 3535 et
2290 3500 2343 3553 per
2374 3481 2538 3536 doctrinam

1062 3597 1163 3635 sacrae
1184 3580 1362 3650 Scripturae.
1382 3580 1415 3633 ln
1443 3581 1499 3634 hoc
1522 3597 1593 3650 ergo
1620 3589 1649 3633 et
1676 3580 1704 3633 in
1730 3579 1794 3632 aliis
1821 3579 1978 3650 diligenter
2000 3588 2045 3633 est
2070 3579 2266 3633 attendendus
2286 3597 2357 3634 usus
2376 3579 2538 3634 Ecclesiae.

1061 3679 1097 3732 Et
1117 3677 1193 3744 ideo,
1222 3678 1297 3731 sicut
1322 3677 1394 3730 alias
1409 3682 1447 3741 (¹2)
1475 3677 1543 3744 dixi,
1563 3678 1603 3730 ita
1628 3685 1658 3730 et
1683 3694 1759 3731 nunc
1785 3677 1852 3730 dico
1879 3676 1958 3748 quod
1984 3680 2075 3730 cum¹
2100 3678 2262 3731 communis
2289 3694 2360 3731 usus
2384 3677 2538 3731 Ecclesiae

1060 3776 1169 3829 habeat
1191 3776 1269 3847 quod
1292 3775 1396 3846 aliquis
1418 3775 1528 3845 pluries
1546 3774 1798 3829 sacramentaliter
1820 3775 1997 3829 confiteatur
2016 3775 2053 3827 de
2076 3774 2186 3828 eisdem
2201 3776 2220 3841 ⁹,
2239 3792 2298 3828 non
2320 3774 2437 3829 videtur
2459 3775 2539 3846 quod

1062 3871 1184 3925 deberet
1208 3871 1344 3925 sustineri
1365 3870 1444 3940 quod
1471 3870 1584 3924 dicatur
1612 3870 1692 3941 quod
1718 3879 1931 3923 sacramentum
1951 3870 2161 3941 poenitentiae
2181 3887 2239 3923 non
2265 3871 2374 3924 habeat
2400 3870 2538 3924 effectum

1061 3978 1198 4041 respectu
1224 3968 1383 4023 eorundem
1406 3976 1596 4039 peccatorum
1621 3967 1677 4021 nisi
1701 3969 1802 4030 semel,
1828 3977 1857 4021 et
1880 3968 1937 4021 hoc
1956 3976 2001 4022 est
2024 3966 2118 4037 magis
2136 3967 2335 4021 necessarium
2355 3985 2441 4039 quam
2462 3967 2539 4022 scire

1062 4067 1211 4138 quomodo
1238 4067 1361 4136 angelus
1388 4066 1425 4120 sit
1450 4067 1478 4120 in
1504 4066 1579 4120 loco.
1612 4066 1689 4136 Quia
1715 4084 1787 4136 ergo
1804 4068 1824 4098 ¹⁰
1846 4065 2007 4119 secundum
2027 4083 2110 4119 usum
2131 4066 2282 4119 Ecclesiae
2303 4065 2388 4136 panis
2408 4065 2540 4120 triticeus

1062 4174 1091 4220 et
1116 4182 1174 4219 non
1201 4164 1275 4218 alius
1301 4174 1346 4218 est
1371 4164 1493 4218 materia
1517 4165 1601 4218 huius
1627 4164 1803 4218 sacramenti
1829 4165 1896 4229 (hoc
1922 4163 2010 4217 etiam
2036 4171 2118 4235 patet
2144 4162 2211 4234 quia
2239 4163 2372 4217 Christus
2398 4180 2430 4217 se
2460 4181 2539 4219 com·

1060 4263 1179 4335 paravit
1197 4280 1288 4333 grano
1309 4262 1445 4316 frumenti
1474 4270 1504 4316 et
1523 4263 1591 4332 quia
1617 4262 1747 4315 creditur
1764 4264 1782 4293 ¹¹
1804 4261 1883 4331 quod
1908 4260 1938 4314 in
1958 4261 2008 4314 tali
2028 4279 2105 4332 pane
2125 4259 2254 4315 confecit
2273 4269 2302 4315 et
2324 4269 2539 4315 sacramentum

1064 4362 1254 4427 instituit)‚-
1269 4361 1337 4414 ideo
1361 4360 1516 4414 dicendum
1540 4369 1586 4414 est
1608 4360 1687 4430 quod
1710 4359 1734 4414 si
1755 4361 1850 4430 spelta
1872 4377 1930 4413 non
1954 4367 1999 4413 est
2023 4359 2099 4413 idem
2123 4359 2223 4429 specie
2243 4376 2308 4412 cum
2330 4359 2436 4425 tritico,
2459 4359 2539 4430 quod

1063 4478 1121 4514 non
1141 4468 1242 4530 potest
1261 4458 1367 4512 confici
1387 4458 1414 4511 in
1434 4475 1511 4529 pane
1531 4457 1610 4512 sacto
1628 4459 1646 4489 ¹¹
1666 4457 1703 4511 de
1723 4458 1826 4529 spelta.
1854 4461 1857 4526 l
1884 4460 1919 4511 Et
1939 4457 2006 4528 quia
2030 4457 2058 4510 in
2073 4455 2198 4510 diversis
2223 4455 2296 4510 locis
2316 4456 2433 4511 diversa
2452 4457 2540 4510 blada

1063 4558 1163 4629 specie
1183 4566 1326 4611 vocantur
1341 4557 1362 4587 ¹³
1389 4557 1493 4626 spelta,
1513 4555 1602 4609 credo
1623 4556 1702 4626 quod
1723 4556 1819 4626 aliqua
1839 4557 1934 4628 spelta
1954 4555 1991 4609 sit
2017 4555 2094 4608 idem
2115 4554 2215 4626 specie
2242 4573 2309 4609 cum
2329 4554 2435 4622 tritic0,
2454 4562 2484 4608 et
2503 4555 2540 4608 de

972 4672 973 4675 ’
1062 4656 1113 4710 tali
1139 4655 1233 4727 spelta
1261 4662 1359 4725 potest
1384 4653 1446 4707 lieri
1475 4654 1597 4707 materia
1622 4654 1802 4707 conveniens
1827 4652 1912 4707 huius
1928 4656 1947 4685 ¹¹
1973 4654 2157 4708 sacramenti.
2177 4653 2240 4708 Nec
2261 4655 2360 4707 obstat
2385 4652 2541 4706 diversitas

1062 4770 1170 4824 magna
1211 4770 1286 4823 quac
1317 4759 1440 4824 apparet
1472 4750 1500 4804 in
1538 4750 1741 4805 accidentibus
1772 4750 1975 4817 exterioribus
2007 4752 2075 4822 quia
2107 4751 2135 4805 in
2167 4750 2265 4805 multis
2296 4750 2361 4804 aliis
2393 4750 2540 4804 invenitur

1062 4868 1169 4923 magna
1185 4852 1205 4882 ¹¹
1224 4850 1381 4903 diversitas
1400 4848 1560 4903 secundum
1581 4849 1746 4903 accidentia
1767 4850 1842 4902 inter
1861 4866 1896 4902 ea
1916 4866 1991 4919 quae
2011 4857 2078 4902 sunt
2098 4848 2229 4903 eiusdem
2250 4849 2369 4920 speciei.

1151 4949 1188 5002 Et
1207 4947 1251 5001 sic
1270 4955 1352 5019 patet
1371 4947 1409 5001 ad
1428 4946 1630 5018 quaestionem
1650 4956 1680 5001 et
1700 4946 1738 5000 ad
1757 4947 1883 5001 obiecta.

1154 5540 1162 5571 ¹
1176 5538 1224 5592 vel
1244 5545 1340 5592 terrae
1359 5537 1428 5592 add.
1449 5536 1482 5591 C.
1497 5567 1529 5576 —
1550 5537 1560 5568 ¹
1573 5535 1765 5608 imaginatum
1786 5536 1818 5591 C.
1838 5568 1871 5576 —
1891 5537 1991 5590 ¹nunc
2011 5534 2044 5590 C.
2058 5567 2091 5574 —
2106 5538 2115 5567 ⁴
2129 5553 2165 5589 ex
2183 5553 2261 5608 pane
2280 5535 2361 5590 facto
2379 5536 2448 5590 add.
2462 5535 2496 5591 C.
2510 5567 2544 5576 —

1065 5628 1075 5659 ¹
1087 5624 1254 5681 huiusmodi
1273 5626 1304 5680 P.
1323 5655 1357 5665 -
1378 5625 1574 5696 “praesentes
1587 5655 1621 5663 -
1634 5623 1853 5693 constitutione]
1867 5623 2033 5696 praesentis
2046 5622 2080 5678 C.
2094 5654 2127 5662 —
2143 5624 2210 5678 'est
2223 5624 2292 5678 add.
2306 5621 2339 5678 C.
2359 5655 2392 5664 -
2412 5624 2424 5657 ⁸
2440 5640 2496 5678 om.
2510 5623 2544 5679 C.

1064 5746 1098 5756 -
1111 5716 1122 5747 ¹
1135 5713 1241 5770 eodem
1255 5712 1288 5767 C.
1304 5744 1337 5753 -
1354 5714 1375 5744 ¹⁰
1386 5729 1447 5766 ras.
1461 5711 1495 5778 S;
1509 5712 1578 5765 add.
1594 5724 1629 5765 2⁰
1646 5729 1685 5766 m.
1698 5711 1728 5766 S.
1742 5743 1775 5752 -
1792 5714 1810 5745 ¹¹
1825 5710 1948 5766 traditur
1961 5710 1994 5766 C.
2007 5743 2041 5751 —
2057 5711 2078 5743 ¹¹
2090 5710 2230 5766 confecto
2244 5710 2277 5766 C.
2291 5744 2324 5753 -
2345 5712 2367 5744 ¹⁸
2379 5720 2502 5768 vocatur
2514 5711 2544 5767 S.

1063 5841 1098 5850 —
1119 5813 1140 5843 ¹⁴
1154 5808 1334 5865 conveniens
1352 5807 1449 5878 huius]
1469 5805 1679 5862 inconveniens
1697 5807 1765 5861 huic
1783 5806 1854 5878 (sic)
1874 5806 1907 5863 C.
1927 5838 1961 5848 -
1982 5808 2004 5839 ¹¹
2014 5798 2093 5879 ma}
2113 5806 2146 5862 C.

1153 6015 1193 6079 (1)
1212 6009 1273 6066 ctr.
1292 6028 1342 6083 pp.
1361 6012 1488 6067 abutor.
1516 6041 1541 6050 -
1561 6012 1601 6077 (2)
1621 6008 1683 6064 etr.
1703 6008 1813 6081 Quodl.
1832 6009 1883 6076 111,
1903 6027 1931 6081 q.
1949 6012 1975 6065 7.
