6700 7992
1035 1457 1087 1515 252
1402 1450 1593 1518 rrnotsrm
1623 1451 1845 1518 oousrru'm
1873 1452 1924 1516 os
1953 1449 2150 1518 sommus

1036 1642 1214 1708 existentis
1250 1666 1311 1729 per
1346 1664 1383 1707 se
1419 1642 1452 1707 in
1485 1643 1575 1723 loco,
1601 1642 1690 1709 sicut
1726 1652 2025 1709 commensuratur
2058 1643 2253 1709 secundum
2286 1653 2451 1728 quantum
2477 1648 2512 1710 et

1036 1758 1239 1823 continuum
1265 1758 1541 1824 dimensionibus
1558 1759 1636 1839 loci,
1655 1758 1705 1825 sic
1722 1769 2049 1825 commensurantur
2072 1758 2123 1824 eis
2147 1760 2342 1825 seeundum
2367 1760 2512 1825 multum

1036 1884 1070 1938 et
1094 1896 1285 1939 numerum.
1311 1875 1400 1939 Nam
1424 1897 1543 1940 verum
1579 1885 1632 1940 est
1667 1875 1760 1941 enim
1795 1876 1889 1960 quod
1925 1896 2054 1961 corpus
2090 1875 2223 1940 absolvi
2260 1885 2376 1961 potest
2400 1896 2420 1940 a
2444 1875 2511 1941 situ

1034 1990 1136 2055 locali
1159 1990 1217 2075 qui
1243 2001 1296 2055 est
1319 1991 1389 2069 ubi,
1414 1990 1464 2055 sic
1499 1992 1594 2075 quod
1630 2001 1747 2076 potest
1771 2012 1850 2057 esse
1885 1991 1987 2056 simul
2011 2011 2090 2056 cum
2115 1991 2232 2075 aliquo
2261 2012 2409 2076 corpore
2444 1991 2512 2056 alio

1036 2107 1131 2191 quod
1155 2128 1218 2190 per
1241 2127 1279 2171 se
1304 2118 1357 2171 est
1381 2106 1414 2171 in
1439 2108 1519 2172 loco
1543 2108 1736 2173 secundum
1763 2106 1865 2171 situm
1891 2106 1948 2190 qui
1974 2117 2026 2172 est
2046 2106 2115 2171 ubi.
2134 2107 2292 2192 Corpora
2316 2107 2408 2172 enim
2433 2128 2512 2173 esse

1036 2222 1137 2287 simul
1187 2243 1258 2286 non
1305 2222 1499 2307 impediunt
1545 2222 1783 2288 dimensiones
1830 2234 1972 2308 propter
2018 2222 2206 2287 essentiam
2254 2222 2511 2289 dimensionum

1036 2338 1230 2404 secundum
1255 2359 1304 2419 se,
1340 2338 1403 2403 sed
1438 2351 1578 2423 propter
1601 2338 1705 2404 situm
1741 2360 1843 2423 quem
1880 2350 1982 2403 natae
2007 2350 2088 2403 sunt
2123 2340 2252 2403 babere
2276 2338 2310 2404 in
2347 2339 2428 2405 loco
2453 2338 2512 2424 qui

1036 2467 1089 2520 est
1124 2452 1288 2519 accidens
1324 2453 1579 2519 dimensirum¹
1622 2464 1656 2519 et
1695 2476 1715 2518 a
1754 2476 1824 2539 quo
1865 2453 1989 2520 virtute
2030 2453 2148 2519 divina
2183 2455 2316 2519 absolvi
2353 2466 2511 2540 possunt.

1037 2572 1184 2655 Propter
1208 2569 1300 2635 illum
1325 2570 1416 2635 enim
1442 2570 1544 2635 situm
1569 2569 1627 2654 qui
1652 2570 1735 2635 dicit
1756 2570 1913 2636 ordinem
1931 2570 1976 2634 ad
1995 2571 2110 2636 locum
2134 2581 2282 2658 tangunt
2298 2592 2336 2635 se
2353 2591 2512 2655 corpora,

1036 2700 1070 2752 et
1094 2697 1214 2751 tenent
1238 2707 1276 2751 se
1300 2697 1395 2751 extra
1419 2707 1467 2766 se,
1493 2698 1526 2751 et
1550 2708 1588 2750 se
1612 2697 1793 2771 penetrare
1827 2708 1898 2750 non
1935 2698 2094 2771 possunt,
2119 2695 2153 2750 et
2187 2687 2256 2752 hoc
2291 2697 2343 2752 est
2377 2698 2515 2772 praeter

1036 2802 1223 2868 essentiam
1263 2802 1519 2867 dimensionum
1560 2801 1632 2867 sive
1672 2802 1839 2868 accidens
1878 2802 1963 2888 ipsis
2002 2801 2280 2867 dimensionibus
2322 2812 2356 2868 et
2395 2824 2513 2889 super-

1036 2918 1236 2983 naturaliter
1259 2918 1463 3004 separabile.
1487 2918 1529 2982 Et
1552 2917 1602 2982 sic
1627 2939 1756 3003 eorpus
1780 2940 1926 2984 manens
1943 2939 2072 3002 corpus
2089 2927 2205 3003 potest
2221 2917 2315 2982 aliud
2332 2929 2513 3003 penetrare
2590 3006 2594 3013 .

1037 3036 1170 3119 absque
1194 3034 1250 3099 tali
1276 3033 1480 3114 resistentia,
1506 3045 1539 3098 et
1563 3034 1592 3098 si
1616 3033 1698 3098 illud
1729 3054 1858 3119 corpus
1891 3055 1970 3099 eum
1995 3055 2065 3118 quo
2099 3034 2150 3099 sic
2183 3044 2236 3099 est
2266 3034 2370 3114 aliud,
2395 3043 2448 3100 est
2478 3034 2512 3099 in

1036 3151 1126 3229 luco,
1162 3162 1244 3216 tunc
1280 3150 1381 3216 etiam
1418 3170 1546 3235 corpus
1586 3150 1682 3234 quod
1717 3149 1768 3215 sic
1806 3162 1964 3235 penetrat
2005 3161 2058 3215 est
2094 3150 2128 3215 in
2165 3151 2245 3216 loco
2284 3151 2408 3215 eodem
2452 3171 2515 3237 per

1037 3266 1211 3332 accidens
1247 3266 1346 3333 Sicut
1380 3266 1471 3331 enim
1508 3267 1578 3331 duo
1614 3287 1704 3351 quae
1740 3278 1821 3330 sunt
1852 3265 1988 3330 diversa
2029 3288 2091 3350 per
2125 3265 2312 3332 essentiam
2349 3277 2382 3330 et
2406 3288 2514 3331 unum

1038 3383 1206 3462 subjecto,
1232 3382 1313 3466 quia
1348 3404 1454 3446 unum
1491 3381 1587 3447 alteri
1623 3381 1780 3447 inhaeret
1819 3381 1920 3446 simul
1951 3391 2042 3460 suot,
2068 3381 2149 3466 quia
2179 3382 2317 3447 diversa
2339 3383 2417 3447 loca
2441 3404 2513 3448 non

1038 3500 1169 3564 liabent
1192 3508 1229 3563 ut
1264 3497 1458 3565 accidentia
1482 3499 1580 3583 plura
1615 3519 1695 3562 cum
1731 3497 1900 3577 subiecto,
1937 3497 1983 3562 itu
2018 3497 2120 3562 etiam
2156 3497 2286 3582 aliquid
2318 3497 2514 3563 subsistens

1038 3636 1109 3679 non
1135 3625 1302 3699 quantum
1326 3625 1442 3699 potest
1466 3635 1544 3679 esse
1569 3635 1648 3679 cum
1673 3613 1741 3678 alio
1775 3613 1986 3678 subsistente
2023 3624 2154 3698 quanto
2191 3624 2227 3678 ut
2263 3613 2403 3699 spiritus
2435 3634 2514 3679 cum

1039 3752 1185 3816 corpore
1217 3731 1312 3815 quod
1348 3740 1515 3815 penetrat,
1552 3731 1604 3794 vel
1644 3729 1699 3795 cui
1736 3728 1885 3794 illabitur
1919 3739 1953 3795 et
1988 3731 2056 3794 hoc
2089 3729 2297 3809 naturaliter,
2331 3739 2364 3795 et
2395 3750 2515 3815 super·

1039 3846 1239 3912 naturaliter
1270 3845 1371 3910 etiam
1407 3866 1535 3929 corpus
1570 3867 1649 3910 eum
1683 3865 1831 3930 corpore
1867 3844 1960 3910 dicto
1996 3845 2112 3925 modu,
2138 3866 2209 3909 non
2234 3856 2364 3910 mutata
2392 3856 2516 3911 natura

1039 3985 1112 4043 sua,
1138 3983 1204 4028 nec
1229 3961 1304 4047 ipsa
1329 3983 1399 4026 una
1427 3961 1622 4027 saetacum
1647 3960 1811 4040 alia,sed
1836 3972 1953 4026 amoto
1981 3983 2024 4026 eo
2053 3982 2123 4045 quo
2153 3960 2405 4046 impediebatur
2437 3981 2516 4026 esse

1039 4079 1140 4144 simul
1165 4099 1243 4144 cum
1268 4077 1344 4142 alio.
1370 4077 1441 4142 Sed
1466 4098 1595 4161 corpus
1618 4098 1691 4141 non
1716 4087 1832 4162 potest
1855 4076 1989 4143 absolvi
2013 4099 2033 4142 a
2068 4076 2136 4142 situ
2161 4075 2457 4143 determinationis
2482 4085 2516 4142 et

1039 4194 1250 4261 definitionis
1274 4214 1345 4278 quo
1369 4204 1507 4278 oportet
1530 4191 1643 4276 ipsum
1668 4191 1714 4257 ita
1739 4214 1818 4258 esse
1842 4192 1899 4258 hic
1923 4194 2018 4277 quod
2043 4215 2113 4257 non
2139 4191 2229 4257 alibi.
2256 4192 2359 4259 Unde
2386 4213 2521 4281 eorpus¹

1038 4311 1240 4399 gloriosum,
1265 4310 1361 4394 quod
1385 4308 1526 4395 ponitur
1549 4329 1620 4374 non
1645 4310 1774 4374 habere
1799 4307 1900 4373 situm
1936 4320 1974 4373 ut
2009 4308 2043 4372 in
2078 4310 2158 4374 loco
2183 4308 2277 4374 dicto
2302 4308 2417 4388 mod0,
2442 4329 2516 4373 non

1040 4436 1156 4513 potest
1179 4438 1293 4491 tamen
1330 4423 1464 4490 absolvi
1499 4422 1610 4488 asitu
1647 4423 1944 4489 determinationis
1968 4435 2005 4488 ut
2040 4424 2153 4509 possit
2181 4446 2259 4489 esse
2295 4424 2352 4489 hic
2376 4434 2411 4488 et
2434 4423 2515 4489 alibi

1040 4565 1102 4629 per
1125 4540 1447 4608 determinationem
1474 4540 1687 4605 diversorum
1712 4539 1839 4604 situum
1866 4561 1928 4625 per
1951 4561 1989 4604 se
2014 4539 2079 4604 nisi
2105 4539 2409 4620 sacramentaliter,
2435 4539 2517 4624 quia

1039 4658 1090 4724 sic
1115 4669 1207 4723 esset
1232 4668 1327 4723 extra
1350 4657 1465 4721 locum
1491 4655 1582 4721 illum
1608 4667 1641 4721 et
1665 4678 1736 4719 non
1762 4666 1867 4735 extra,
1885 4667 1922 4720 ut
1939 4655 2153 4740 praedictum
2179 4667 2241 4736 est,
2262 4666 2404 4740 propter
2420 4655 2516 4740 quod

1039 4795 1118 4840 esse
1143 4795 1249 4838 unum
1274 4793 1402 4857 corpus
1428 4771 1478 4836 sic
1503 4771 1537 4836 in
1562 4770 1719 4855 pluribus
1743 4770 1830 4836 locis
1855 4770 2007 4855 implicat
2031 4770 2309 4836 ctmtradictoria.

1127 4891 1170 4954 lit
1194 4891 1262 4954 hoc
1286 4887 1387 4953 etiam
1413 4887 1464 4952 sic
1489 4897 1591 4972 patet.
1617 4886 1761 4952 Materia
1785 4886 1905 4972 recipit
1929 4887 2073 4951 formam
2099 4886 2298 4952 sensibilem
2323 4907 2385 4972 per
2409 4907 2517 4971 quan·

1039 5006 1170 5072 titatem
1195 5016 1229 5070 et
1253 5004 1356 5070 etiam
1381 5025 1443 5089 per
1458 5002 1684 5088 quantitatem
1709 5003 1958 5069 determinatur
1982 5003 2026 5067 ad
2050 5004 2177 5068 locum.
2195 5002 2270 5067 Nisi
2294 5003 2385 5068 enim
2408 5024 2516 5087 quan·

1038 5123 1117 5187 titas
1142 5133 1234 5187 esset
1258 5120 1292 5185 in
1318 5094 1470 5199 materia,
1495 5130 1529 5184 et
1555 5119 1666 5183 forma
1690 5118 1725 5183 in
1754 5140 1795 5185 ea
1831 5129 1971 5204 recepta
2006 5140 2077 5182 non
2114 5129 2208 5183 esset
2243 5117 2418 5183 sensibilis
2453 5119 2517 5184 sed

1040 5236 1282 5325 intelligibilis;
1307 5236 1481 5301 intellecta
1498 5233 1599 5300 etiam
1625 5234 1767 5300 materia
1791 5234 1867 5299 sine
1891 5234 2082 5318 quantitate
2106 5233 2173 5298 iam
2198 5255 2270 5298 non
2291 5244 2343 5299 est
2367 5232 2402 5298 in
2425 5235 2516 5299 loco.

1040 5353 1133 5438 Quia
1150 5374 1234 5441 ergo
1259 5352 1401 5417 materia
1417 5361 1470 5416 est
1494 5361 1638 5415 extensa
1661 5371 1724 5436 per
1747 5348 1984 5435 quantitatem,
2002 5349 2036 5414 in
2055 5349 2200 5415 diversis
2224 5349 2380 5435 partibus
2401 5359 2518 5435 potest

1039 5470 1195 5556 recipere
1212 5468 1368 5535 diversas
1381 5468 1510 5532 formas
1524 5465 1626 5532 etiam
1642 5465 1842 5531 contrarias.
1858 5466 1929 5532 Sed
1943 5464 2157 5551 impossibile
2172 5476 2224 5531 est
2237 5467 2306 5531 hoc
2322 5465 2515 5530 secundum

1040 5587 1188 5653 eandem
1206 5594 1336 5672 partem
1362 5581 1525 5649 materiae
1550 5582 1625 5647 sive
1649 5583 1745 5666 quod
1769 5583 1963 5647 seeundum
1988 5583 2136 5647 eandem
2161 5591 2295 5667 partem
2317 5580 2518 5665 quantitatis

1040 5704 1195 5769 diversas
1224 5702 1352 5767 formas
1379 5698 1531 5784 recipiat,
1557 5708 1593 5763 ut
1621 5697 1753 5763 scilicet
1780 5698 1974 5764 seeundum
1999 5697 2089 5762 idem
2115 5697 2159 5763 sit
2183 5698 2298 5763 album
2322 5706 2356 5762 et
2379 5696 2517 5784 nigrum

964 5830 967 5838 '
1039 5830 1074 5886 et
1098 5819 1141 5884 sit
1165 5819 1278 5883 album
1303 5837 1376 5882 non
1401 5815 1517 5880 album
1542 5823 1576 5879 et
1600 5824 1725 5879 cetera.
1745 5812 1907 5879 Similiter
1931 5813 2033 5879 etiam
2051 5812 2193 5879 materia
2217 5813 2412 5879 secundum
2437 5833 2518 5880 ean·

1131 6083 1140 6114 ¹
1159 6077 1373 6135 dimensionum
1394 6074 1427 6129 V.
