6700 7992
1330 1415 1547 1475 sncououn
1576 1414 1876 1489 QUODLIBETUM,
1901 1415 1938 1488 Q.
1966 1414 2007 1471 iv
2370 1419 2406 1472 aa

927 1600 1027 1681 tialis,
1056 1599 1320 1686 qualiscumque
1348 1611 1410 1679 est,
1440 1609 1494 1664 est
1522 1597 1669 1684 primum
1698 1597 1834 1663 actuale
1870 1607 1904 1662 et
1933 1595 2135 1682 simpliciter
2165 1597 2301 1663 actuale
2332 1596 2406 1663 sive

928 1716 1129 1802 simpliciter
1164 1716 1253 1780 dans
1288 1726 1404 1780 actum
1439 1713 1615 1794 materiae,
1651 1712 1731 1779 ideo
1768 1712 1933 1797 quicquid
1966 1723 2084 1798 potest
2114 1712 2258 1802 intelligi
2284 1712 2406 1779 imme·

928 1831 1118 1898 diatissime
1143 1831 1344 1897 adiunctum
1370 1828 1533 1895 materiae
1551 1829 1682 1915 primae
1707 1839 1744 1893 ut
1767 1850 1822 1894 res
1851 1828 1966 1914 aliqua
1991 1839 2130 1914 oportet
2156 1849 2235 1895 esse
2259 1829 2407 1895 sormam

929 1947 1202 2014 substantialem.
1222 1947 1340 2031 Quare
1357 1946 1447 2012 inter
1465 1966 1722 2031 quamcumque
1746 1945 1892 2011 formam
1907 1944 2179 2026 substantialem,
2197 1967 2277 2012 curn
2293 1945 2408 2012 omnis

928 2065 1038 2131 forma
1055 2063 1133 2129 talis
1154 2063 1162 2099 ¹
1187 2063 1247 2129 det
1262 2084 1341 2129 esse
1360 2061 1372 2096 ²
1395 2061 1597 2147 simpliciter
1612 2072 1646 2126 et
1669 2060 1704 2125 in
1730 2070 1820 2141 actu,
1838 2071 1872 2127 et
1896 2060 2006 2147 ipsam
2031 2060 2219 2127 essentiam
2243 2061 2408 2128 materiae

929 2201 1002 2246 non
1019 2190 1137 2266 potest
1160 2178 1243 2265 poni
1272 2179 1326 2244 vel
1354 2177 1500 2265 intelligi
1524 2176 1653 2262 aliquid
1677 2177 1769 2243 reale
1793 2178 1991 2242 absolutum
2016 2176 2168 2244 existens
2191 2177 2226 2244 in
2243 2177 2407 2258 materia;

929 2296 992 2361 sed
1024 2295 1053 2360 si
1085 2294 1215 2380 aliquid
1246 2293 1448 2381 intelligitur
1475 2295 1545 2359 hoc
1572 2304 1625 2358 est
1647 2293 1760 2357 solum
1788 2291 1910 2358 relatio
1935 2293 1988 2359 vel
2013 2303 2215 2380 respectus;
2243 2304 2277 2361 et
2304 2315 2409 2379 quae·

930 2431 1081 2496 cumque
1109 2431 1165 2475 res
1194 2411 1353 2475 absolute
1380 2408 1610 2496 intelligitur³
1636 2407 1749 2493 primo
1774 2408 1901 2474 adesse
1930 2407 2094 2475 materiae
2118 2430 2208 2494 quae
2239 2421 2292 2476 est
2322 2432 2409 2496 pura

931 2527 1087 2613 potentia
1103 2547 1175 2591 non
1193 2537 1309 2611 potest
1336 2526 1467 2590 habere
1491 2523 1693 2609 simpliciter
1716 2523 1885 2589 rationem
1910 2523 2097 2610 potentiae,
2123 2527 2186 2591 sed
2210 2524 2410 2612 simpliciter

931 2642 1100 2708 rationem
1126 2653 1234 2707 actus.
1253 2640 1291 2707 Si
1315 2661 1400 2728 ergo
1424 2640 1513 2705 inter
1536 2661 1600 2706 ens
1625 2637 1827 2725 simpliciter
1842 2639 1876 2704 in
1902 2640 2060 2725 potentia
2078 2641 2173 2726 quod
2191 2651 2243 2708 est
2266 2641 2410 2708 materia

930 2769 965 2824 et
981 2781 1044 2824 ens
1072 2757 1273 2843 simpliciter
1301 2757 1335 2822 in
1364 2767 1444 2822 actu
1469 2757 1565 2842 quod
1593 2767 1646 2822 est
1674 2756 1787 2820 forma
1813 2755 2051 2822 substantialis
2076 2779 2148 2823 non
2177 2768 2230 2824 est
2245 2757 2409 2839 medium,

930 2875 1021 2941 sicut
1052 2895 1120 2940 nec
1151 2873 1239 2940 inter
1269 2871 1445 2938 materiam
1477 2871 1550 2937 sive
1582 2893 1645 2937 ens
1681 2871 1717 2936 in
1747 2871 1905 2957 potentia
1936 2882 1970 2937 et
2000 2894 2073 2939 non
2105 2894 2168 2940 ens
2199 2873 2410 2959 simpliciter,

932 2989 1098 3076 quicquid
1134 2988 1275 3075 ponitur
1313 2988 1449 3054 realiter
1486 2988 1612 3053 adesse
1651 2987 1705 3052 vel
1744 2987 1924 3053 adunitum
1960 3009 2039 3054 esse
2077 2988 2241 3056 materiae
2279 2989 2411 3075 primae

931 3105 1130 3191 immediate
1154 3115 1208 3170 est
1231 3103 1432 3190 simpliciter
1455 3114 1554 3169 actus
1577 3104 1632 3169 vel
1656 3104 1768 3168 forma
1800 3103 2038 3170 substantialis
2056 3104 2078 3186 ⁴,
2102 3104 2192 3172 sicut
2216 3103 2413 3192 quicquid⁶

932 3221 1073 3309 ponitur
1099 3219 1300 3306 simpliciter
1328 3219 1478 3285 deficere
1503 3220 1547 3283 ab
1575 3217 1718 3286 entitate
1746 3219 1910 3286 materiae
1937 3230 2105 3305 quantum
2129 3222 2173 3287 ad
2198 3220 2292 3288 entia
2306 3232 2411 3288 mate·

931 3337 1028 3404 rialia
1052 3335 1176 3402 dicitur
1199 3335 1339 3421 penitus
1363 3356 1436 3402 non
1461 3356 1524 3400 ens
1548 3344 1583 3402 et
1606 3334 1701 3399 nihil.
1718 3334 1763 3400 Et
1786 3333 1866 3401 ideo
1884 3336 1971 3400 ultra
1995 3336 2224 3403 substantiam
2248 3337 2412 3404 materiae

932 3474 1004 3519 non
1044 3464 1098 3519 est
1128 3451 1257 3537 aliquid
1293 3452 1496 3537 ponendum
1527 3450 1563 3515 in
1597 3449 1741 3516 materia
1772 3450 1971 3517 immediate
2002 3453 2097 3537 quod
2136 3452 2180 3519 sit
2210 3475 2266 3520 res
2298 3453 2413 3539 aliqua

934 3570 1096 3635 absoluta
1119 3567 1186 3633 nisi
1210 3568 1355 3633 formam
1380 3566 1644 3633 substantialem
1669 3568 1812 3633 dantem
1836 3588 1915 3634 esse
1939 3567 1974 3633 in
1998 3579 2078 3635 actu
2102 3569 2312 3656 simpliciter.

1021 3684 1094 3752 Sed
1124 3682 1277 3764 ulterius
1313 3704 1392 3750 cum
1423 3682 1502 3768 ipsa
1531 3681 1675 3749 materia
1706 3703 1786 3749 cum
1817 3683 1929 3749 forma
1963 3684 2183 3751 substantiali
2218 3696 2271 3752 est
2306 3707 2413 3752 causa

934 3800 1089 3867 omnium
1114 3797 1346 3866 accidentium
1364 3820 1454 3884 quae
1478 3809 1560 3864 sunt
1583 3797 1618 3863 in
1643 3819 1685 3865 ea
1709 3798 1745 3864 in
1769 3798 1893 3865 ordine
1911 3801 2073 3885 quodam,
2091 3800 2249 3886 potentia
2273 3801 2414 3888 passiva

934 3917 979 3982 ad
995 3915 1235 4002 recipiendum
1252 3914 1401 4001 primum
1418 3912 1584 3981 accidens
1601 3914 1697 4000 quod
1721 3915 1828 3981 habet
1852 3936 1931 3981 esse
1955 3914 1990 3980 in
2014 3938 2051 3983 re
2071 3916 2237 3983 materiali
2262 3928 2315 3983 est
2338 3916 2415 4004 ipsa

933 4030 1128 4099 substantia
1145 4030 1308 4097 materiae
1324 4029 1501 4096 mediante
1520 4030 1718 4096 substantia
1734 4031 1877 4112 formae,
1894 4030 1942 4097 ita
1964 4033 2060 4117 quod
2076 4032 2275 4100 huiusmodi
2292 4045 2415 4120 poten·

934 4148 981 4214 tia
1009 4146 1149 4233 passiva
1176 4148 1220 4212 ad
1248 4145 1488 4232 recipiendum
1512 4146 1579 4212 tale
1604 4145 1770 4212 accidens
1794 4167 1866 4212 non
1891 4146 1975 4214 dicit
2002 4148 2153 4233 aliquam
2181 4170 2254 4215 rem
2279 4160 2416 4235 praeter

935 4262 1165 4330 substantiam
1181 4262 1346 4329 materiae
1363 4273 1398 4331 et
1414 4262 1547 4328 tonnae
1563 4261 1631 4327 nisi
1659 4262 1747 4329 torte
1763 4262 1967 4330 relationem
1984 4264 2039 4330 vel
2056 4276 2253 4351 respectum
2271 4275 2414 4347 tantum,

935 4391 973 4446 ut
1011 4378 1114 4447 etiarn
1153 4378 1278 4445 dicitur
1317 4379 1360 4444 de
1400 4377 1556 4464 potentia
1590 4378 1754 4445 materiae
1793 4390 1957 4465 respectu
1995 4381 2128 4447 formae
2167 4381 2414 4448 substantialis.

936 4497 1026 4562 Cum
1053 4495 1146 4563 enim
1174 4516 1247 4561 non
1280 4494 1324 4560 sit
1351 4493 1448 4560 abire
1475 4493 1511 4559 in
1534 4493 1717 4575 infinitum,
1745 4505 1884 4580 oportet
1918 4517 2051 4581 ponere
2078 4497 2174 4582 quod
2202 4497 2246 4563 sit
2273 4497 2415 4583 aliquod

936 4611 1101 4678 accidens
1135 4612 1230 4697 quod
1258 4609 1456 4676 immediate
1485 4609 1659 4676 derivatur
1689 4632 1710 4675 a
1740 4610 1945 4677 substantia.
1980 4611 2071 4678 Sunt
2099 4623 2215 4679 autem
2243 4614 2415 4699 quaedam

936 4749 1027 4815 quae
1054 4726 1211 4794 oriuntur
1238 4749 1259 4792 a
1284 4725 1480 4793 substantia
1503 4748 1575 4792 non
1600 4726 1651 4793 sic
1674 4726 1884 4808 immediate,
1909 4729 1973 4793 sed
1997 4728 2172 4795 mediante
2189 4728 2306 4814 aliquo
2325 4730 2416 4797 acci·

937 4845 1042 4910 dente
1059 4843 1139 4925 alio,
1167 4842 1301 4910 scilicet
1325 4841 1359 4908 in
1383 4842 1461 4929 ipsa
1484 4841 1680 4908 substantia
1705 4842 1900 4929 composita
1923 4843 2124 4911 naturaliter
2148 4845 2419 4931 praeexistentes

936 4959 980 5026 Et
995 4959 1047 5026 sic
1070 4959 1173 5026 etiam
1191 4969 1329 5046 oportet
1352 4979 1484 5045 ponere
1504 4958 1717 5044 quandoque
1741 4958 1776 5024 in
1793 4959 2027 5026 materialibus
2051 4960 2200 5046 aliquam
2225 4962 2416 5047 potentiam

937 5075 1113 5163 passivam
1131 5086 1293 5162 respectu
1317 5074 1550 5142 accidentium
1567 5074 1602 5140 in
1627 5074 1854 5161 suscipiendo
1883 5080 1969 5160 (non
1993 5076 2073 5143 dieo
2096 5077 2132 5143 in
2151 5079 2416 5144 transmutando

936 5192 1010 5259 sive
1033 5191 1331 5258 transmutationis
1355 5193 1400 5257 ad
1424 5191 1569 5257 formam
1594 5191 1870 5275 accidentalem),
1886 5191 1997 5279 ipsam
2022 5193 2252 5260 substantiam
2276 5215 2417 5281 compo·

937 5307 1037 5375 sitam
1061 5307 1260 5374 immediate
1284 5318 1322 5373 ut
1348 5317 1444 5393 patet
1471 5307 1516 5373 de
1547 5307 1760 5392 quantitate;
1785 5345 1826 5356 -
1855 5307 2043 5394 aliquando
2075 5331 2159 5377 vero
2190 5310 2302 5397 ipsam
2336 5312 2417 5377 sub·

936 5424 1099 5491 stantiam
1122 5423 1325 5491 mediante⁰
1352 5423 1420 5490 alio
1447 5422 1650 5504 accidente3
1680 5445 1752 5489 non
1780 5423 1872 5490 enim
1900 5436 2017 5511 potest
2043 5424 2162 5492 induci
2193 5426 2350 5492 caliditas
2381 5427 2417 5493 in

937 5540 1055 5626 aliquo
1085 5540 1153 5607 nisi
1183 5540 1227 5606 sit
1259 5551 1437 5625 quantum,
1469 5560 1537 5606 nec
1568 5540 1696 5606 albedo
1728 5539 1795 5605 nisi
1823 5539 1867 5606 sit
1898 5552 2066 5626 quantum
2097 5553 2132 5608 et
2162 5543 2265 5627 quale
2295 5553 2416 5628 utpote

930 5656 1089 5723 ‘calidum
1114 5656 1168 5723 vel
1192 5655 1394 5723 huiusmodi
1418 5666 1452 5722 et
1474 5666 1600 5723 cetera

1029 5944 1037 5975 ¹
1050 5939 1144 5997 forma
1155 5942 1232 6013 talis]
1243 5940 1311 5996 talis
1321 5940 1415 5996 forma
1425 5941 1457 5996 P.
1468 5972 1502 5981 -
1513 5940 1524 5972 ³
1536 5957 1591 5995 mn.
1604 5939 1635 5995 P.
1649 5971 1683 5980 -
1693 5941 1705 5972 ⁸
1715 5941 1849 5996 absolute
1862 5940 2045 6013 intelligitur]
2059 5941 2230 6014 intelligitur
2240 5944 2376 5999 absolute
2386 5944 2416 5998 P.

939 6061 973 6071 -
992 6030 1166 6103 ⁴quiaadd.
1186 6030 1218 6086 P.
1237 6061 1271 6070 -
1291 6031 1369 6084 lom.
1390 6029 1421 6083 P.
1441 6060 1474 6069 -
1494 6028 1699 6100 ⁸aliquoadd.
1719 6029 1751 6084 P.
