6700 7992
1178 1445 1374 1517 Quamuu
1403 1445 1702 1516 Quomrssaruu,
1730 1445 1767 1517 Q.
1795 1445 1821 1499 x
2183 1448 2235 1499 263

758 1626 914 1692 notitiam
939 1626 1137 1712 superioris.
1164 1626 1318 1692 Scientia
1335 1638 1450 1692 autem
1467 1637 1609 1713 propter
1633 1626 1726 1711 quid,
1744 1649 1816 1691 non
1837 1626 1927 1711 quia,
1948 1638 2001 1692 est
2025 1648 2087 1712 per
2106 1625 2235 1712 priora3

759 1740 843 1805 nihil
867 1751 981 1806 autem
1007 1740 1102 1826 prius
1127 1751 1180 1805 est
1207 1739 1385 1826 principiis
1410 1739 1445 1805 in
1473 1739 1627 1805 scientia.
1653 1740 1724 1805 Sed
1748 1742 1837 1806 haec
1861 1741 2008 1804 habetur
2031 1739 2065 1805 in
2090 1739 2236 1806 scientia

760 1854 939 1940 superiore
964 1856 1233 1919 subalternante.
1259 1854 1303 1918 Et
1326 1854 1377 1919 sic
1402 1853 1552 1941 cognitis
1577 1854 1756 1940 principiis
1784 1853 1951 1919 scientiae
1978 1855 2236 1920 subalternatae

760 1980 832 2033 tum
861 1967 1063 2054 cognitione
1095 1968 1175 2053 quia
1204 1978 1266 2046 est,
1292 1968 1347 2033 via
1375 1990 1501 2033 sensus
1532 1980 1565 2033 et
1590 1968 1778 2033 memoriae
1805 1980 1838 2033 et
1867 1967 2100 2053 experientiae
2129 1979 2163 2033 et
2194 1990 2236 2034 ex

760 2082 942 2147 effectibus
981 2083 1034 2147 vel
1074 2081 1285 2162 huiusmodi,
1330 2092 1402 2146 tum
1448 2092 1591 2166 propter
1635 2081 1730 2167 quid,
1774 2103 1817 2146 ex
1861 2082 1926 2145 alia
1971 2081 2237 2167 participatione

760 2195 926 2262 scientiae
950 2194 1140 2281 superioris
1165 2197 1356 2280 (nunquam
1382 2194 1473 2259 enim
1499 2195 1561 2261 erit
1585 2196 1761 2281 perfectus
1781 2196 1815 2260 in
1838 2195 2057 2281 perspectiva
2082 2196 2140 2281 qui
2164 2217 2236 2261 non

762 2308 861 2375 luerit
899 2308 1088 2374 instructus
1128 2309 1161 2374 in
1195 2308 1386 2397 geometria
1422 2330 1484 2395 per
1518 2308 1699 2375 scientiam
1738 2310 1976 2395 superiorem),
2012 2321 2127 2376 tamen
2163 2332 2236 2375 non

760 2425 907 2489 habetur
945 2422 1115 2488 certitudo
1154 2422 1402 2509 principiorum
1442 2422 1615 2488 inferioris
1653 2423 1821 2489 scientiae
1861 2425 2117 2489 subalternatae
2157 2424 2238 2508 quia

761 2548 851 2616 sunt,
884 2558 974 2620 quae
1004 2548 1057 2602 est
1089 2536 1229 2621 propria
1261 2536 1338 2601 talis
1370 2536 1536 2602 scientiae
1568 2547 1605 2602 ut
1633 2549 1686 2602 θεῖ
1717 2559 1737 2601 a
1768 2538 1947 2622 superiore
1975 2537 2146 2617 distincta,
2174 2539 2237 2603 sed

761 2661 903 2737 propter
938 2650 1021 2734 quid
1057 2662 1090 2716 et
1125 2661 1252 2729 cetera,
1288 2672 1378 2736 quae
1412 2672 1484 2715 non
1517 2661 1570 2716 est
1604 2651 1804 2716 necessaria
1831 2652 1876 2715 ad
1908 2651 2172 2717 conclusionem
2205 2664 2239 2716 et

762 2764 905 2829 modum
940 2763 1074 2829 sciendi
1109 2762 1289 2829 scientiam
1321 2763 1529 2845 inferiorem,
1561 2763 1642 2830 licet
1676 2767 1745 2830 hoc
1775 2764 1881 2830 faciat
1912 2766 1955 2829 ad
1987 2766 2238 2851 perfectionem

762 2878 926 2943 maiorem
951 2878 1028 2942 talis
1053 2877 1221 2944 scientiae.
1252 2877 1326 2944 sive
1356 2880 1401 2943 ad
1428 2880 1497 2944 hoc
1522 2880 1616 2962 quod
1648 2901 1688 2943 ea
1720 2901 1810 2963 quae
1840 2891 1921 2944 sunt
1952 2879 2041 2944 illius
2071 2879 2239 2946 scientiae

762 2992 952 3077 perfectius
980 2990 1142 3057 sciantur.
1171 2990 1260 3078 Ipsis
1287 2991 1428 3076 quidem
1456 2991 1507 3058 sic
1535 2992 1686 3080 cognitis
1715 2992 1916 3079 cognitione
1945 2993 2095 3059 evidenti
2124 3004 2267 3079 potest

763 3128 805 3172 ex
829 3105 879 3171 eis
903 3105 1034 3190 acquiri
1059 3104 1205 3171 scientia
1229 3106 1272 3171 de
1297 3106 1526 3172 conclusione
1551 3127 1596 3181 ex
1623 3106 1709 3191 ipsis
1738 3106 1851 3173 elicita
1879 3120 1913 3173 et
1940 3130 2011 3173 non
2040 3120 2130 3173 ante.
2159 3109 2238 3173 Non

763 3231 816 3286 est
840 3242 925 3308 ergo
950 3241 1069 3285 verum
1094 3219 1189 3303 quod
1214 3220 1401 3284 assumitur
1425 3219 1459 3284 in
1484 3220 1595 3305 primo
1620 3231 1837 3307 argumento

851 3334 910 3398 Ad
945 3333 1029 3397 illud
1063 3334 1158 3417 quod
1195 3333 1318 3397 dicitur
1355 3332 1389 3398 in
1415 3334 1573 3399 secundo
1598 3345 1816 3419 argumento,
1849 3334 1951 3399 etiam
1976 3335 2239 3423 intelligendum

763 3448 911 3533 quodsi
943 3446 1121 3534 theologia
1157 3458 1251 3513 esset
1286 3446 1432 3512 scientia
1457 3468 1537 3514 vere
1573 3458 1606 3512 et
1641 3447 1781 3533 proprie
1816 3448 1861 3512 ad
1896 3450 2037 3513 modum
2073 3448 2240 3515 scientiae

764 3563 1022 3627 subalternatae
1061 3572 1222 3647 respectu
1262 3560 1429 3627 scientiae
1469 3583 1555 3647 pure
1594 3561 1875 3641 subalternantis,
1922 3572 2099 3648 oporteret
2145 3564 2240 3647 quod

765 3675 935 3763 principia
959 3674 1159 3763 theologiae
1183 3674 1217 3739 in
1242 3674 1319 3760 ipsa
1343 3673 1521 3763 theologia
1545 3674 1580 3740 in
1604 3676 1671 3740 hac
1695 3675 1763 3740 vita
1781 3687 1900 3741 essent
1916 3689 2010 3741 certa
2034 3676 2240 3742 certitudine

765 3789 971 3871 evidentiae,
996 3800 1165 3873 quantum
1190 3789 1234 3853 ad
1259 3788 1415 3854 notitiam
1440 3790 1561 3854 saltem
1586 3787 1668 3874 quia
1692 3800 1754 3870 est,
1780 3789 1864 3855 etin
1889 3789 2034 3855 scientia
2058 3792 2239 3856 beatorum

765 3916 907 3991 propter
930 3902 1015 3988 quid
1046 3915 1212 3988 quantum
1239 3904 1283 3968 ad
1318 3902 1383 3983 illa,
1420 3902 1449 3967 si
1480 3925 1549 3987 qua
1581 3914 1663 3969 sunt
1687 3925 1778 3988 quae
1813 3906 1943 3983 habent
1973 3916 2115 3989 propter
2146 3904 2240 3988 quid,

766 4029 824 4084 aut
857 4018 951 4102 quod
976 4016 1197 4103 participaret
1220 4028 1353 4082 tantum
1385 4016 1599 4082 descientia
1623 4018 1804 4082 beatorum
1837 4018 1931 4103 quod
1956 4017 2048 4083 dicta
2071 4017 2241 4103 principia

766 4143 884 4199 essent
907 4131 939 4197 ei
963 4142 1047 4196 nota
1082 4141 1114 4196 et
1151 4130 1232 4214 quia
1267 4141 1348 4195 sunt
1383 4140 1417 4197 et
1451 4141 1594 4216 propter
1628 4130 1722 4215 quid.
1748 4132 1851 4197 Unde
1875 4131 2041 4216 quamdiu
2072 4131 2242 4217 principia

766 4245 965 4333 theologiae
989 4256 1071 4310 sunt
1094 4246 1189 4330 apud
1213 4244 1363 4329 aliquem
1388 4246 1502 4309 solum
1530 4244 1670 4325 credita,
1696 4256 1733 4309 ut
1757 4246 1852 4329 quod
1880 4245 1948 4310 sint
1975 4256 2045 4311 tres
2069 4266 2242 4331 personae

766 4361 801 4426 in
841 4359 966 4425 divinis
1005 4370 1039 4425 et
1078 4370 1204 4439 cetera,
1229 4359 1360 4423 tamdiu
1392 4358 1495 4425 etiam
1519 4370 1572 4425 est
1603 4359 1784 4425 conclusio
1816 4380 1858 4424 ex
1893 4359 1944 4424 eis
1982 4358 2094 4425 elicita
2129 4360 2242 4424 solum

766 4474 907 4555 credita,
941 4484 978 4538 ut
1008 4475 1104 4558 quod
1143 4495 1213 4538 una
1251 4472 1410 4559 procedit
1448 4494 1511 4559 per
1546 4474 1686 4538 modum
1723 4484 1877 4554 naturae,
1902 4473 1969 4538 alia
2007 4494 2070 4559 per
2100 4475 2243 4538 modum

766 4589 964 4654 voluntatis.
985 4588 1029 4652 Et
1048 4588 1128 4653 ideo
1146 4589 1190 4651 ad
1212 4590 1280 4652 hoc
1300 4589 1396 4673 quod
1420 4587 1599 4674 theologia
1623 4586 1667 4652 sit
1686 4586 1832 4651 scientia
1856 4598 1890 4652 et
1914 4588 2010 4671 quod
2034 4609 2106 4651 non
2129 4588 2243 4671 solum

766 4703 854 4768 fides
878 4703 1049 4767 habeatur
1072 4702 1117 4767 de
1141 4700 1428 4767 conclusionibus
1465 4699 1664 4789 theologiae
1700 4700 1790 4765 sicut
1823 4702 1971 4766 habetur
2005 4723 2026 4765 a
2060 4700 2242 4787 principi0,
2301 4708 2303 4713 '

767 4816 869 4882 etiam
897 4817 941 4880 de
980 4814 1158 4900 principiis
1182 4814 1257 4880 eius
1297 4824 1435 4900 oportet
1471 4815 1565 4899 quod
1605 4836 1669 4878 sua
1702 4813 1873 4900 principia
1912 4814 1981 4879 sint
2018 4836 2090 4879 non
2130 4816 2242 4879 solum

767 4930 907 5009 credita,
932 4929 995 4994 sed
1027 4928 1129 4993 etiam
1155 4928 1359 4994 evidentia¹
1395 4939 1429 4993 et
1463 4938 1557 5008 nota,
1582 4939 1616 4992 et
1651 4929 1845 4994 secundum
1880 4929 2023 4993 modum
2047 4927 2244 4994 evidentiae

767 5042 1017 5129 principiorum
1042 5053 1095 5107 θεῖ
1130 5042 1305 5107 evidentia
1339 5042 1372 5106 in
1405 5041 1702 5108 conclusionibus.
1742 5041 1911 5123 Quamvis
1948 5041 2039 5108 enim
2075 5062 2118 5106 ex
2153 5042 2244 5127 prin-

767 5156 867 5242 cipiis
891 5158 1004 5222 solum
1029 5155 1169 5222 creditis
1186 5156 1298 5241 possit
1317 5154 1516 5220 conclusio²
1540 5154 1616 5220 elici
1636 5155 1730 5221 circa
1747 5177 1850 5240 quam
1867 5154 1975 5220 scitur
1991 5155 2245 5240 consequentia

767 5271 841 5336 sive
864 5269 1057 5336 necessitas
1097 5269 1381 5353 consequentiae,
1419 5291 1492 5334 non
1531 5280 1647 5335 tamen
1687 5290 1910 5353 consequens
1945 5268 2020 5335 sive
2051 5269 2244 5334 necessitas

768 5384 1017 5469 consequentis
1056 5394 1173 5469 potest
1208 5383 1287 5448 sciri
1323 5405 1366 5448 ex
1397 5383 1526 5448 talibus
1566 5382 1755 5469 principiis.
1793 5384 1896 5448 Unde
1931 5380 2096 5467 quamdiu
2132 5384 2245 5447 solum

768 5497 919 5564 creditur
943 5498 1038 5582 quod
1063 5497 1224 5562 Christus
1249 5496 1444 5576 resurrexit,
1470 5495 1577 5562 scitur
1612 5497 1707 5581 quod
1732 5507 1767 5562 et
1789 5517 1856 5561 nos
1891 5517 2114 5583 resurgemus
2139 5518 2245 5581 quan-

769 5623 840 5677 tum
866 5613 910 5677 ad
935 5611 1244 5696 consequentiam3
1270 5610 1359 5675 sicut
1383 5610 1412 5675 si
1436 5610 1552 5675 anima
1588 5610 1744 5677 Socratis
1769 5620 1822 5675 est
1857 5609 2067 5689 immortalis
2097 5621 2180 5675 tunc
2204 5632 2246 5675 ex
2299 5595 2303 5599 ⁴

770 5724 895 5790 talibus
920 5725 1099 5811 principiis
1124 5736 1158 5790 et
1182 5724 1357 5808 quaelibet
1377 5724 1492 5789 anima
1517 5735 1569 5790 est
1593 5723 1804 5790 immortalis
1830 5724 1901 5790 Sed
1926 5722 2017 5788 sicut
2033 5724 2246 5798 antecedens

771 5840 884 5904 solum
909 5838 1069 5918 creditur,
1094 5839 1140 5904 ita
1165 5850 1198 5904 et
1222 5859 1456 5922 consequens.

861 6070 869 6101 ¹
889 6066 1011 6124 evidens
1032 6067 1065 6122 V.
1080 6099 1113 6107 —
1128 6068 1139 6099 ²
1152 6066 1286 6146 quaestio
1299 6066 1334 6134 V,
