6700 7992
944 2399 1009 2452 cod.
1025 2400 1046 2452 S

920 2469 970 2526 fol.
985 2475 1021 2526 43
1033 2472 1074 2525 Rb

1104 1443 1158 1494 306
1470 1440 1663 1496 MAGISTRI
1693 1442 1913 1498 GODEFRIDI
1940 1444 1993 1498 DF.
2021 1442 2222 1500 FONTIBUS

1104 1619 1184 1673 reale
1207 1621 1244 1673 ab
1267 1629 1396 1685 aeterno,
1419 1620 1472 1675 sed
1498 1620 1572 1675 tuit¹
1598 1639 1723 1676 causans
1741 1620 1770 1674 in
1790 1621 1892 1676 habitu
1916 1621 1979 1676 sive
1999 1621 2190 1694 inpotentia.
2216 1622 2252 1677 Et
2275 1623 2408 1678 similiter
2431 1633 2584 1680 creaturae

1104 1717 1212 1772 nullum
1234 1735 1299 1773 esse
1318 1719 1397 1773 reale
1417 1719 1581 1773 habuerunt
1601 1720 1637 1773 ab
1658 1728 1778 1773 aeterno
1798 1719 1826 1773 in
1846 1725 1922 1787 actu,
1941 1720 1994 1774 sed
2014 1727 2125 1774 tantum
2145 1720 2174 1774 in
2193 1721 2334 1791 potentia.

1193 1815 1240 1869 Ad
1260 1815 1332 1869 illud
1352 1815 1431 1887 quod
1451 1815 1556 1870 dicitur
1576 1815 1655 1887 quod
1674 1834 1741 1870 esse
1761 1825 1913 1870 creaturae
1932 1826 2013 1871 esset
2031 1836 2090 1871 non
2112 1817 2321 1889 participatum
2341 1827 2372 1873 et
2390 1829 2469 1874 esset
2488 1838 2584 1892 aeque

1103 1910 1228 1983 simplex
1247 1912 1324 1967 sicut
1343 1931 1408 1967 esse
1429 1912 1493 1978 Dei,
1511 1931 1571 1968 non
1590 1913 1730 1985 sequitur.
1750 1914 1837 1984 Quia,
1856 1913 1932 1968 sicut
1951 1914 2024 1968 alias
2044 1915 2224 1969 declaratum
2248 1924 2302 1983 est,
2321 1916 2460 1988 ponendo
2483 1935 2584 1973 essen·

1103 2008 1173 2063 tiam
1200 2019 1352 2065 creaturae
1377 2010 1472 2065 minus
1498 2010 1662 2083 simplicem
1688 2029 1775 2083 quam
1800 2011 1838 2066 sit
1863 2011 1992 2066 essentia
2017 2012 2073 2066 Dei
2085 2013 2103 2080 ¹,
2129 2030 2186 2066 non
2206 2021 2325 2084 oportet
2344 2015 2423 2084 quod
2448 2015 2505 2070 hoc
2530 2016 2583 2070 fiat

1102 2107 1240 2178 ponendo
1260 2109 1343 2179 plura
1363 2109 1392 2161 iu
1410 2117 1545 2162 creatura
1565 2126 1640 2181 quae
1660 2109 1719 2163 sint
1738 2126 1804 2164 esse
1824 2117 1853 2163 et
1872 2109 2000 2163 essentia
2020 2109 2083 2163 sive
2102 2108 2190 2164 etiam
2210 2110 2349 2165 accidens
2359 2120 2389 2165 et
2407 2111 2583 2178 subiectum,

1101 2204 1172 2259 licet
1199 2204 1229 2259 in
1256 2206 1335 2260 omni
1364 2214 1498 2260 creatura
1520 2206 1558 2261 sit
1581 2206 1702 2277 aliquod
1722 2205 1860 2261 accidens
1889 2217 2006 2279 praeter
2032 2207 2226 2262 substantiam
2253 2208 2325 2276 ciue,
2350 2209 2419 2280 quia
2443 2209 2500 2265 hoc
2523 2227 2581 2265 non

1102 2316 1226 2374 poneret
1245 2303 1491 2375 compositionem
1513 2304 1542 2358 in
1565 2305 1694 2359 essentia
1725 2313 1885 2359 creaturae.
1908 2304 1968 2359 Sed
1993 2304 2099 2360 dicitur
2121 2305 2247 2377 ipsamet
2278 2306 2407 2362 essentia
2429 2316 2582 2362 creaturae

1118 2403 1122 2468 Ι
1147 2400 1322 2473 participata
1343 2412 1371 2455 et
1391 2402 1480 2456 etiam
1499 2402 1691 2474 compositior
1710 2420 1797 2474 quam
1817 2402 1947 2456 essentia
1967 2402 2066 2456 divina
2079 2422 2138 2457 non
2152 2403 2330 2459 includendo
2350 2404 2484 2459 diversas
2506 2406 2582 2473 res⁸,

1101 2497 1156 2551 sed
1175 2515 1228 2569 per
1246 2516 1334 2553 unam
1353 2507 1382 2554 et
1402 2499 1526 2555 eandem
1546 2518 1607 2554 rem
1622 2518 1698 2571 quae
1717 2500 1807 2554 habet
1826 2499 1905 2571 quod
1924 2500 1979 2555 sit¹
2000 2503 2105 2555 actus⁵
2126 2510 2156 2555 et
2176 2502 2308 2573 potentia
2327 2511 2466 2574 respectu
2486 2503 2581 2557 diver·

1101 2613 1209 2663 sorum,
1229 2597 1297 2669 quia
1318 2615 1435 2669 semper
1458 2597 1586 2651 essentia
1608 2597 1703 2652 minus
1726 2596 1859 2669 perfecta
1879 2606 1923 2653 est
1945 2600 2028 2670 qnasi
2052 2598 2198 2670 quaedam
2221 2600 2354 2671 potentia
2377 2602 2425 2654 vel
2440 2601 2581 2672 quodam-

1100 2694 1190 2749 modo
1218 2694 1379 2766 potentiale
1407 2702 1544 2767 respectu
1574 2694 1668 2767 magis
1699 2694 1833 2767 perfecti,
1853 2704 1883 2750 et
1910 2704 1955 2751 est
1984 2704 2082 2751 tamen
2115 2697 2234 2768 quidam
2266 2706 2349 2752 actus
2377 2698 2407 2752 in
2435 2715 2477 2767 se,
2504 2698 2581 2753 sicut

1101 2793 1174 2848 alias
1194 2792 1288 2865 magis
1312 2793 1418 2847 diffuse
1441 2792 1627 2847 dictumest.

1668 3159 1934 3229 Quaestio
1972 3160 2009 3214 11

1757 3318 1919 3368 innume).
1943 3370 1946 3378 ,

1454 3498 1563 3553 Utrum
1581 3499 1673 3570 prius
1695 3503 1812 3553 creetur
1832 3500 1959 3552 essentia
1981 3517 2072 3570 qrcam
2095 3517 2154 3553 esse
2173 3505 2182 3557 i
2187 3502 2221 3565 1).

1187 3748 1235 3802 nd
1257 3748 1419 3804 secundum
1442 3749 1485 3804 sic
1506 3749 1677 3821 proceditur
1698 3758 1727 3805 et
1750 3750 1881 3822 arguitur
1903 3750 1981 3821 quod
2005 3767 2070 3804 esse
2090 3751 2170 3821 prius
2193 3759 2308 3804 creetur
2331 3768 2418 3823 quam
2438 3752 2576 3817 essentia,

1097 3846 1164 3917 quia
1183 3847 1344 3901 secundum
1357 3848 1476 3901 beatum
1489 3846 1664 3918 Dionysium
1674 3852 1721 3915 (2),
1736 3848 1837 3919 quinto
1853 3848 1889 3902 de
1903 3847 2018 3902 Divinis
2031 3848 2215 3914 NominibuS,
2230 3848 2310 3902 Deus
2323 3848 2575 3920 incircumscripte

1095 3951 1189 3998 totum
1218 3962 1284 3998 esse
1313 3944 1466 3998 coambit¹
1496 3952 1526 3999 et
1551 3946 1648 3999 omnia
1683 3945 1779 4017 ipsum
1813 3944 2000 4018 participant,
2037 3954 2067 4000 et
2097 3945 2158 3999 ibi:
2197 3946 2357 4018 praemittit
2382 3945 2477 4017 ipsum
2509 3963 2575 4000 esse

1095 4041 1231 4096 omnibus
1254 4041 1318 4096 aliis
1341 4059 1416 4113 quae
1438 4042 1658 4114 participantur,
1672 4052 1702 4097 et
1724 4044 1768 4096 sic
1790 4042 1906 4096 videtur
1928 4043 2008 4114 quod
2030 4043 2124 4115 primo
2148 4052 2272 4099 creetur.
2292 4043 2365 4097 Item
2387 4053 2489 4116 quarta
2509 4062 2575 4116 pro-

1094 4139 1243 4212 positione
1262 4140 1299 4194 de
1320 4139 1473 4208 Causisffi)
1501 4140 1607 4194 dicitur
1635 4141 1715 4214 quod
1735 4141 1828 4212 prima
1847 4159 1942 4195 rerum
1963 4150 2126 4196 creatarum
2147 4150 2192 4195 est
2211 4158 2285 4196 esse.
2306 4143 2384 4213 Ergo
2408 4150 2438 4196 et
2467 4151 2574 4196 cetera.

1184 4239 1303 4292 Contra.
1326 4239 1358 4291 ln
1380 4238 1572 4309 generatione
1595 4238 1751 4310 compositi
1775 4256 1834 4293 non
1859 4238 1940 4311 prius
1966 4246 2124 4310 generatur
2146 4238 2242 4293 forma
2264 4256 2352 4310 quam
2377 4239 2500 4293 materia
2525 4241 2574 4293 vel

1095 4354 1111 4390 e
1131 4353 1283 4390 converso.
1303 4337 1381 4407 Ergo
1401 4354 1419 4389 a
1438 4335 1524 4389 simili
1544 4336 1587 4391 sic
1606 4336 1662 4390 erit
1682 4337 1719 4391 de
1739 4354 1804 4391 esse
1824 4345 1854 4390 et
1873 4336 2010 4391 essentia.

1183 4433 1361 4505 Respondeo
1384 4432 1540 4488 dicendum
1564 4434 1643 4504 quod
1671 4433 1695 4488 si
1722 4435 1850 4488 essentia
1874 4434 2006 4489 differret
2028 4453 2059 4488 re
2082 4435 2119 4488 ab
2143 4452 2208 4488 esse
2233 4443 2263 4489 et
2285 4434 2413 4489 essentia
2438 4442 2517 4489 esset
2542 4442 2574 4489 ut

1093 4549 1167 4602 pura
1190 4531 1323 4603 potentia
1351 4540 1380 4586 et
1409 4549 1475 4586 esse
1501 4540 1580 4586 esset
1599 4531 1796 4603 simpliciter¹
1818 4540 1901 4587 actus
1924 4550 1990 4588 cum
2012 4532 2124 4587 simui¹
2155 4532 2309 4587 duratione
2335 4533 2575 4604 produceretur⁹

1093 4638 1258 4701 utrumque,
1268 4639 1366 4685 tamen
1386 4630 1515 4685 essentia
1534 4630 1727 4702 praecederet
1746 4629 1842 4702 ipsum
1857 4648 1923 4685 esse
1936 4630 2050 4702 origine
2064 4639 2094 4685 et
2108 4648 2124 4685 e
2140 4648 2284 4685 converso
2298 4647 2365 4684 esse
2379 4630 2574 4701 praecederet

1093 4725 1250 4780 essentiam
1270 4725 1421 4797 dignitate,
1440 4725 1517 4781 sicut
1535 4725 1719 4795 Augustinus
1734 4729 1773 4797 (4)
1801 4726 1873 4781 dicit
1895 4728 1915 4758 ¹⁰
1940 4726 2066 4797 septimo
2086 4725 2323 4792 Confessionum,
2343 4726 2424 4797 quod
2449 4725 2572 4780 materia

1092 4820 1226 4876 informis
1250 4822 1412 4894 praecessit
1438 4822 1561 4877 sormam
1588 4821 1711 4894 origine,
1730 4822 1784 4876 sed
1810 4821 1904 4877 forma
1929 4821 2094 4894 praecessit
2117 4821 2269 4876 materiam
2285 4821 2429 4894 dignitate
2456 4831 2485 4876 et
2506 4839 2572 4893 per·

1092 4919 1221 4974 sectione
1243 4919 1313 4974 licet
1334 4920 1495 4974 secundum
1517 4938 1584 4974 eum
1601 4922 1620 4952 ¹¹
1640 4920 1728 4973 ambo
1751 4918 1859 4974 fuerint
1872 4919 1958 4974 simul
1971 4927 2105 4991 tempore
2128 4919 2207 4974 iacta
2224 4920 2252 4972 ¹¹.
2273 4918 2304 4974 Si
2324 4927 2423 4974 autem
2443 4920 2572 4975 essentia

1091 5026 1218 5089 ponatur
1240 5034 1292 5072 ens
1315 5025 1383 5072 actu
1404 5016 1585 5088 simpliciter,
1610 5034 1663 5071 ens
1688 5025 1786 5071 tamen
1811 5016 1840 5071 in
1867 5016 1999 5090 potentia
2025 5016 2186 5072 secundum
2207 5016 2277 5088 quid
2297 5025 2327 5071 et
2353 5033 2420 5071 esse
2445 5025 2572 5088 ponatur

1091 5122 1175 5170 actus
1199 5114 1360 5169 secundum
1388 5114 1467 5188 quid,
1495 5123 1565 5170 tunc
1592 5113 1663 5169 licet
1690 5115 1890 5186 producantur
1924 5114 2010 5169 simul
2034 5123 2167 5186 tempore
2196 5114 2260 5169 sive
2289 5113 2453 5183 duratione,
2472 5123 2572 5170 tamen

1091 5211 1220 5267 essentia
1245 5213 1359 5284 origine
1384 5221 1413 5268 et
1437 5212 1623 5283 perfectione
1647 5212 1841 5284 praecederet
1854 5213 1875 5247 ¹³
1897 5230 1971 5268 esse.
1995 5212 2055 5268 Sed
2079 5212 2156 5285 quia,
2171 5220 2203 5266 ut
2229 5213 2386 5284 probatum
2406 5221 2451 5267 est
2476 5230 2566 5285 supra

1181 5484 1188 5514 ¹
1202 5481 1278 5536 sicut
1293 5482 1326 5537 C.
1341 5513 1373 5522 -
1388 5482 1399 5514 ¹
1411 5480 1511 5536 divina
1524 5481 1557 5536 C.
1571 5513 1604 5521 -
1619 5483 1629 5514 ³
1642 5480 1820 5535 includendo
1834 5512 1867 5519 —
1880 5482 1939 5550 res]
1953 5479 2145 5551 intelligendo
2158 5495 2206 5533 res
2219 5478 2352 5534 diversas
2366 5479 2399 5535 C.
2419 5511 2452 5520 —
2466 5483 2477 5512 ⁴
2490 5481 2570 5551 quod

1089 5577 1137 5648 sit]
1157 5595 1212 5632 om.
1232 5578 1271 5646 83
1289 5578 1359 5634 add.
1378 5590 1414 5632 aa
1428 5595 1466 5631 m.
1481 5577 1510 5631 S.
1533 5608 1566 5616 —
1590 5576 1694 5647 ¹quod
1707 5608 1740 5617 -
1754 5577 1847 5645 actus]
1867 5584 1934 5630 actu
1950 5575 1982 5629 C.
2005 5608 2039 5616 -
2064 5569 2187 5630 ¹coabit
2206 5574 2239 5630 C.
2259 5607 2293 5615 —
2315 5575 2462 5646 ¹simplex
2477 5575 2511 5631 C.
2536 5606 2569 5614 -

1090 5666 1169 5720 ⁸om.
1190 5665 1223 5720 C.
1243 5698 1276 5706 —
1296 5665 1499 5738 ¹producetur
1518 5664 1551 5719 C.
1576 5696 1609 5703 —
1631 5665 1652 5696 ¹⁰
1664 5663 1748 5735 ponit
1767 5662 1800 5718 C.
1823 5695 1857 5704 —
1882 5666 1901 5696 ¹¹
1916 5662 2076 5718 secundum
2096 5664 2172 5732 eum]
2199 5681 2254 5717 our.
2275 5662 2308 5718 C.
2331 5694 2365 5702 —
2393 5664 2414 5695 ¹¹
2427 5663 2513 5717 simul
2536 5693 2569 5701 -

1089 5752 1179 5823 facta]
1199 5752 1277 5808 facta
1297 5753 1382 5808 simul
1401 5760 1535 5823 tempore
1555 5751 1588 5806 C.
1608 5783 1641 5791 -
1663 5752 1684 5784 ¹¹
1698 5751 1857 5822 praecedet
1877 5752 1910 5806 C.

1177 5960 1217 6025 (1)
1237 5956 1298 6012 Cfr.
1318 5975 1367 6029 pp.
1388 5958 1512 6011 177-179.
1541 5987 1575 5995 -
1603 5959 1642 6023 (2)
1658 5954 1718 6011 Cir.
1738 5974 1766 6028 p.
1788 5958 1847 6024 178,
1862 5974 1890 6011 n.
1911 5960 1959 6024 (l).
1981 5987 2013 5996 —
2034 5958 2073 6024 (3)
2087 5955 2148 6011 Cir.
2168 5955 2251 6021 ibid,
2273 5973 2301 6010 n.
2321 5959 2370 6027 (2).
2390 5986 2424 5995 —
2452 5952 2568 6022 (diCsr.

1091 6045 1171 6113 ibid,
1189 6063 1217 6100 n.
1238 6048 1287 6114 (3).
