6700 7992
1193 1461 1344 1517 PRIMUM
1374 1461 1673 1532 QUODLIBETUM,
1702 1462 1738 1532 Q.
1758 1461 1798 1514 Xl
2199 1462 2235 1511 29

758 1643 804 1707 ad
820 1641 1060 1727 sepeliendum
1078 1639 1227 1706 electum
1243 1652 1389 1726 possent
1406 1641 1543 1722 deferri,
1561 1641 1729 1726 numquid
1747 1641 1841 1720 illud,
1859 1640 1910 1707 sic
1926 1642 1971 1705 ab
1987 1640 2117 1705 herede
2134 1637 2234 1722 quasi

759 1778 801 1823 ex
817 1756 928 1845 gratia
944 1777 1016 1822 non
1041 1777 1084 1822 ex
1109 1755 1228 1822 debito
1254 1757 1406 1822 delatum
1428 1757 1629 1842 simpliciter
1653 1769 1688 1823 et
1711 1759 1872 1822 absolute
1896 1770 1929 1822 et
1954 1755 2037 1821 nulli
2061 1774 2234 1841 personae

758 1874 812 1939 vel
829 1872 908 1939 loco
926 1873 1094 1937 donatum
1110 1872 1165 1938 vel
1181 1872 1396 1957 deputatum,
1413 1883 1570 1938 remanet
1585 1873 1621 1938 in
1638 1883 1812 1958 potestate
1829 1871 2018 1938 deferentis
2035 1883 2071 1936 ut
2095 1871 2129 1935 in
2153 1872 2234 1936 loco

759 1988 818 2074 qui
834 1987 900 2054 sibi
916 1987 1085 2073 placuerit
1101 1986 1184 2052 illud
1201 1987 1306 2052 faciat
1321 1987 1470 2073 sepeliri,
1488 1989 1542 2054 vel
1559 1990 1603 2054 de
1625 1988 1699 2053 iure
1723 1988 1963 2074 sepeliendum
1988 2000 2041 2052 est
2065 2008 2135 2051 una
2155 2008 2235 2051 cum

758 2125 907 2189 corpore
923 2101 1130 2189 principali?
1151 2102 1297 2168 Videtur
1320 2105 1416 2188 quod
1439 2104 1682 2189 sepeliendum
1707 2103 1750 2168 sit
1774 2104 1809 2169 in
1833 2105 1912 2169 loco
1936 2125 1957 2167 a
1981 2114 2078 2189 patre
2102 2103 2235 2182 electo;

758 2241 839 2284 nam
864 2240 942 2285 cum
967 2228 1084 2284 cesset
1107 2239 1215 2284 causa
1237 2230 1497 2304 propterquam
1514 2218 1550 2283 in
1567 2219 1635 2285 alio
1652 2220 1732 2285 loco
1749 2231 1884 2305 poterat
1900 2199 2048 2305 sepeliri,
2069 2228 2190 2304 utpote
2207 2217 2236 2282 si

759 2335 989 2422 contingeret
1002 2334 1087 2399 illud
1110 2334 1259 2418 relinqui
1283 2346 1425 2420 propter
1442 2335 1451 2370 ¹
1471 2335 1685 2420 praedictam
1703 2335 2023 2401 incommoditatem
2040 2346 2074 2401 et
2091 2334 2236 2400 difficul-

661 2482 666 2492 ·
758 2463 864 2517 tatem
881 2449 1071 2530 deferendi,
1087 2448 1224 2515 videtur
1240 2451 1337 2534 quod
1354 2470 1433 2515 cum
1450 2471 1599 2537 corpore
1616 2451 1743 2516 debeat
1763 2449 1910 2536 sepeliri.
1928 2451 2016 2515 Nam
2037 2451 2140 2515 heres
2164 2470 2236 2514 non

758 2566 892 2633 faciens
920 2566 1133 2631 voluntatem
1162 2565 1329 2645 defuncti,
1358 2567 1421 2631 sed
1449 2567 1527 2650 plus
1555 2565 1690 2632 faciens
1717 2588 1821 2650 quam
1850 2566 1973 2632 dixerit
2002 2567 2057 2631 vel
2089 2565 2237 2631 senserit

760 2681 873 2748 dictus
890 2682 1087 2761 defunctus
1106 2680 1229 2747 dicitur
1246 2681 1389 2766 imple're
1406 2682 1619 2748 voluntatem
1637 2683 1803 2747 defuncti.
1829 2681 2011 2747 Praedicta
2035 2703 2120 2767 ergo
2145 2681 2237 2766 posi·

758 2798 852 2864 tione
877 2798 970 2862 facta
993 2817 1065 2862 non
1090 2797 1225 2861 videtur
1249 2797 1345 2880 quod
1369 2797 1522 2882 potuerit
1545 2819 1607 2883 per
1626 2799 1791 2863 heredem
1808 2797 1882 2863 fieri
1899 2797 2099 2863 huiusmodi
2117 2797 2237 2862 immu-

758 2913 853 2994 tatio,
871 2913 1019 2978 maxime
1030 2912 1071 2987 ‚in
1094 2913 1163 2978 hoc
1187 2933 1272 2977 casu
1296 2911 1332 2977 in
1356 2933 1437 2997 qu0,
1464 2924 1499 2977 ut
1524 2912 1653 2978 dictum
1680 2925 1742 2992 est,
1768 2914 1873 2978 debet
1895 2915 2057 2977 voluntas
2082 2911 2237 2978 defuncti

759 3028 939 3120 observari
963 3040 1066 3112 prout
1089 3040 1206 3113 potest
1229 3027 1303 3092 fieri
1327 3030 1423 3094 bono
1448 3030 1565 3108 modu,
1590 3038 1624 3094 et
1647 3030 1716 3093 hoc
1740 3040 1809 3093 tam
1831 3029 1992 3094 voluntas
2010 3050 2176 3113 expressa
2193 3030 2238 3093 de

759 3166 907 3230 corpore
936 3143 1137 3228 simpliciter
1164 3165 1269 3227 quam
1297 3142 1399 3209 etiam
1424 3143 1590 3229 implicita
1614 3144 1658 3210 de
1682 3143 1846 3209 omnibus
1870 3165 1960 3228 quae
1984 3164 2064 3208 cum
2090 3164 2238 3228 corpore

760 3259 979 3347 contingeret
995 3258 1131 3324 deferri.
1149 3259 1228 3323 Hoc
1246 3258 1337 3324 enim
1355 3257 1475 3323 debuit
1492 3279 1571 3325 esse
1587 3258 1836 3326 rationabiliter
1852 3261 2013 3325 voluntas
2030 3259 2105 3325 eius
2129 3259 2238 3345 impli-

759 3376 837 3455 cita,
863 3386 900 3441 ut
923 3374 953 3439 si
977 3395 1199 3458 quocumque
1223 3394 1309 3439 casu
1334 3374 1553 3462 contingeret
1581 3394 1711 3461 corpus
1740 3396 1818 3440 cum
1847 3375 2046 3439 huiusmodi
2075 3375 2200 3441 deferri
2216 3374 2237 3455 ⁹,

760 3492 855 3576 quod
879 3491 981 3555 simul
1005 3511 1084 3555 cum
1108 3489 1173 3554 illis
1202 3489 1406 3575 sepeliretur
1433 3489 1469 3553 in
1497 3489 1677 3575 praedicto
1705 3490 1786 3556 loco
1815 3489 2006 3576 principali,
2038 3489 2130 3573 Quia
2158 3511 2238 3556 cum

759 3627 888 3691 corpus
913 3605 1091 3671 entitatem
1119 3605 1180 3670 et³
1204 3603 1372 3670 unitatem
1400 3606 1528 3671 babeat
1557 3627 1598 3671 ex
1627 3605 1882 3694 aggregatione
1911 3627 2049 3671 suarum
2079 3606 2237 3691 partium,

662 3700 667 3706 ’
760 3722 849 3787 sicut
866 3721 1041 3806 separatio
1066 3721 1215 3806 partium
1240 3732 1293 3784 est
1317 3731 1438 3785 contra
1463 3723 1594 3786 bonum
1619 3733 1774 3799 naturae,
1800 3721 1847 3786 ita
1870 3722 1959 3787 velle
1983 3721 2058 3787 illas
2083 3721 2238 3807 separari

760 3838 827 3904 nisi
844 3840 890 3904 ob
907 3838 1056 3923 aliquam
1075 3839 1319 3904 necessitatem
1336 3837 1569 3904 videturesse
1586 3849 1708 3902 contra
1724 3839 1856 3903 bonum
1881 3838 1997 3903 moris.
2021 3838 2125 3905 Unde
2149 3837 2239 3929 sicut

760 3955 795 4020 in
813 3975 892 4019 esse
909 3964 1053 4019 naturae
1070 3954 1296 4020 constitutum
1313 3966 1368 4020 est
1383 3974 1461 4020 cum
1481 3952 1643 4018 omnibus
1660 3953 1824 4018 membris
1841 3964 1875 4019 et
1891 3953 1941 4019 sic
1955 3952 2057 4019 etiam
2070 3965 2238 4042 resurget,

760 4070 807 4135 ita
824 4069 960 4135 videtur
983 4071 1078 4154 quod
1102 4069 1280 4136 rationalis
1303 4071 1466 4134 voluntas
1490 4068 1767 4153 uniuscuiusque
1792 4069 1919 4135 debeat
1943 4091 2023 4135 esse
2048 4078 2084 4134 ut
2107 4081 2238 4153 quanto

760 4184 884 4251 melius
910 4184 985 4251 fieri
1013 4185 1173 4270 potuerit,
1198 4185 1233 4250 in
1263 4185 1395 4266 unitate
1419 4196 1656 4265 conservetur,
1682 4196 1715 4249 et
1740 4186 1784 4248 ad
1809 4184 2095 4250 resurrectionem
2123 4185 2238 4269 dispo·

760 4312 871 4380 natur,
888 4300 969 4366 licet
991 4299 1124 4365 virtus⁴
1148 4299 1265 4365 divina
1287 4312 1606 4385 quantumcumque
1623 4299 1782 4385 dispersa
1799 4321 1863 4385 pos
1891 4303 1896 4384 l
1924 4300 1967 4365 sit
1984 4301 2188 4387 recolligere
2205 4311 2238 4365 et
2266 4291 2430 4417 foioiibvltb

758 4415 904 4482 reunire.
923 4415 1013 4481 Cum
1030 4416 1133 4481 etiam
1148 4415 1348 4481 huiusmodi
1369 4415 1544 4501 separatio
1569 4417 1756 4499 quamdam
1781 4416 1996 4482 atrocitatem
2021 4427 2054 4482 et
2078 4416 2237 4480 inhuma·
2309 4404 2315 4416 ’

758 4530 901 4596 nitatem
918 4530 1090 4616 importet,
1108 4553 1180 4597 non
1197 4532 1303 4597 debet
1319 4530 1392 4597 fieri
1410 4530 1476 4596 nisi
1493 4531 1686 4596 necessitas
1704 4532 1749 4596 ad
1766 4534 1836 4596 hoc
1852 4543 1968 4619 cogat.

850 4646 921 4714 Sed
939 4646 1020 4731 quia
1036 4646 1195 4732 quaestio
1212 4646 1346 4732 quaerit
1363 4646 1506 4711 ulterius
1523 4657 1637 4711 utrum
1655 4647 1775 4712 saltem
1795 4648 1839 4712 de
1856 4667 2033 4713 consensu
2058 4669 2178 4713 eorum
2203 4647 2236 4712 in

761 4784 908 4848 quorum
933 4763 1013 4828 loco
1037 4774 1090 4828 est
1113 4762 1237 4848 aliquis
1253 4762 1478 4848 sepeliendus
1496 4763 1608 4847 possit
1625 4763 1787 4828 voluntas
1804 4762 1997 4848 sepeliendi
2014 4763 2107 4829 circa
2123 4765 2238 4849 sepul·
2302 4747 2305 4752 ⁴

760 4887 871 4943 turam
904 4876 1084 4958 immutari,
1121 4877 1202 4943 ideo
1235 4877 1377 4943 ulterius
1408 4876 1590 4942 sciendum
1624 4878 1719 4962 quod
1753 4879 1798 4942 ad
1835 4877 2022 4943 videndum
2060 4880 2238 4962 quomodo

761 4992 887 5077 poterit
904 4992 958 5058 vel
977 5014 1049 5058 non
1067 4992 1194 5078 poterit
1210 4992 1381 5058 immutari
1399 4992 1597 5057 huiusmodi
1614 4992 1779 5058 voluntas
1796 4993 1952 5058 defuncti
1969 4994 2022 5059 vel
2041 4992 2074 5057 in
2092 5005 2166 5058 toto
2186 4995 2238 5059 vel

760 5106 796 5172 in
822 5119 917 5192 parte
941 5109 986 5174 de
1010 5129 1186 5174 consensu
1211 5107 1346 5173 illorum
1371 5107 1427 5173 in⁶
1451 5129 1598 5193 quorum
1622 5109 1701 5174 loco
1727 5108 1801 5173 talis
1827 5108 1932 5196 elegit
1956 5109 2180 5194 sepulturam,
2206 5121 2240 5175 et

763 5223 864 5288 etiam
883 5244 964 5289 cum
981 5222 1069 5290 h0c⁶
1085 5223 1289 5289 auctoritate
1306 5224 1505 5310 superioris,
1524 5224 1784 5290 consideranda
1801 5236 1854 5290 est
1869 5226 2029 5290 voluntas
2048 5237 2082 5289 et
2099 5224 2239 5290 devotio

676 5398 678 5403 .
762 5361 866 5423 quam
890 5339 1010 5405 habuit
1035 5339 1221 5405 defunctus
1256 5340 1300 5404 ad
1335 5341 1437 5405 talem
1473 5340 1590 5406 locum
1627 5361 1669 5405 ex
1705 5340 1820 5405 causis
1856 5340 2053 5425 praedictis.
2079 5340 2122 5405 Et
2156 5352 2241 5407 tunc

761 5453 961 5519 huiusmodi
990 5456 1150 5520 voluntas
1182 5476 1254 5520 non
1286 5456 1391 5520 debet
1419 5454 1589 5520 immutari
1618 5455 1685 5520 nisi
1713 5457 1759 5521 ob
1788 5454 1939 5541 aliquam
1967 5455 2069 5521 aliam
2098 5477 2238 5522 causam

761 5569 959 5651 meliorem;
976 5581 1010 5636 et
1025 5572 1094 5636 hoc
1110 5572 1215 5636 debet
1234 5570 1307 5636 fieri
1324 5593 1367 5636 ex
1384 5570 1649 5657 dispensatione
1677 5571 1712 5637 in
1741 5594 1809 5656 qua
1834 5571 2027 5637 necessitas
2052 5575 2187 5658 (utpote
2210 5572 2240 5637 si

852 5882 960 5952 ¹quam
972 5913 1004 5920 -
1018 5884 1148 5953 propter]
1169 5899 1224 5934 om.
1238 5880 1269 5934 P.
1286 5912 1316 5921 -
1331 5882 1410 5936 'hoc
1429 5881 1506 5936 enirn
1522 5913 1554 5921 -
1569 5880 1689 5958 deferri]
1705 5899 1760 5935 om.
1775 5882 1805 5936 P.
1819 5914 1852 5921 -
1870 5883 1926 5941 ⁸ut
1940 5883 1970 5938 P.
1984 5914 2017 5922 —
2031 5885 2041 5914 ⁴
2055 5882 2162 5936 virtute
2177 5883 2240 5941 PV.

762 5967 1135 6029 -ldeP.-⁶hacPV.
