6700 7992
1072 1408 1122 1465 nt
1435 1409 1629 1467 uxorsnu
1655 1395 1876 1468 contaxatur
1904 1411 1957 1466 ua
1984 1400 2182 1469 sonneiis

1069 1591 1250 1658 influentia
1274 1590 1339 1656 Dei
1359 1592 1422 1658 ·vel
1444 1593 1578 1657 formae
1602 1603 1636 1657 et
1652 1590 1808 1677 ,aliorum
1837 1590 2016 1679 agentium
2040 1602 2156 1677 potest
2183 1591 2331 1660 omnino
2360 1612 2433 1659 non
2458 1613 2553 1660 esse:

1070 1707 1135 1773 His
1158 1706 1557 1793 uisis'patethabitudo
1592 1707 1703 1794 ipsius
1737 1707 1911 1774 essentiae
1938 1710 1983 1773 ad
2011 1729 2090 1775 esse
2117 1707 2199 1793 quia
2230 1707 2266 1773 in
2293 1708 2389 1775 nullo
2412 1709 2550 1780 realiter

904 1876 908 1887 .
1070 1823 1234 1889 differunt
1251 1823 1286 1887 ¹.·‘
1367 1885 1370 1890 .

1159 2053 1241 2137 Quo
1269 2053 1344 2119 viso
1373 2052 1457 2119 satis
1492 2053 1637 2120 faciliter
1673 2066 1768 2141 patet
1805 2053 1932 2120 solutio
1964 2053 2180 2140 quaestionis
2207 2054 2429 2141 praemissae.
2458 2054 2547 2122 Cum

1070 2170 1161 2236 enirn
1198 2170 1373 2256 quaeritur
1407 2170 1548 2236 utrum²
1582 2182 1740 2236 creatura
1780 2193 1852 2236 non
1888 2170 2041 2237 existens
2073 2171 2184 2257 possit
2221 2170 2290 2237 dici
2334 2192 2396 2238 ens
2428 2193 2548 2239 verum

1069 2288 1161 2353 reale
1185 2286 1319 2352 ratione
1343 2308 1428 2353 suae
1452 2286 1636 2367 essentiae,
1652 2286 1849 2354 dicendum
1874 2298 1927 2353 est
1951 2288 2047 2373 quod
2070 2286 2098 2352 si
2123 2287 2277 2354 essentia
2302 2299 2395 2355 esset
2418 2287 2549 2373 aliquid

1069 2402 1205 2469 realiter
1253 2403 1346 2469 aliud
1397 2404 1440 2467 ab
1492 2424 1580 2483 esse,
1620 2414 1705 2469 tunc
1750 2403 1949 2469 secundum
1998 2414 2173 2489 ponentes
2226 2403 2414 2485 materiam,
2458 2425 2549 2490 quae

1069 2520 1198 2587 nullam
1222 2519 1455 2586 actualitatem
1483 2518 1654 2605 importat,
1682 2540 1789 2605 posse
1809 2540 1888 2586 esse
1911 2518 1987 2584 sine
2012 2519 2106 2585 omni
2133 2520 2253 2599 forma,
2282 2519 2405 2586 melius
2429 2536 2549 2606 posset

1070 2635 1167 2721 poni·
1189 2634 1342 2702 essentia
1373 2646 1553 2702 creaturae
1588 2656 1695 2721 posse
1730 2656 1872 2702 manere
1907 2644 1942 2701 et
1973 2656 2052 2701 esse
2082 2634 2117 2700 in
2155 2656 2270 2702 rerum
2309 2647 2434 2702 natura
2471 2634 2548 2702 sine

1071 2750 1164 2819 omni
1189 2751 1247 2817 tali
1271 2772 1360 2830 esse,
1386 2773 1465 2817 curn
1487 2752 1531 2817 de
1559 2773 1598 2817 se
1621 2750 1775 2837 aliquam,
1795 2750 2030 2817 actualitatem
2054 2750 2256 2836 simpliciter
2279 2751 2451 2837 importet,
2475 2773 2547 2818 non

1070 2868 1121 2935 sic
1145 2878 1260 2934 autem
1285 2866 1437 2933 materia.
1465 2866 1503 2933 Si
1528 2866 1630 2934 etiam
1659 2866 1752 2933 dicat
1775 2866 2009 2933 actualitatem
2023 2866 2044 2947 ³,
2069 2888 2142 2933 non
2165 2877 2281 2933 tamen
2305 2878 2436 2934 tantam
2454 2868 2549 2954 quod

1070 2985 1264 3052 secundum
1292 2983 1384 3049 illam
1418 2983 1530 3069 possit
1565 3004 1644 3049 esse
1680 2981 1715 3049 in
1752 2993 2023 3049 rerum-natura
2060 2982 2135 3049 sine
2177 2983 2294 3069 aliquo
2325 2983 2391 3049 sibi
2430 2983 2549 3051 addito

1070 3101 1166 3188 quod
1204 3100 1328 3166 dicitur
1363 3121 1442 3166 esse
1474 3099 1688 3179 existentiae,
1718 3120 1790 3165 non
1817 3098 1954 3166 videtur
1982 3098 2041 3184 [in]
2071 3098 2172 3165 dictis
2200 3098 2235 3165 in
2263 3099 2439 3186 positione
2466 3120 2550 3167 con-

1070 3217 1227 3297 cordare,
1267 3215 1432 3301 quoniam
1472 3226 1530 3281 aut
1569 3236 1800 3301 unaquaeque
1839 3214 1992 3282 essentia
2031 3224 2084 3282 est
2123 3214 2350 3282 determinata
2388 3216 2433 3281 ad
2471 3235 2550 3283 esse

1070 3333 1212 3420 aliquod
1236 3342 1296 3398 aut
1319 3354 1401 3397 non.
1428 3331 1466 3397 Si
1490 3330 1550 3411 sic,
1576 3342 1659 3397 tunc
1683 3353 1755 3396 non
1781 3342 1834 3398 est
1860 3352 1980 3397 verum
2005 3331 2102 3417 quod
2126 3330 2251 3398 dicitur
2276 3332 2372 3417 quod
2397 3330 2550 3398 essentia

1069 3460 1186 3536 potest
1213 3447 1358 3535 intelligi
1386 3468 1458 3513 non
1486 3448 1598 3513 solum
1627 3447 1703 3513 sine
1731 3468 1809 3514 esse
1837 3446 1947 3534 ipsius
1975 3448 2037 3513 sed
2066 3449 2132 3513 sub
2157 3446 2232 3514 eius
2257 3447 2443 3534 opposit0;
2469 3446 2550 3533 quia

1070 3566 1161 3633 enirn
1189 3561 1281 3654 ignis
1309 3563 1559 3630 determinatus
1588 3575 1640 3630 est
1673 3564 1718 3629 ad
1741 3561 1847 3630 esse⁴
1875 3562 2036 3645 calidum,
2061 3585 2132 3631 non
2160 3575 2277 3650 potest
2300 3563 2444 3653 intelligi
2471 3583 2550 3630 esse

1069 3703 1140 3749 non
1168 3681 1313 3762 caliduS,
1342 3678 1448 3746 licet⁶
1481 3679 1593 3766 possit
1620 3678 1765 3768 intelligi
1796 3700 1869 3746 non
1901 3679 2035 3745 calidus
2059 3656 2232 3768 negative,
2264 3678 2300 3747 id
2332 3690 2385 3747 est
2415 3680 2550 3766 absque

1069 3797 1254 3865 caliditate.
1283 3796 1320 3863 Si
1348 3817 1431 3877 non,
1456 3817 1543 3883 ergo
1583 3806 1700 3882 potest
1725 3794 1849 3861 variari
1877 3796 1921 3862 de
1949 3816 2020 3862 uno
2048 3817 2128 3863 esse
2156 3796 2201 3861 ad
2229 3795 2319 3863 illius
2346 3793 2549 3884 oppositum

1069 3913 1143 3980 sive
1179 3914 1224 3979 ad
1261 3911 1365 3993 aliud,
1393 3911 1485 3978 sicut
1513 3911 1684 4000 contingit
1721 3912 1765 3978 de
1803 3911 1947 3978 materia
1982 3922 2143 3998 respectu
2184 3912 2383 3978 formarum.
2417 3911 2461 3978 Et
2487 3911 2549 3992 sic,

1068 4028 1149 4097 licet
1165 4029 1325 4096 essentia
1353 4049 1491 4114 semper
1516 4026 1560 4094 sit
1580 4029 1645 4094 sub
1667 4027 1784 4114 aliquo
1812 4049 1891 4095 esse
1918 4027 2008 4094 sicut
2035 4026 2178 4094 materia
2201 4029 2267 4094 sub
2291 4027 2405 4115 aliqua
2428 4026 2549 4110 forma,

1068 4156 1185 4232 potest
1215 4158 1330 4213 tamen
1366 4144 1440 4210 fieri
1476 4144 1655 4210 successio
1691 4143 1837 4231 plurium
1877 4165 1957 4211 esse
1993 4144 2232 4230 oppositorum
2273 4143 2366 4210 circa
2400 4144 2549 4211 eandem

1068 4262 1265 4329 essentiam.
1290 4262 1333 4326 Et
1357 4260 1521 4342 sic,sicut
1545 4281 1624 4326 curn
1648 4259 1741 4348 ignis
1765 4281 1836 4326 non
1862 4271 1915 4326 est
1939 4261 2133 4327 secundum
2158 4259 2262 4327 esse⁶
2285 4239 2430 4326 formale
2446 4258 2548 4349 ignis,

1068 4389 1185 4464 potest
1208 4377 1276 4445 dici
1305 4399 1383 4444 esse
1411 4375 1540 4461 aliquid
1565 4376 1759 4442 secundum
1785 4375 1860 4443 eius
1885 4398 1963 4443 esse
1989 4375 2191 4444 materiale⁷
2218 4397 2261 4446 eo
2285 4375 2382 4462 quod
2405 4374 2549 4442 materia

1068 4506 1185 4561 manet
1208 4496 1274 4560 sub
1299 4515 1389 4579 aqua
1414 4514 1504 4579 quae
1529 4514 1571 4559 ex
1595 4491 1672 4579 ipso
1696 4504 1864 4580 generata
1888 4503 1950 4573 est,
1976 4492 2022 4559 ita
2056 4514 2135 4559 curn
2169 4514 2226 4559 res
2260 4492 2375 4579 aliqua
2399 4513 2470 4558 non
2496 4502 2549 4559 est

1068 4609 1197 4696 aliquid
1222 4610 1416 4677 secundum
1433 4609 1508 4675 eius
1533 4630 1612 4675 esse
1629 4607 1844 4689 existentiae,
1862 4618 1978 4694 potest
1996 4608 2063 4675 dici
2079 4629 2157 4676 esse
2175 4608 2329 4694 aliquid⁸
2352 4608 2547 4675 secundum

1068 4726 1143 4793 eius
1168 4748 1247 4794 esse
1272 4725 1445 4792 essentiae
1470 4724 1642 4790 manentis
1667 4725 1733 4789 sub
1758 4724 1825 4790 alio
1849 4746 1939 4791 esse.
2000 4768 2003 4774 -

1157 4843 1229 4909 Sed
1253 4841 1334 4928 quia
1358 4841 1469 4929 magis
1494 4839 1675 4926 probabile
1700 4851 1753 4905 est
1784 4840 1901 4907 dicere
1935 4842 2031 4926 quod
2056 4862 2127 4907 non
2161 4840 2276 4908 differt
2299 4840 2436 4907 realiter
2467 4859 2548 4907 esse

1068 4970 1102 5025 et
1125 4957 1288 5039 essentia,
1326 4958 1406 5023 ideo
1439 4957 1626 5023 dicendum
1658 4957 1754 5041 quod
1785 4978 1822 5022 re
1854 4978 1926 5022 non
1959 4968 2040 5023 ente
2064 4957 2257 5023 secundum
2295 4977 2374 5023 esse
2399 4954 2548 5023 existen·

1066 5076 1146 5155 tiae,
1181 5075 1257 5161 ipsa
1294 5073 1379 5139 nihil
1411 5084 1463 5139 est
1499 5084 1578 5138 actu
1614 5072 1649 5137 in
1686 5094 1725 5138 se
1749 5071 1826 5158 ipsa
1861 5093 1928 5139 nec
1952 5071 1987 5137 in
2012 5072 2126 5158 aliqua
2145 5072 2316 5139 realitate
2352 5072 2547 5140 secundum

1067 5211 1147 5258 esse
1179 5190 1361 5270 essentiae,
1394 5188 1484 5255 sed⁰
1514 5189 1630 5255 solum
1665 5199 1718 5254 est
1750 5186 1938 5254 virtualiter
1966 5187 2000 5253 in
2038 5210 2102 5254 sua
2137 5209 2244 5255 causa
2272 5199 2306 5254 et
2341 5198 2394 5254 est
2421 5207 2546 5254 secun·

1067 5309 1149 5373 dum
1185 5308 1254 5373 hoc
1290 5305 1418 5391 aliquid
1453 5305 1647 5370 secundum
1684 5326 1762 5371 esse
1791 5304 1993 5371 essentiae-⁹
2024 5316 2057 5371 et
2092 5303 2296 5371 existentiae
2319 5302 2355 5370 in
2379 5302 2546 5391 potentia,

1067 5435 1104 5489 ut
1128 5444 1266 5510 semper
1290 5432 1458 5507 quantum
1483 5419 1655 5508 contingit
1683 5419 1785 5486 alicui
1809 5421 1854 5487 de
1880 5441 1959 5486 esse
1987 5419 2161 5487 essentiae
2178 5420 2203 5456 ¹⁰
2229 5420 2285 5486 vel
2313 5419 2358 5487 de
2382 5417 2545 5501 essentia,

1066 5551 1200 5606 tanturn
1232 5539 1275 5605 de
1308 5560 1394 5623 esse!
1418 5536 1621 5603 existentiae
1654 5537 1708 5602 vel
1741 5536 1785 5602 de
1810 5535 2002 5602 existentia.
2035 5537 2116 5602 Non
2144 5535 2195 5602 sic
2219 5547 2334 5602 autem
2358 5534 2546 5617 chimaera,

1065 5860 1068 5867 ’
1128 5899 1134 5910 .
1156 5856 1164 5885 ¹
1183 5851 1321 5906 differant
1339 5851 1372 5905 V.
1393 5882 1426 5891 —
1446 5848 1618 5922 'quaeritur
1637 5850 1742 5919 utrum]
1762 5867 1818 5904 om.
1837 5848 1869 5903 P.
1889 5879 1923 5888 —
1941 5846 2138 5921 ⁸simpliciter
2158 5879 2191 5888 —
2210 5848 2421 5920 actualitatem]
2436 5866 2493 5904 om.
2512 5848 2545 5905 P.

1065 5973 1098 5981 -
1119 5941 1221 5996 ‘ea'R
1242 5968 1276 5982 -υ
1296 5943 1377 5994 ⁶-non
1396 5940 1464 5993 add.
1474 5939 1509 5993 ·P.
1529 5970 1563 5979 -
1577 5939 1588 5970 ⁸
1600 5955 1633 5992 se
1652 5938 1684 5991 P.
1695 5968 1731 5980 -
1747 5935 1915 5992 'essentiae
1929 5936 1960 5992 P.
1974 5968 2007 5978 -
2022 5938 2033 5967 ⁰
2047 5954 2112 5991 esse
2126 5936 2247 6008 aliquid]
2263 5937 2373 6011 aliquid
2387 5953 2453 5994 esse
2466 5936 2497 5992 Ρ.
2511 5966 2545 5981 ν-

1065 6030 1193 6086 ‘'sed-
1214 6028 1370 6098 essentiae]
1390 6046 1445 6080 our.
1465 6026 1495 6080 P.
1517 6058 1545 6065 —
1571 6028 1592 6058 ¹⁰
1605 6043 1659 6080 om.
1680 6026 1711 6080 P.
2283 6043 2287 6050 ¹
