6700 7992
1384 1365 1535 1419 PRIMUM
1556 1363 1854 1435 QUODLIBETUM,
1874 1365 1910 1436 Q.
1931 1365 1958 1418 ll
2391 1368 2409 1418 5

931 1565 1081 1630 cumque
1105 1544 1296 1629 perfectam
1321 1554 1522 1610 creaturam.
1547 1543 1591 1609 Et
1617 1542 1668 1609 sic
1692 1542 1795 1609 etiam
1820 1543 1944 1610 dicitur
1967 1545 2062 1629 quod
2086 1542 2198 1632 gratia
2220 1543 2409 1630 perfectior

931 1673 984 1728 est
1008 1653 1202 1725 substantia
1218 1659 1355 1725 animae
1371 1679 1443 1724 non
1461 1657 1671 1744 simpliciter,
1688 1660 1751 1725 sed
1777 1659 2037 1744 quodammodo
2047 1660 2066 1739 ¹,
2084 1670 2251 1744 quantum
2275 1659 2409 1725 adhoc

931 1776 1064 1843 scilicet
1081 1774 1176 1859 quod
1197 1774 1257 1840 fini
1282 1773 1462 1862 coniungit
1478 1773 1628 1839 animam
1646 1774 1752 1840 modo
1769 1773 1967 1859 perfectiori
1991 1796 2094 1860 quam
2112 1775 2223 1860 possit
2239 1772 2408 1864 coniungi

931 1891 1006 1958 sine
1031 1890 1096 1970 illa,
1121 1889 1201 1956 licet
1225 1888 1350 1970 anima,
1375 1909 1454 1955 cum
1479 1888 1523 1954 sit
1546 1888 1741 1956 substantia
1764 1890 1936 1975 quaedam
1960 1890 2125 1975 perfecta,
2150 1890 2345 1957 secundum
2368 1911 2408 1957 se

931 2007 974 2074 sit
1002 2005 1198 2093 perfectior.
1227 2004 1287 2072 Sic
1318 2003 1421 2071 etiarn
1454 2005 1578 2071 dicitur
1609 2005 1704 2090 quod
1736 2027 1840 2072 omne
1872 2026 1992 2094 agenS,
2021 2006 2057 2071 in
2085 2015 2252 2090 quantum
2284 2027 2406 2095 agens

930 2121 1120 2209 perfectius
1148 2133 1200 2188 est
1227 2120 1390 2206 patiente,
1417 2120 1497 2186 licet
1520 2120 1709 2206 aliquando
1733 2121 1935 2206 simpliciter
1961 2120 2005 2186 sit
2029 2121 2289 2206 imperfectius;
2317 2121 2408 2189 sicut

930 2237 1095 2304 sensibile
1119 2237 1356 2323 imperfectius
1380 2248 1434 2303 est
1457 2258 1562 2322 quam
1586 2237 1638 2302 vis
1662 2236 1838 2302 sensitiva.

1020 2352 1112 2437 Quia
1129 2374 1214 2441 ergo
1231 2374 1293 2438 per
1309 2351 1393 2418 nihil
1409 2363 1528 2438 potest
1544 2351 1686 2436 aliquod
1702 2372 1766 2417 ens
1783 2351 1830 2417 ita
1846 2352 2001 2437 perfecte
2025 2351 2193 2441 coniungi
2209 2352 2269 2418 fini
2286 2354 2406 2421 ultimo

930 2470 1020 2536 sicut
1044 2468 1268 2557 coniungitur
1283 2477 1441 2534 creatura
1455 2466 1633 2533 rationalis
1654 2468 1732 2533 Deo
1757 2466 1982 2552 pergratiam
2000 2467 2149 2548 unioniS,
2167 2480 2202 2535 et
2218 2470 2407 2555 praecipue

930 2585 959 2651 si
976 2584 1184 2670 supponitur
1196 2583 1291 2667 quod
1308 2583 1373 2649 ista
1386 2583 1469 2649 unio
1481 2582 1638 2648 includat
1648 2582 1740 2647 illam
1754 2603 1844 2667 quae
1860 2582 2020 2649 consistit
2036 2582 2071 2648 in
2089 2583 2224 2650 actibus
2240 2585 2406 2670 perfectis

929 2703 1054 2767 beatae
1078 2699 1261 2779 fruitionis,
1285 2698 1366 2765 ideo
1386 2698 1522 2765 videtur
1545 2699 1641 2784 quod
1664 2698 1823 2783 operatio
1848 2720 1917 2782 qua
1940 2709 2064 2764 natura
2086 2699 2263 2766 rationalis
2291 2707 2407 2766 unitur

930 2816 1049 2882 divino
1074 2816 1258 2900 supposito
1282 2813 1318 2879 in
1342 2813 1473 2880 unitate
1497 2813 1669 2900 suppositi
1693 2813 1737 2879 sit
1767 2813 1954 2899 perfectior
1983 2836 2203 2899 quacumque
2235 2815 2300 2881 alia
2325 2839 2407 2903 ope·

931 2932 1075 2998 ratione.
1100 2931 1145 2996 Et
1170 2932 1368 3016 posthunc
1391 2931 1538 3019 gradum
1563 2940 1616 2995 est
1639 2929 1797 3015 operatio
1820 2951 1890 3014 qua
1913 2929 1950 2994 fit
1974 2943 2011 2994 ut
2035 2952 2098 3015 per
2121 2932 2252 2996 donum
2273 2933 2406 3019 gloriae

930 3051 1054 3114 beatus
1082 3046 1307 3135 coniungitur
1329 3047 1407 3112 Deo
1432 3057 1468 3111 ut
1491 3045 1551 3110 fini
1575 3044 1797 3110 beatificanti.
1823 3045 1865 3110 Et
1889 3059 1971 3130 post
1994 3047 2089 3111 hunc
2105 3047 2125 3126 ²,
2154 3048 2310 3132 operatio
2338 3070 2406 3133 qua

931 3164 1041 3229 viator
1071 3163 1102 3228 ei
1131 3161 1354 3249 coniungitur
1379 3183 1441 3247 per
1467 3160 1622 3248 gratiam.
1646 3161 1693 3225 Et
1721 3161 1915 3226 secundum
1939 3163 2009 3227 hoc
2033 3162 2144 3227 maius
2169 3175 2230 3241 est,
2259 3177 2296 3226 ut
2323 3163 2406 3230 dicit

930 3279 1150 3365 Augustinus
1167 3281 1224 3359 (l),
1241 3277 1427 3343 iustificare
1444 3276 1585 3362 impium
1611 3299 1715 3362 quam
1740 3297 1858 3343 creare
1883 3277 2018 3342 caelum
2036 3290 2069 3342 et
2093 3289 2228 3358 terram,
2246 3280 2309 3343 sed
2334 3301 2406 3345 non

930 3395 1012 3462 dicit
1036 3393 1158 3479 quod³
1180 3393 1291 3458 maius
1315 3391 1384 3458 sit⁴
1408 3414 1510 3478 quam
1535 3391 1732 3480 glorificare
1756 3393 1811 3458 vel
1835 3391 1932 3458 unire
1956 3392 2050 3459 dicto
2074 3395 2190 3460 modo.

1020 3510 1121 3576 Circa
1152 3511 1221 3575 hoc
1252 3520 1368 3575 tamen
1406 3519 1459 3574 est
1493 3508 1787 3574 considerandum
1824 3509 1920 3593 quod
1954 3508 2213 3575 considerando
2246 3513 2406 3578 absolute

931 3626 1156 3712 quantitatem
1173 3625 1257 3690 boni
1274 3625 1350 3689 dati
1366 3626 1419 3689 vel
1428 3623 1441 3659 ⁶
1456 3623 1564 3689 habiti
1580 3645 1642 3709 per
1656 3623 1857 3690 huiusmodi
1873 3624 2122 3710 operationem,
2136 3625 2247 3714 gratia
2265 3628 2404 3693 unionis

931 3754 964 3808 et
992 3741 1102 3831 gloria
1129 3754 1210 3806 sunt
1238 3740 1460 3826 operationes
1488 3739 1562 3805 sive
1590 3751 1734 3824 operata
1761 3738 1893 3805 maiora
1921 3761 2025 3824 quam
2053 3741 2163 3828 gratia
2187 3764 2256 3827 qua
2280 3743 2406 3829 impius

929 3858 1141 3923 iustificatur.
1161 3855 1428 3922 Considerando
1453 3870 1569 3921 tamen
1593 3857 1726 3920 donum
1750 3855 1885 3944 gloriae
1902 3867 1937 3922 et
1951 3857 2084 3944 gratiae
2108 3859 2302 3924 secundum
2329 3881 2404 3944 pro·

929 3973 1124 4059 portionem
1149 3974 1193 4037 ad
1217 3993 1260 4038 ea
1284 3972 1409 4057 quibus
1435 3972 1570 4052 dantur,
1590 3971 1641 4037 sic
1665 3971 1777 4036 maius
1794 3983 1847 4038 est
1863 3971 2048 4038 iustificare
2073 3995 2176 4057 quam
2200 3974 2405 4061 glorificare,

929 4089 1010 4174 quia
1028 4088 1138 4153 mains
1163 4099 1215 4153 est
1239 4087 1370 4174 gratiae
1395 4089 1527 4152 donum
1552 4107 1622 4171 quo
1646 4086 1852 4152 iustificatur
1874 4087 2000 4172 impius
2024 4108 2103 4153 cum
2128 4100 2222 4154 esset
2245 4089 2406 4156 inimicus

929 4215 963 4270 et
978 4204 1068 4269 filius
1084 4204 1166 4282 irae,
1184 4224 1287 4288 quam
1305 4204 1434 4268 donum
1456 4201 1588 4291 gloriae
1612 4224 1684 4287 quo
1708 4202 1924 4269 beatificatur
1948 4203 2058 4269 iustus
2075 4225 2154 4269 cum
2172 4216 2266 4270 esset
2282 4226 2406 4290 accep·

929 4319 1007 4385 tus⁰
1023 4330 1056 4384 et
1072 4330 1192 4406 gratus
1216 4320 1294 4384 Deo
1307 4317 1328 4398 ⁷,
1346 4318 1426 4403 quia
1440 4317 1452 4352 ⁸
1468 4319 1546 4403 plus
1563 4317 1701 4385 excedit
1717 4319 1850 4383 donum
1864 4318 1996 4407 gratiae
2013 4318 2182 4404 impium⁹
2202 4320 2259 4405 qui
2277 4321 2405 4408 dignus

930 4446 1003 4501 erat
1030 4456 1103 4499 non
1130 4433 1240 4522 gratia
1269 4435 1332 4499 sed
1360 4455 1485 4519 poena,
1514 4456 1618 4519 quam
1649 4435 1781 4498 donum
1808 4433 1940 4521 gloriae
1964 4434 2182 4501 beatificatos
2209 4436 2279 4520 qui,
2308 4436 2405 4521 quod

929 4550 1056 4615 iustum
1082 4560 1192 4615 estet
1219 4549 1269 4614 eis
1294 4571 1363 4634 quo
1396 4552 1399 4634 l
1432 4550 1621 4615 dammodo
1638 4570 1681 4615 ex
1705 4549 1884 4636 condigno
1901 4548 1926 4585 ¹⁰
1953 4549 2108 4618 debitum
2132 4551 2313 4636 recipiunt.
2339 4552 2405 4618 Per
2462 4555 2564 4610 cod-P

929 4665 1108 4752 praedicta
1131 4677 1226 4750 patet
1250 4665 1434 4751 responsio
1459 4666 1504 4730 ad
1528 4665 1674 4730 obiecta.
2426 4625 2476 4680 fol.
2491 4629 2542 4681 136
2555 4628 2601 4680 V²

1020 4951 1027 4980 ¹
1042 4950 1108 5003 Hoc
1126 4947 1181 5002 fuit
1194 4948 1222 5002 in
1236 4949 1367 5019 margine
1381 4949 1444 5003 sine
1463 4948 1566 5019 signo:
1581 4947 1679 5003 Credo
1693 4949 1773 5020 quod
1793 4950 1849 5002 hoc
1869 4957 1914 5003 est
1934 4947 2108 5019 accipiendo
2126 4958 2219 5004 totum
2238 4951 2403 5006 subiectum

928 5037 1060 5090 naturale
1075 5054 1140 5090 cum
1154 5035 1249 5108 gratia
1261 5045 1398 5107 respectu
1412 5054 1478 5091 esse
1491 5045 1612 5091 naturae
1627 5028 1721 5103 (eene)
1735 5035 1804 5106 quia
1817 5036 1978 5090 secundum
2000 5037 2152 5091 entitatem
2165 5055 2261 5091 rerum
2274 5057 2332 5092 una
2346 5044 2403 5106 (u2)

929 5123 1110 5178 ordinabiles
1124 5132 1154 5178 et
1166 5123 1357 5178 fundamenta
1371 5141 1436 5178 esse
1449 5132 1602 5195 respectus
1616 5123 1653 5177 ad
1668 5123 1785 5178 diversa
1799 5125 1902 5178 saltem
1915 5123 1945 5178 in
1964 5124 2007 5178 eis
2021 5142 2097 5195 quae
2116 5124 2215 5178 insunt
2232 5125 2404 5180 naturaliter

930 5214 1001 5284 [per]
1015 5211 1053 5265 ad
1068 5229 1143 5282 quae
1163 5219 1208 5265 est
1227 5229 1274 5265 res
1292 5211 1321 5264 in
1341 5210 1474 5281 potentia
1492 5211 1617 5266 naturali
1636 5213 1706 5266 add.
1727 5212 1760 5265 in
1778 5213 1919 5285 margine
1937 5226 1972 5265 2⁰
1987 5230 2024 5264 m.
2039 5213 2069 5266 P.
2084 5244 2117 5251 -
2133 5214 2143 5244 ²
2157 5230 2214 5283 qua
2233 5215 2302 5266 add.
2316 5215 2350 5268 V.
2370 5246 2404 5254 -

929 5300 941 5331 ⁸
960 5317 1014 5352 om.
1035 5299 1066 5353 P.
1080 5330 1113 5338 —
1136 5302 1203 5352 ‘est
1222 5299 1252 5351 P.
1270 5330 1303 5338 —
1324 5298 1408 5352 ⁵dati
1427 5300 1485 5367 vel]
1505 5299 1551 5353 vel
1572 5299 1632 5353 dati
1652 5300 1719 5353 PV.
1739 5331 1772 5338 —
1793 5300 1925 5353 ⁶lacuna
1944 5300 1979 5353 V.
1999 5331 2032 5338 -
2054 5301 2131 5353 ⁷om.
2144 5300 2178 5352 V.
2200 5333 2230 5338 —
2248 5302 2362 5372 ³quare
2372 5302 2404 5355 P.

929 5419 964 5427 -
978 5388 989 5418 ⁰
1002 5386 1108 5458 impius
1122 5386 1159 5454 V;
1177 5385 1363 5440 iustificando
1378 5386 1498 5457 impium
1512 5388 1542 5441 P.
1557 5419 1591 5426 -
1606 5388 1628 5419 ¹⁰
1641 5386 1732 5458 digno
1745 5388 1776 5441 P.

1014 5651 1327 5723 mmpanm
