6700 7992
1240 1426 1414 1483 TERTIUM
1444 1426 1743 1498 QUODLIBETUll,
1771 1425 1808 1498 Q.
1835 1426 1862 1479 V
2228 1432 2281 1483 ‘zm

806 1610 899 1676 nulla
926 1607 1263 1696 superinducebatur
1287 1617 1471 1693 antequam
1490 1607 1540 1673 sic
1569 1619 1662 1674 esset
1686 1608 1875 1674 resolutum
1901 1620 1934 1675 et
1958 1621 2158 1695 corruptum
2185 1609 2280 1695 quod

806 1747 848 1793 ex
872 1747 914 1793 eo
939 1746 1031 1791 nova
1054 1724 1192 1812 species
1217 1734 1453 1811 generaretur.

894 1843 998 1908 Unde
1021 1841 1124 1908 etiam
1149 1863 1217 1928 ego
1242 1840 1300 1925 qui
1325 1843 1416 1906 hanc
1441 1840 1651 1925 positionem
1677 1864 1748 1907 non
1773 1865 1893 1908 assero
1919 1843 2039 1909 falsam
2065 1856 2099 1909 et
2123 1842 2281 1928 impossi-

806 1959 919 2039 bilem,
937 1980 1009 2024 non
1036 1957 1116 2024 dico
1140 1957 1242 2023 etiam
1271 1978 1349 2023 esse
1374 1956 1588 2042 impossibile
1621 1978 1750 2042 corpus
1782 1959 1872 2025 Petri
1905 1959 2017 2025 vivum
2050 1972 2083 2026 et
2108 1971 2280 2024 mortuum

736 2145 741 2156 ,
806 2074 857 2141 sic
888 2074 996 2141 fuisse
1033 2096 1138 2140 unum
1171 2085 1205 2139 et
1235 2073 1324 2138 idem
1363 2094 1518 2138 numero.
1556 2075 1663 2139 Immo
1699 2075 1727 2138 si
1759 2077 1850 2139 hanc
1883 2087 2013 2161 partem
2055 2075 2281 2141 determinate

808 2211 998 2258 assererem
1024 2191 1119 2274 quod
1147 2188 1182 2254 in
1207 2189 1348 2254 homine
1374 2200 1454 2254 sunt
1479 2190 1594 2274 plures
1620 2190 1763 2271 formae,
1792 2191 1843 2257 sic
1868 2192 1983 2277 potius
2009 2213 2176 2278 ponerem
2193 2190 2282 2258 sicut

808 2308 948 2394 ponitur
979 2305 1207 2373 communiter
1235 2318 1400 2390 quantum
1435 2307 1478 2370 ad
1511 2308 1580 2371 hoc
1612 2327 1632 2370 a
1660 2307 1908 2372 communitate
1937 2308 2139 2393 ponentium
2166 2308 2281 2393 plures

806 2425 945 2490 formas.
971 2422 1042 2488 Sed
1070 2422 1151 2507 quia
1181 2422 1338 2487 nondum
1371 2422 1504 2487 asserui
1537 2444 1603 2487 nec
1634 2423 1750 2487 adbuc
1782 2445 1912 2499 assero,
1943 2424 2022 2489 ideo
2052 2423 2085 2489 in
2114 2424 2182 2489 hoc
2210 2445 2281 2488 non

806 2539 901 2605 sisto
942 2539 1013 2606 Sed
1053 2529 1132 2603 dico
1172 2538 1265 2622 quod
1302 2539 1497 2604 secundum
1519 2550 1708 2623 ,ponentes
1748 2538 1782 2603 in
1822 2539 1962 2604 homine
2006 2552 2136 2605 tantum
2178 2562 2280 2605 unam

807 2658 953 2722 formam
976 2655 1082 2739 quod,
1112 2666 1148 2718 ut
1175 2653 1304 2739 pluries
1329 2653 1409 2733 dixi,
1434 2654 1570 2719 videtur
1597 2654 1679 2719 milii
1705 2676 1810 2740 posse
1838 2678 1900 2741 per
1927 2657 2067 2721 modum
2094 2654 2282 2741 probabilis

806 2771 977 2850 sustineri,
1002 2771 1081 2836 licet
1105 2772 1173 2835 hoc
1198 2792 1269 2834 non
1294 2792 1459 2850 asseram,
1481 2770 1652 2835 diceretur
1669 2772 1763 2854 quod
1783 2771 1816 2835 in
1832 2793 1979 2856 corpore
1997 2771 2124 2837 christi
2146 2785 2283 2837 mortuo

807 2887 869 2954 fuit
893 2886 958 2952 alia
985 2888 1094 2952 forma
1120 2885 1357 2951 substantialis
1383 2886 1539 2951 eiusdem
1564 2887 1694 2971 speciei
1720 2908 1798 2953 cum
1823 2891 1933 2954 l'orma
1958 2911 2047 2953 moa
2075 2911 2161 2973 quam
2180 2888 2281 2954 etiam

807 3003 869 3069 fuit
892 3003 926 3069 in
952 3024 1100 3088 corpore
1126 3001 1217 3067 l‘etri
1242 3015 1391 3067 urortuo.

894 3120 983 3185 Cum
1008 3118 1132 3184 dicitur
1154 3118 1297 3183 ulterius
1322 3120 1415 3203 quod
1440 3142 1530 3184 nova
1557 3119 1678 3184 fuisset
1696 3119 1777 3184 unio
1803 3121 1856 3186 vel
1874 3121 2077 3206 assumptio,
2095 3121 2280 3187 (licendum

806 3236 900 3321 quod
928 3257 998 3300 non
1027 3246 1174 3320 oportet.
1200 3237 1289 3300 Cum
1315 3234 1406 3300 enim
1432 3235 1535 3300 Filius
1562 3235 1626 3300 Ilei
1656 3258 1718 3321 per
1742 3259 1780 3301 se
1804 3248 1837 3301 et
1866 3237 1976 3322 primo
2001 3238 2229 3324 assmnpsoit
2252 3243 2284 3303 et

806 3352 871 3418 sibi
889 3351 922 3416 in
941 3351 1071 3417 unitate
1089 3351 1261 3437 suppositi
1281 3351 1425 3415 univerit
1442 3362 1599 3416 naturam
1617 3354 1804 3416 humanam
1829 3353 2089 3418 substantialem
2117 3370 2151 3419 ut
2176 3377 2283 3440 ‹pum-

808 3470 886 3534 dam
919 3478 1076 3534 naturam
1105 3490 1209 3532 unam
1239 3467 1468 3552 compositam
1498 3490 1539 3533 ex
1568 3468 1709 3534 materia
1739 3481 1772 3534 et
1804 3469 1914 3534 torma
1944 3469 2171 3549 substantiali,
2204 3470 2282 3536 licet

806 3583 927 3651 ordine
951 3594 1095 3649 naturae
1111 3583 1287 3649 materiam
1305 3582 1479 3649 mediante
1497 3583 1621 3657 anima,
1643 3585 1764 3649 -alia
1788 3606 1878 3670 quae
1903 3586 2101 3651 huiusmodi
2125 3599 2282 3652 naturam

807 3711 1018 3786 assumptam
1037 3699 1318 3765 concomitantur
1335 3711 1372 3764 ut
1387 3712 1468 3764 sunt
1483 3699 1678 3765 accidentia
1697 3713 1730 3765 et
1747 3700 1993 3787 dispositiones
2018 3716 2050 3767 et
2071 3701 2282 3783 huiusmodi,

807 3839 868 3903 per
893 3837 932 3882 se
959 3816 1032 3881 sive
1061 3816 1200 3902 proprie
1229 3838 1299 3880 non
1328 3815 1592 3900 assumpslerlit,
1622 3838 1688 3881 nec
1716 3816 1766 3881 sic
1793 3816 1857 3882 sibi
1888 3817 1920 3881 in
1949 3818 2079 3883 unitate
2110 3818 2282 3904 suppositi

807 3931 925 4013 univit,
953 3933 1016 3997 sed
1044 3932 1142 4017 quasi
1166 3953 1229 4017 per
1253 3931 1419 3997 accidens
1444 3932 1518 3997 sive
1544 3932 1812 3998 concomitative
1837 3944 1870 3997 et
1895 3933 1995 3998 etiam
2025 3933 2221 4020 improprie,
2247 3945 2282 3999 ut

806 4048 940 4115 dicatur
968 4048 1064 4135 large
1093 4061 1126 4113 et
1154 4047 1342 4133 improprie
1369 4060 1584 4132 assumptum
1614 4061 1647 4112 et
1677 4047 1809 4113 unitum
1838 4049 2002 4135 ‹pricquid
2034 4060 2087 4116 est
2116 4072 2220 4116 unum
2247 4050 2280 4116 in

806 4186 884 4231 esse
909 4175 942 4229 et
965 4164 1123 4229 subiecto
1148 4184 1226 4230 cum
1254 4174 1445 4249 assumpto.
1471 4164 1513 4229 Et
1538 4163 1588 4230 sic
1613 4176 1733 4248 posset
1758 4164 1824 4230 dici
1850 4167 1942 4250 ‹ltrtul
1968 4165 2094 4251 aliquid
2121 4167 2164 4232 de
2187 4188 2280 4232 novo
2335 4220 2440 4276 mv
2528 4187 2530 4192 ·

805 4279 993 4366 assumpsit
1024 4283 1028 4364 Ι
1061 4292 1094 4345 et
1118 4280 1246 4364 aliquid
1275 4293 1451 4365 sumptum
1477 4280 1640 4366 deposuit
1664 4281 1767 4344 etiam
1792 4281 1872 4345 dum
1903 4281 2050 4347 vivebat.
2076 4282 2161 4348 Nam
2190 4283 2279 4349 circa
2301 4290 2473 4347 tolmvb

805 4396 919 4482 ipsum
942 4396 1048 4461 fiebat
1072 4396 1215 4461 variatio
1239 4410 1272 4461 et
1298 4395 1475 4481 corruptio
1493 4396 1687 4461 secundnm
1710 4396 1845 4462 diversa
1863 4397 2066 4463 accidentia.
2092 4399 2172 4464 Erat
2189 4398 2279 4465 enim

806 4511 992 4597 aliquando
1009 4511 1157 4599 frigidus
1174 4522 1208 4577 et
1225 4512 1415 4597 aliquando
1435 4512 1580 4591 calidos,
1606 4524 1639 4576 et
1664 4512 1714 4577 sic
1739 4512 1926 4597 aliquando
1950 4516 2150 4581 assumebat
2167 4515 2281 4581 calidi·

805 4640 909 4694 tatem
927 4628 1020 4694 dicto
1038 4629 1144 4693 modo
1162 4640 1196 4693 et
1214 4628 1324 4714 ipsam
1343 4628 1530 4712 aliquando
1545 4629 1756 4713 deponebat,
1771 4652 1836 4694 nee
1854 4631 1922 4693 boc
1941 4630 2002 4695 luit
2020 4630 2280 4698 incom'eniens.

808 4743 970 4812 Similiter
998 4744 1112 4823 etiam,
1137 4757 1213 4810 esto
1239 4746 1335 4829 quod
1367 4744 1400 4808 in
1429 4756 1539 4808 rmnte
1572 4745 1615 4809 de
1646 4744 1855 4809 necessitate
1882 4757 2034 4819 naturam,
2060 4769 2137 4811 eum
2167 4747 2278 4813 atrima

806 4881 826 4923 a
858 4857 1000 4924 materia
1030 4859 1268 4944 separabatur,
1302 4857 1334 4923 in
1368 4858 1444 4943 ipsa
1473 4857 1615 4923 materia
1641 4857 1763 4923 fuisset
1792 4880 1881 4923 mna
1910 4860 2018 4924 lorma
2043 4861 2279 4927 substantialis

805 4975 1012 5055 introducta,
1044 4974 1218 5040 diceretur
1248 4977 1342 5060 quud
1378 4996 1456 5039 cmn
1502 4976 1545 5038 ab
1579 4974 1675 5039 initio
1706 4974 1933 5060 assumpserit
1964 4989 1997 5040 et
2028 4976 2092 5042 sibi
2133 4977 2280 5044 univerit

806 5102 961 5156 naturam
986 5091 1173 5155 humanam
1200 5090 1423 5155 constitutam
1451 5089 1632 5155 exanima
1665 5101 1699 5155 et
1728 5090 1867 5155 imiteria
1900 5091 1998 5157 siuml
2033 5091 2157 5167 iuncta,
2193 5094 2280 5159 baec.

806 5206 889 5272 unio
920 5227 1057 5292 semper
1085 5205 1211 5271 mansit
1240 5220 1273 5271 et
1304 5206 1359 5269 illa
1390 5228 1481 5270 nova
1514 5206 1605 5270 facta
1638 5204 1710 5270 luit.
1744 5206 1834 5288 Quia
1868 5206 1968 5271 etiam
1999 5206 2030 5272 iu
2061 5210 2281 5294 separatione

805 5321 1003 5387 huiusmodi
1028 5322 1164 5387 animae
1190 5345 1209 5386 a
1238 5322 1390 5401 materia,
1416 5322 1505 5387 sicut
1530 5321 1643 5386 anima
1675 5334 1708 5386 ut
1745 5343 1823 5406 pars
1853 5322 2051 5408 principalis
2082 5324 2278 5391 lmiusmodi

806 5449 949 5504 naturae
989 5438 1115 5503 mansit
1147 5438 1242 5502 unita
1282 5438 1316 5502 in
1352 5438 1536 5523 supposito
1572 5436 1701 5509 <livium
1739 5438 1781 5501 ita
1817 5438 1916 5503 etiam
1955 5440 2093 5505 imiteria
2129 5440 2279 5507 existens

806 5555 871 5620 sub
910 5576 1002 5619 nova
1027 5555 1136 5619 forma
1172 5554 1297 5618 mansit
1337 5553 1402 5617 sibi
1440 5553 1544 5629 unita,
1575 5575 1643 5617 non
1674 5553 1813 5637 quidem
1848 5567 1881 5618 ut
1917 5577 1995 5639 pars¹
2027 5570 2168 5621 naturae
2197 5570 2279 5623 tum:

805 5669 1020 5756 compositae
1052 5692 1094 5735 ex
1127 5670 1202 5756 ipsa
1227 5682 1260 5736 et
1291 5669 1488 5734 huiusmodi
1516 5692 1606 5733 mma
1640 5670 1747 5733 torma
1781 5692 1869 5751 qum
1896 5670 1956 5735 luit
1989 5671 2063 5735 talis
2095 5674 2278 5758 eoumositi

805 5808 886 5873 pars
910 5787 1025 5863 altera,
1050 5786 1182 5851 scilicet
1207 5800 1243 5851 ut
1272 5810 1350 5872 pars
1377 5799 1519 5850 natiuae
1545 5788 1717 5850 loonaoae
1755 5806 1820 5848 mm
1856 5808 1932 5849 vino
1962 5786 2074 5852 anima
2103 5788 2202 5853 cuius
2227 5802 2279 5855 est

805 5902 1009 5982 subiectum,
1033 5903 1113 5968 licet
1144 5925 1215 5967 nou
1249 5915 1338 5977 actu,
1369 5902 1562 5987 aptitudine
1595 5914 1709 5965 tauom
1744 5912 1775 5963 et
1809 5902 2094 5967 ‹letvrmirmtione
2127 5928 2194 5989 ‘pm
2234 5908 2278 5971 ab

806 6016 903 6084 initio
927 6019 1175 6104 assumptionis
1201 6019 1263 6086 suit
1289 6020 1365 6083 lleo
1390 6028 1518 6105 agente
1543 6016 1779 6083 ‹letermitmta
