6700 7992
880 2973 946 3028 cod.
956 2973 983 3026 V

843 3043 894 3110 fol.
907 3048 960 3100 288
973 3044 1014 3098 Rb

1038 1418 1090 1470 aaa
1403 1398 1594 1472 naorsim
1623 1399 1850 1472 confirmor.
1872 1417 1924 1471 os
1952 1399 2150 1472 Fonirsbs

1040 1618 1124 1685 ergo
1164 1608 1391 1683 praeceptum
1423 1598 1727 1663 accommodatum
1754 1596 1962 1662 multitudini
2001 1608 2039 1662 ut
2076 1597 2112 1662 in
2152 1596 2318 1683 pluribus
2351 1619 2422 1664 non
2462 1608 2514 1664 est

1039 1713 1255 1779 conveniens
1279 1713 1361 1778 huic
1385 1734 1558 1798 personae
1583 1713 1636 1778 vel
1662 1713 1697 1777 in
1733 1715 1802 1778 hoc
1827 1734 1922 1792 casu,
1948 1713 2029 1797 quia
2054 1714 2107 1778 vel
2132 1735 2195 1798 per
2229 1715 2299 1779 hoc
2331 1713 2515 1800 impeditur

1038 1823 1168 1913 aliquid
1207 1829 1330 1895 melius
1370 1829 1423 1893 vel
1471 1829 1572 1893 etiam
1621 1829 1843 1894 induceretur
1874 1829 2015 1914 aliquod
2063 1831 2201 1909 malum,
2248 1831 2354 1895 habet
2400 1830 2514 1895 locum

1039 1945 1265 2030 dispensatio,

1126 2061 1205 2126 Non
1239 2060 1418 2146 expediret
1441 2073 1557 2127 autem
1590 2062 1684 2145 quod
1720 2063 1788 2126 hoc
1821 2060 1949 2126 iudicio
1985 2073 2018 2126 et
2051 2061 2214 2147 potestati
2238 2061 2515 2146 uniuscuiusque

1038 2176 1296 2262 relinqueretur.
1330 2176 1373 2241 Et
1397 2177 1477 2241 ideo
1509 2177 1568 2261 qui
1599 2189 1738 2263 praeest
1762 2176 1971 2242 multitudini
1995 2179 2101 2242 habet
2132 2177 2336 2265 dispensare
2367 2176 2401 2243 in
2436 2178 2515 2265 lege

1038 2295 1191 2358 humana
1208 2314 1298 2377 quae
1322 2314 1407 2357 suae
1428 2292 1621 2358 auctoritati
1640 2292 1805 2372 innititur,
1831 2302 1868 2356 ut
1893 2292 2026 2358 scilicet
2051 2292 2086 2357 in
2111 2292 2272 2378 personis
2296 2293 2351 2358 vel
2375 2293 2514 2359 casibus

1037 2409 1072 2473 in
1097 2409 1223 2493 quibus
1240 2410 1294 2474 lex
1314 2408 1431 2473 deficit
1456 2408 1590 2496 dirigat,
1612 2418 1645 2472 et
1669 2409 1843 2473 licentiam
1872 2408 1999 2473 tribuat
2017 2420 2053 2474 ut
2077 2420 2303 2494 praeceptum
2327 2407 2417 2495 legis
2442 2430 2515 2474 non

1037 2536 1203 2590 servetur.
1229 2525 1266 2590 Si
1298 2536 1413 2590 autem
1444 2526 1578 2609 absque
1609 2523 1743 2589 ratione
1775 2546 1838 2609 pro
1870 2525 1945 2589 sola
1977 2526 2154 2590 voluntate
2178 2525 2352 2591 licentiam
2377 2524 2514 2603 tribuat,

1037 2642 1197 2706 nouerit
1231 2641 1343 2708 tidelis
1375 2640 1605 2727 dispensator,
1631 2642 1694 2705 sed
1723 2640 1873 2705 crudelis
1902 2640 2099 2726 dissipator.
2129 2641 2217 2706 Cum
2243 2640 2333 2706 enim
2359 2642 2457 2728 leges
2481 2652 2516 2706 et

1038 2757 1112 2821 iura
1143 2757 1341 2822 communia
1382 2756 1636 2822 constituantur
1671 2770 1814 2841 propter
1849 2759 1980 2821 honum
2017 2778 2215 2837 commune,
2251 2757 2394 2841 quando
2435 2777 2514 2822 cum

1038 2872 1154 2957 aliquo
1186 2872 1408 2958 dispensatur
1440 2882 1476 2937 ut
1506 2873 1619 2959 legem
1646 2893 1866 2938 communem
1895 2893 1966 2937 non
1996 2883 2118 2951 servet,
2148 2894 2219 2937 non
2248 2874 2353 2938 debet
2376 2872 2449 2937 fieri
2478 2871 2511 2936 in

1037 2988 1287 3075 praeiudicium
1317 2988 1399 3053 iuris
1430 2988 1635 3068 communis,
1668 2988 1731 3053 sed
1763 3001 1800 3053 ut
1831 2988 1876 3052 ad
1908 2990 2038 3053 bonum
2064 3009 2251 3054 commune
2278 2987 2367 3073 profi
2399 2990 2404 3072 Ι
2436 2987 2513 3054 ciat.

1037 3104 1204 3189 Alioquin
1236 3104 1452 3191 dispensatio
1476 3126 1549 3168 non
1582 3105 1682 3182 valet,
1718 3103 1799 3188 quia
1830 3103 1864 3169 in
1896 3103 2022 3168 talibus
2056 3126 2146 3187 quae
2175 3104 2268 3169 dicto
2296 3106 2403 3169 modo
2431 3115 2512 3169 sunt

1038 3222 1128 3286 mala
1156 3222 1350 3287 secundum
1376 3242 1424 3300 se,
1443 3231 1477 3286 et
1500 3242 1572 3284 non
1595 3221 1708 3284 solum
1733 3219 1814 3303 quia
1839 3219 2013 3305 prohibita
2038 3219 2118 3285 ideo
2143 3220 2381 3305 prohibentur,
2408 3219 2513 3305 [quia]

1038 3338 1127 3402 mala
1158 3336 1374 3423 dispensatio
1399 3336 1539 3422 proprie
1570 3358 1641 3400 non
1674 3335 1757 3400 facit
1789 3336 1833 3401 de
1866 3337 1956 3401 malo
1980 3336 2111 3400 lzonurn
2137 3358 2180 3401 ex
2211 3346 2309 3421 parte
2341 3336 2389 3402 rei
2422 3337 2514 3402 circa

1038 3475 1142 3538 quam
1167 3454 1204 3519 lit
1228 3452 1454 3538 dispensatio
1480 3453 1543 3517 sed
1568 3453 1681 3516 solum
1707 3474 1747 3516 ex
1773 3462 1870 3537 parte
1895 3451 1982 3538 legis
2008 3452 2060 3517 vel
2089 3452 2218 3531 statuti,
2244 3451 2513 3537 prohibitionem

1037 3569 1073 3636 in
1098 3581 1265 3654 quantum
1291 3580 1344 3634 est
1372 3569 1415 3633 ab
1443 3567 1585 3633 homine
1602 3568 1795 3633 auferendo
1812 3579 1846 3632 et
1870 3589 1941 3632 non
1968 3567 2138 3632 rationem
2156 3567 2399 3653 prohibitionis
2425 3590 2515 3652 quae

1039 3697 1092 3752 est
1116 3685 1281 3752 naturalis
1305 3685 1379 3750 sive
1411 3685 1604 3750 secundum
1637 3694 1766 3750 rectam
1791 3683 1960 3749 rationem
1994 3705 2035 3749 ex
2073 3695 2170 3769 parte
2201 3684 2250 3750 rei
2286 3683 2514 3765 immutand0‚

1038 3803 1102 3868 sed
1126 3801 1333 3868 determinat
1348 3801 1383 3865 in
1408 3822 1478 3885 quo
1503 3821 1588 3866 casu
1611 3801 1664 3866 lex
1691 3799 1816 3880 delicit,
1834 3798 1919 3865 etin
1937 3821 2095 3884 quonon
2113 3800 2317 3865 intendebat
2337 3799 2517 3888 legislator

1039 3919 1157 4007 ligare.
1184 3918 1290 4002 Quod
1322 3916 1461 4002 quidem
1499 3938 1577 3982 cum
1614 3938 1655 3981 ex
1688 3927 1785 4002 parte
1809 3916 1857 3982 rei
1893 3927 1946 3982 est
1978 3918 2119 3996 bonum,
2151 3916 2243 3983 licite
2267 3916 2365 3982 lieret
2397 3929 2515 3983 aucto·

1038 4035 1137 4100 ritate
1187 4033 1374 4122 singularis
1425 4054 1609 4119 personae,
1652 4032 1681 4097 si
1727 4032 1915 4118 prohibitio
1966 4032 2055 4120 legis
2106 4034 2160 4098 vel
2206 4032 2396 4119 superioris
2442 4054 2514 4099 non

1039 4152 1203 4216 obstaret.

1129 4267 1312 4350 Quaedam
1345 4277 1460 4331 autem
1492 4276 1574 4331 sunt
1604 4265 1686 4330 talia
1710 4266 1805 4349 quod
1838 4266 2032 4330 secundum
2068 4286 2203 4331 senon
2238 4277 2320 4331 sunt
2344 4267 2436 4331 bona
2461 4266 2516 4331 vel

1038 4368 1128 4448 mala
1160 4382 1261 4448 dictis
1285 4382 1408 4461 modis,
1441 4383 1504 4447 sed
1542 4394 1623 4446 sunt
1658 4381 1860 4467 simpliciter
1894 4381 2136 4447 indifferentia.
2174 4383 2352 4465 Quantum
2389 4393 2442 4447 est
2473 4403 2516 4448 ex

1038 4510 1162 4564 natura
1178 4497 1236 4578 rei,
1262 4508 1412 4584 possunt
1428 4509 1544 4563 tamen
1569 4518 1648 4563 esse
1665 4499 1759 4562 bona
1784 4498 1838 4563 vel
1855 4499 1945 4561 mala
1961 4519 2024 4582 per
2047 4497 2213 4563 accidens
2237 4497 2311 4563 sive
2335 4518 2398 4583 per
2421 4497 2515 4563 aliud

1038 4615 1073 4680 in
1098 4615 1221 4680 ordine
1251 4615 1295 4679 ad
1325 4613 1427 4678 aliud.
1451 4614 1495 4678 Et
1530 4635 1636 4699 super
1670 4613 1744 4678 istis
1769 4614 1871 4678 etiam
1905 4625 1986 4678 sunt
2013 4614 2185 4698 quaedam
2218 4624 2347 4679 statuta
2378 4613 2515 4701 legalia,

1038 4731 1138 4796 cuius
1166 4741 1219 4796 est
1243 4731 1338 4815 quod
1369 4728 1454 4794 feria
1486 4741 1583 4795 sexta
1615 4750 1634 4793 a
1667 4729 1831 4794 carnibus
1863 4729 2077 4794 abstineatur
2101 4729 2135 4793 in
2168 4729 2361 4794 reverentia
2386 4729 2515 4794 Christi

1038 4847 1096 4912 illo
1123 4846 1178 4911 die
1210 4845 1383 4932 patientis,
1413 4846 1527 4930 qualia
1556 4845 1657 4911 etiam
1684 4858 1781 4910 erant
1810 4847 1909 4930 plura
1925 4845 2184 4910 caerimonialia
2202 4845 2236 4910 in
2261 4846 2349 4932 lege.
2376 4845 2515 4911 Etcum

1038 4962 1119 5027 talia
1143 4964 1273 5028 cadunt
1297 4964 1363 5028 sub
1391 4973 1580 5048 praecepto
1605 4961 1704 5049 legis,
1733 4972 1849 5047 potest
1879 4961 1952 5026 lieri
1976 4961 2028 5027 sic
2056 4961 2281 5047 dispensatio
2310 4961 2405 5046 quod
2432 4961 2515 5026 illud

1039 5079 1134 5163 quod
1159 5089 1253 5144 esset
1283 5079 1410 5142 malum
1443 5080 1496 5142 vel
1529 5077 1683 5143 illicitum
1716 5077 1791 5142 sine
1823 5077 2088 5162 dispensatione
2120 5089 2262 5162 propter
2285 5077 2375 5164 legis
2399 5077 2515 5163 prohi-
2614 5128 2616 5132 ,

1038 5194 1216 5274 bitionem,
1233 5193 1271 5259 fit
1290 5196 1421 5258 bonum
1439 5193 1513 5258 sive
1538 5214 1610 5258 non
1628 5195 1757 5258 malum
1781 5196 1835 5259 vel
1860 5193 1988 5258 licitum
2006 5215 2069 5278 per
2085 5194 2195 5258 solam
2216 5191 2515 5278 dispensationem

1039 5310 1165 5376 dictam
1190 5307 1459 5396 prohibitionem
1489 5320 1719 5389 amoventem,
1749 5310 1910 5393 eoquod
1938 5310 2132 5375 secundum
2159 5330 2197 5375 se
2225 5320 2277 5374 est
2302 5308 2515 5388 indifferens

1038 5448 1106 5493 nec
1130 5437 1224 5492 esset
1246 5426 1373 5490 malum
1400 5424 1636 5510 prohibitione
1660 5437 1774 5491 stante
1799 5425 1866 5490 nisi
1890 5425 2025 5490 ratione
2050 5424 2306 5511 prohibitionis
2512 5508 2515 5515 Ι

1128 5541 1218 5608 Sunt
1242 5562 1327 5628 ergo
1352 5540 1386 5605 in
1419 5541 1583 5606 universo
1609 5541 1781 5625 quaedam
1807 5543 1900 5606 bona
1926 5543 1980 5607 vel
2008 5543 2099 5605 mala
2126 5542 2320 5607 secundum
2354 5562 2402 5621 se,
2435 5539 2517 5625 quia

1039 5679 1080 5723 ex
1104 5668 1228 5723 natura
1251 5679 1315 5722 sua
1340 5656 1483 5721 omnino
1501 5668 1582 5721 sunt
1605 5657 1834 5722 determinata
1858 5658 1902 5722 ad
1927 5657 2169 5722 rectitudinem
2186 5659 2242 5723 vel
2266 5655 2516 5741 obliquitatem,

1038 5785 1076 5839 ut
1106 5795 1179 5839 non
1210 5773 1372 5839 occidere
1403 5773 1638 5853 innocentem,
1667 5776 1841 5838 honorare
1869 5784 2000 5858 patrem
2027 5785 2061 5838 et
2085 5784 2211 5853 cetera,
2229 5772 2355 5839 debitis
2372 5771 2517 5838 circum·

1039 5888 1174 5955 stantiis
1213 5888 1387 5954 adhibitis.
1428 5889 1612 5972 Quaedam
1652 5900 1766 5954 autem
1806 5899 1888 5954 sunt
1926 5891 2020 5953 bona
2059 5890 2114 5955 vel
2153 5890 2243 5953 mala
2290 5889 2402 5953 solum
2435 5886 2518 5973 quia

1041 6005 1201 6072 ordinata
1233 6005 1437 6071 auctoritate
1469 6005 1657 6092 superioris
1682 6006 1737 6071 vel
1769 6004 1953 6092 prohibita,
1986 6015 2020 6071 et
2058 6004 2092 6069 in
2132 6003 2205 6070 istis
2233 6017 2286 6070 est
2317 6005 2404 6073 ordo
2435 6002 2517 6089 quia
