6700 7992
1084 1463 1137 1521 ³20
1446 1469 1637 1523 uacusuu
1667 1451 1887 1523 uoourruor
1918 1470 1969 1522 oa
1999 1470 2197 1526 rourraus

1084 1648 1277 1703 servitutem¹
1298 1649 1387 1703 habet
1410 1648 1477 1701 vir²
1499 1647 1526 1700 in
1549 1664 1641 1701 uxore
1653 1648 1673 1714 ⁸,
1696 1665 1782 1701 uuam
1802 1647 1840 1700 ad
1859 1647 2000 1714 debitum,
2014 1646 2100 1701 aliam
2121 1648 2158 1701 ad
2177 1647 2377 1702 ministerium.
2398 1680 2430 1687 -
2450 1648 2564 1703 Eadem

1084 1747 1173 1800 etiam
1192 1746 1288 1800 minor
1313 1755 1397 1818 patet
1421 1745 1542 1798 ratione.
1562 1744 1639 1815 Quia
1665 1744 1694 1798 in
1714 1746 1815 1798 omui·
1841 1746 2051 1799 communitate
2075 1754 2192 1816 oportet
2214 1763 2281 1800 esse
2305 1763 2393 1800 unum
2417 1754 2506 1818 caput
2525 1746 2565 1801 ad

1085 1844 1163 1914 quod
1195 1845 1339 1915 pertineat
1371 1843 1544 1913 dispensare
1574 1843 1652 1896 bona
1684 1843 1901 1897 communitatis
1932 1843 1970 1897 ad
2000 1845 2057 1896 lroc
2089 1843 2168 1913 quod
2195 1843 2391 1898 communitas
2418 1843 2456 1898 sit
2486 1845 2564 1898 bene

1084 1941 1228 2008 ordinata,
1247 1950 1277 1996 et
1301 1941 1345 1995 sic
1365 1949 1483 2011 oportet
1502 1958 1613 2011 ponere
1638 1941 1675 1994 ad
1703 1942 1798 1994 solum
1818 1950 1931 2012 patrem
1952 1940 2077 1994 familias
2100 1941 2247 2012 pertinere
2267 1940 2518 2012 dispensationem
2543 1943 2549 2012 Ι

1084 2041 1226 2093 bonorum
1247 2039 1360 2094 domus
1374 2039 1424 2093 Sic
1437 2038 1525 2109 igitur
1538 2038 1641 2092 mulier
1654 2056 1713 2091 non
1727 2047 1825 2110 potest
1839 2046 1940 2092 contra
1955 2039 2135 2093 voluntatem
2156 2038 2208 2092 viri
2229 2038 2328 2093 lacere
2344 2040 2565 2111 eleemosynam

1084 2146 1166 2193 extra
1188 2155 1288 2192 casum
1308 2146 1455 2191 extremae
1479 2136 1673 2198 necessitatis,
1696 2137 1750 2189 nisi
1774 2137 1908 2190 habuerit
1931 2138 2008 2189 bona
2031 2137 2256 2208 paraphernalia
2277 2137 2314 2191 de
2340 2137 2446 2208 quibus
2466 2143 2565 2208 potest

1083 2235 1182 2291 facere
1214 2235 1294 2306 quod
1325 2235 1395 2288 vult.
1428 2235 1460 2287 ln
1492 2235 1548 2288 lmc
1580 2243 1678 2287 tannen
1710 2242 1809 2305 potest
1837 2234 2030 2305 probabiliter
2057 2252 2225 2305 supponere
2254 2235 2435 2288 voluntatem
2467 2233 2565 2288 mariti

1083 2351 1150 2389 esse
1170 2335 1258 2388 talem
1279 2333 1358 2404 quod
1378 2332 1539 2385 secuudum
1560 2333 1753 2402 quantitatem
1773 2331 1944 2385 facultatum
1965 2349 2081 2385 suarum
2097 2335 2106 2362 ⁵
2125 2342 2154 2386 et
2174 2333 2380 2387 necessitatem
2400 2350 2564 2405 pauperum

1083 2441 1113 2486 et
1132 2432 1272 2485 maiorem
1287 2430 1523 2485 coniunctionem
1538 2447 1639 2482 eorum
1660 2447 1712 2500 per
1732 2430 1939 2499 cognationem
1959 2430 2005 2483 vel
2020 2430 2120 2494 aliasl,
2140 2434 2233 2501 possit
2246 2429 2345 2484 facere
2359 2431 2565 2502 eleemosynas

1083 2529 1257 2594 mediocres
1276 2528 1343 2599 quia
1370 2528 1397 2580 in
1419 2528 1526 2580 talibus
1546 2528 1739 2581 communiter
1758 2527 1912 2580 cousuevit
1931 2527 2073 2581 committi
2094 2528 2235 2581 uxoribus
2254 2546 2271 2581 a
2290 2527 2403 2581 maritis
2418 2529 2427 2558 ²
2445 2528 2564 2599 dispen-

1083 2627 1159 2681 satio
1180 2627 1293 2681 domus.
1312 2625 1373 2679 Sed
1395 2626 1418 2677 si
1440 2643 1578 2696 expresse
1599 2624 1767 2696 prohiberet
1793 2643 1858 2678 eam
1884 2625 2005 2679 maritus
2031 2625 2101 2679 dare
2128 2627 2356 2696 eleemosynam,
2381 2644 2440 2679 non
2460 2631 2564 2698 posset

1082 2727 1141 2795 lroc
1171 2725 1270 2779 lacere
1292 2724 1346 2777 nisi
1373 2723 1400 2776 iu
1427 2741 1497 2777 casu
1524 2722 1711 2777 necessitatis
1736 2732 1893 2785 extremae,
1925 2724 1953 2776 iu
1987 2741 2044 2794 quo
2076 2724 2174 2777 omnia
2199 2732 2267 2777 sunt
2293 2724 2470 2790 communia,
2494 2723 2564 2778 licet

1082 2824 1204 2900 maritus
1223 2822 1299 2876 male
1320 2821 1430 2875 laceret
1449 2820 1651 2892 prolribend03
1671 2821 1747 2874 sicut
1776 2821 1864 2874 etiam
1884 2830 1986 2875 contra
2015 2821 2242 2892 prohibitionem
2262 2821 2357 2874 mariti
2377 2839 2436 2874 non
2464 2827 2564 2893 potest

1082 2939 1192 2976 vovere
1212 2939 1266 2974 nec
1286 2928 1387 2973 votum
1407 2927 1507 2972 tenere
1527 2918 1595 2972 licet
1613 2918 1800 2990 prohibendo
1820 2918 2022 2972 malefaceret
2042 2918 2169 2973 maritus.

1172 3019 1219 3072 Ad
1245 3019 1386 3072 rationem
1413 3017 1441 3069 in
1468 3016 1646 3088 oppositum,
1672 3015 1828 3071 (licendum
1854 3018 1933 3087 quod
1961 3016 2132 3070 Valerianus
2157 3017 2253 3071 acllruc
2282 3035 2340 3070 non
2359 3025 2422 3070 erat
2441 3015 2564 3071 maritus

1083 3116 1241 3183 Caeciliae,
1255 3116 1372 3186 quando
1392 3115 1456 3185 ipsa
1478 3115 1607 3168 faciebat
1630 3115 1844 3185 eleemosynas
1864 3115 1916 3168 secl
1939 3133 2073 3185 sponsus.
2095 3116 2130 3167 Et
2152 3114 2220 3168 ideo
2240 3114 2277 3168 de
2297 3132 2443 3169 consensu
2462 3112 2565 3168 matris

1082 3217 1166 3270 cuius
1184 3224 1267 3269 erant
1286 3218 1363 3269 bona
1385 3222 1501 3285 poterat
1520 3214 1619 3267 lacere
1639 3214 1851 3284 eleemosynas.

1174 3484 1331 3537 ¹virtutern
1354 3483 1430 3536 C.
1455 3484 1567 3552 lsuper
1590 3483 1637 3536 rel
1656 3482 1725 3533 aaut.
1747 3482 1778 3533 t).
1800 3512 1832 3519 —
1853 3484 1996 3533 ³uxorenr
2017 3482 2049 3533 tl.
2071 3512 2102 3519 —
2124 3485 2132 3511 ⁴
2153 3499 2208 3533 om.
2230 3481 2259 3533 l‘.
2282 3513 2312 3519 -
2335 3481 2436 3552 ³qu0d
2450 3513 2483 3520 -
2497 3498 2563 3535 sua·

1082 3576 1155 3640 rum]
1176 3571 1336 3625 secundum
1351 3570 1420 3640 quid
1435 3570 1607 3623 l‘acultatum
1628 3586 1744 3621 suarum
1765 3566 1957 3638 quantitatem
1973 3568 2004 3622 C.
2030 3600 2058 3606 —
2079 3568 2177 3620 ⁰alios
2196 3568 2229 3622 (J.
2248 3601 2276 3607 -
2294 3570 2301 3598 ²
2316 3568 2510 3622 communiter
2529 3598 2563 3607 -

1082 3661 1204 3728 maritis]
1225 3658 1380 3712 consuevit
1399 3657 1591 3710 communiter
1610 3654 1693 3710 uxori
1714 3655 1854 3709 committi
1876 3656 1908 3709 (J.
