<?xml version="1.0" encoding="UTF-8"?>
<!DOCTYPE html PUBLIC "-//W3C//DTD XHTML 1.0 Transitional//EN"
    "http://www.w3.org/TR/xhtml1/DTD/xhtml1-transitional.dtd">
<html xmlns="http://www.w3.org/1999/xhtml" xml:lang="en" lang="en">
 <head>
  <title>
</title>
<meta http-equiv="Content-Type" content="text/html;charset=utf-8" />
  <meta name='ocr-system' content='tesseract 3.04.00' />
  <meta name='ocr-capabilities' content='ocr_page ocr_carea ocr_par ocr_line ocrx_word'/>
</head>
<body>
  <div class='ocr_page' id='page_1' title='image "./lesquatrepremie00wulfgoog_0058.png"; bbox 0 0 6700 7992; ppageno 0'>
   <div class='ocr_carea' id='block_1_1' title="bbox 1033 1412 2144 1469">
    <p class='ocr_par' dir='ltr' id='par_1_1' title="bbox 1033 1412 2144 1469">
     <span class='ocr_line' id='line_1_1' title="bbox 1033 1412 2144 1469; baseline 0.003 -4"><span class='ocrx_word' id='word_1_1' title='bbox 1033 1414 1068 1466; x_wconf 77' lang='lat'>34</span> <span class='ocrx_word' id='word_1_2' title='bbox 1398 1412 1588 1468; x_wconf 86' lang='lat' dir='ltr'>MAGISTRI</span> <span class='ocrx_word' id='word_1_3' title='bbox 1618 1413 1836 1468; x_wconf 86' lang='lat' dir='ltr'>GODEFRIDI</span> <span class='ocrx_word' id='word_1_4' title='bbox 1866 1414 1918 1468; x_wconf 90' lang='lat' dir='ltr'>DE</span> <span class='ocrx_word' id='word_1_5' title='bbox 1946 1414 2144 1469; x_wconf 84' lang='lat' dir='ltr'>FONTIBUS</span> 
     </span>
    </p>
   </div>
   <div class='ocr_carea' id='block_1_2' title="bbox 1023 1591 2506 4683">
    <p class='ocr_par' dir='ltr' id='par_1_2' title="bbox 1033 1591 2506 1793">
     <span class='ocr_line' id='line_1_2' title="bbox 1033 1591 2506 1678; baseline 0 -19"><span class='ocrx_word' id='word_1_6' title='bbox 1033 1591 1218 1659; x_wconf 88' lang='lat' dir='ltr'>existimari</span> <span class='ocrx_word' id='word_1_7' title='bbox 1253 1604 1369 1678; x_wconf 85' lang='lat' dir='ltr'>potest</span> <span class='ocrx_word' id='word_1_8' title='bbox 1407 1592 1595 1658; x_wconf 87' lang='lat' dir='ltr'>deformior</span> <span class='ocrx_word' id='word_1_9' title='bbox 1633 1603 1696 1672; x_wconf 89' lang='lat' dir='ltr'>est,</span> <span class='ocrx_word' id='word_1_10' title='bbox 1732 1592 1812 1677; x_wconf 91' lang='lat' dir='ltr'>quia</span> <span class='ocrx_word' id='word_1_11' title='bbox 1843 1604 1985 1678; x_wconf 92' lang='lat' dir='ltr'>propter</span> <span class='ocrx_word' id='word_1_12' title='bbox 2016 1592 2130 1657; x_wconf 91' lang='lat' dir='ltr'>minus</span> <span class='ocrx_word' id='word_1_13' title='bbox 2165 1595 2295 1657; x_wconf 92' lang='lat' dir='ltr'>bonum</span> <span class='ocrx_word' id='word_1_14' title='bbox 2335 1593 2506 1659; x_wconf 87' lang='lat' dir='ltr'><strong>mentitur.</strong></span> 
     </span>
     <span class='ocr_line' id='line_1_3' title="bbox 1034 1708 1360 1793; baseline -0.009 -18"><span class='ocrx_word' id='word_1_15' title='bbox 1034 1708 1153 1793; x_wconf 85' lang='lat' dir='ltr'><strong>Quare</strong></span> <span class='ocrx_word' id='word_1_16' title='bbox 1177 1719 1211 1775; x_wconf 92' lang='lat' dir='ltr'>et</span> <span class='ocrx_word' id='word_1_17' title='bbox 1235 1711 1360 1774; x_wconf 78' lang='lat' dir='ltr'>cetera.</span> 
     </span>
    </p>

    <p class='ocr_par' dir='ltr' id='par_1_3' title="bbox 1023 1823 2506 4683">
     <span class='ocr_line' id='line_1_4' title="bbox 1123 1823 2506 1910; baseline 0.001 -20"><span class='ocrx_word' id='word_1_18' title='bbox 1123 1825 1336 1910; x_wconf 88' lang='lat' dir='ltr'>Respondeo</span> <span class='ocrx_word' id='word_1_19' title='bbox 1375 1823 1562 1890; x_wconf 91' lang='lat' dir='ltr'>dicendum</span> <span class='ocrx_word' id='word_1_20' title='bbox 1594 1824 1690 1909; x_wconf 94' lang='lat' dir='ltr'>quod</span> <span class='ocrx_word' id='word_1_21' title='bbox 1722 1823 1757 1888; x_wconf 92' lang='lat' dir='ltr'>in</span> <span class='ocrx_word' id='word_1_22' title='bbox 1789 1834 1936 1910; x_wconf 84' lang='lat' dir='ltr'>peccato</span> <span class='ocrx_word' id='word_1_23' title='bbox 1972 1835 2024 1889; x_wconf 89' lang='lat' dir='ltr'>est</span> <span class='ocrx_word' id='word_1_24' title='bbox 2052 1824 2060 1859; x_wconf 90' lang='lat'>¹</span> <span class='ocrx_word' id='word_1_25' title='bbox 2100 1823 2323 1890; x_wconf 89' lang='lat' dir='ltr'>considerare</span> <span class='ocrx_word' id='word_1_26' title='bbox 2363 1845 2506 1891; x_wconf 89' lang='lat' dir='ltr'>conver·</span> 
     </span>
     <span class='ocr_line' id='line_1_5' title="bbox 1034 1938 2486 2026; baseline 0.001 -21"><span class='ocrx_word' id='word_1_27' title='bbox 1034 1939 1167 2006; x_wconf 90' lang='lat' dir='ltr'>sionem</span> <span class='ocrx_word' id='word_1_28' title='bbox 1193 1941 1238 2006; x_wconf 91' lang='lat' dir='ltr'>ad</span> <span class='ocrx_word' id='word_1_29' title='bbox 1264 1941 1395 2005; x_wconf 91' lang='lat' dir='ltr'>bonum</span> <span class='ocrx_word' id='word_1_30' title='bbox 1420 1939 1665 2006; x_wconf 83' lang='lat' dir='ltr'><strong>commutabile</strong></span> <span class='ocrx_word' id='word_1_31' title='bbox 1693 1961 1783 2024; x_wconf 87' lang='lat' dir='ltr'>quae</span> <span class='ocrx_word' id='word_1_32' title='bbox 1811 1938 2031 2005; x_wconf 87' lang='lat' dir='ltr'>materialiter</span> <span class='ocrx_word' id='word_1_33' title='bbox 2058 1941 2224 2006; x_wconf 88' lang='lat' dir='ltr'>sehabet</span> <span class='ocrx_word' id='word_1_34' title='bbox 2248 1939 2282 2004; x_wconf 93' lang='lat' dir='ltr'>in</span> <span class='ocrx_word' id='word_1_35' title='bbox 2306 1948 2454 2026; x_wconf 87' lang='lat' dir='ltr'>peccato</span> <span class='ocrx_word' id='word_1_36' title='bbox 2482 1945 2486 2024; x_wconf 93' lang='grc' dir='ltr'>Ι</span> 
     </span>
     <span class='ocr_line' id='line_1_6' title="bbox 1033 2053 2506 2141; baseline 0 -19"><span class='ocrx_word' id='word_1_37' title='bbox 1033 2066 1066 2122; x_wconf 87' lang='lat' dir='ltr'>et</span> <span class='ocrx_word' id='word_1_38' title='bbox 1090 2056 1307 2123; x_wconf 88' lang='lat' dir='ltr'>aversionem</span> <span class='ocrx_word' id='word_1_39' title='bbox 1344 2077 1364 2120; x_wconf 90' lang='lat' dir='ltr'>a</span> <span class='ocrx_word' id='word_1_40' title='bbox 1398 2057 1493 2121; x_wconf 93' lang='lat' dir='ltr'>bono</span> <span class='ocrx_word' id='word_1_41' title='bbox 1529 2053 1802 2122; x_wconf 87' lang='lat' dir='ltr'>incommutabili</span> <span class='ocrx_word' id='word_1_42' title='bbox 1836 2075 1927 2140; x_wconf 90' lang='lat' dir='ltr'>quae</span> <span class='ocrx_word' id='word_1_43' title='bbox 1951 2065 2004 2121; x_wconf 86' lang='lat' dir='ltr'>est</span> <span class='ocrx_word' id='word_1_44' title='bbox 2038 2055 2191 2121; x_wconf 83' lang='lat' dir='ltr'>formalis</span> <span class='ocrx_word' id='word_1_45' title='bbox 2224 2068 2257 2121; x_wconf 89' lang='lat' dir='ltr'>et</span> <span class='ocrx_word' id='word_1_46' title='bbox 2297 2055 2506 2141; x_wconf 88' lang='lat' dir='ltr'>completiva</span> 
     </span>
     <span class='ocr_line' id='line_1_7' title="bbox 1030 2149 2506 2259; baseline 0.001 -23"><span class='ocrx_word' id='word_1_47' title='bbox 1030 2171 1117 2238; x_wconf 88' lang='lat' dir='ltr'>ratio</span> <span class='ocrx_word' id='word_1_48' title='bbox 1151 2171 1296 2258; x_wconf 91' lang='lat' dir='ltr'>peccati.</span> <span class='ocrx_word' id='word_1_49' title='bbox 1323 2171 1373 2236; x_wconf 86' lang='lat' dir='ltr'>Ex</span> <span class='ocrx_word' id='word_1_50' title='bbox 1398 2182 1495 2257; x_wconf 90' lang='lat' dir='ltr'>parte</span> <span class='ocrx_word' id='word_1_51' title='bbox 1519 2169 1760 2237; x_wconf 88' lang='lat' dir='ltr'>conversionis</span> <span class='ocrx_word' id='word_1_52' title='bbox 1793 2169 1988 2256; x_wconf 87' lang='lat' dir='ltr'>hypocrisis</span> <span class='ocrx_word' id='word_1_53' title='bbox 2017 2182 2158 2256; x_wconf 84' lang='lat' dir='ltr'>propter</span> <span class='ocrx_word' id='word_1_54' title='bbox 2185 2149 2332 2259; x_wconf 84' lang='lat' dir='ltr'>gloriam</span> <span class='ocrx_word' id='word_1_55' title='bbox 2356 2194 2428 2238; x_wconf 93' lang='lat' dir='ltr'>non</span> <span class='ocrx_word' id='word_1_56' title='bbox 2453 2183 2506 2238; x_wconf 92' lang='lat' dir='ltr'>est</span> 
     </span>
     <span class='ocr_line' id='line_1_8' title="bbox 1029 2285 2504 2373; baseline 0.001 -21"><span class='ocrx_word' id='word_1_57' title='bbox 1029 2287 1140 2353; x_wconf 92' lang='lat' dir='ltr'>maius</span> <span class='ocrx_word' id='word_1_58' title='bbox 1164 2295 1357 2373; x_wconf 86' lang='lat' dir='ltr'>peccatum,</span> <span class='ocrx_word' id='word_1_59' title='bbox 1375 2286 1456 2372; x_wconf 91' lang='lat' dir='ltr'>quia</span> <span class='ocrx_word' id='word_1_60' title='bbox 1472 2288 1586 2352; x_wconf 93' lang='lat' dir='ltr'>honor</span> <span class='ocrx_word' id='word_1_61' title='bbox 1601 2308 1706 2370; x_wconf 88' lang='lat' dir='ltr'>quem</span> <span class='ocrx_word' id='word_1_62' title='bbox 1723 2285 1918 2351; x_wconf 85' lang='lat' dir='ltr'>inordinate</span> <span class='ocrx_word' id='word_1_63' title='bbox 1939 2285 2087 2352; x_wconf 81' lang='lat' dir='ltr'>intendit</span> <span class='ocrx_word' id='word_1_64' title='bbox 2111 2308 2182 2351; x_wconf 92' lang='lat' dir='ltr'>non</span> <span class='ocrx_word' id='word_1_65' title='bbox 2207 2287 2314 2352; x_wconf 90' lang='lat' dir='ltr'>habet</span> <span class='ocrx_word' id='word_1_66' title='bbox 2337 2286 2504 2353; x_wconf 89' lang='lat' dir='ltr'>maiorem</span> 
     </span>
     <span class='ocr_line' id='line_1_9' title="bbox 1028 2400 2503 2492; baseline -0.002 -22"><span class='ocrx_word' id='word_1_67' title='bbox 1028 2403 1295 2492; x_wconf 85' lang='lat' dir='ltr'>repugnantiam</span> <span class='ocrx_word' id='word_1_68' title='bbox 1324 2404 1368 2468; x_wconf 90' lang='lat' dir='ltr'>ad</span> <span class='ocrx_word' id='word_1_69' title='bbox 1399 2404 1531 2467; x_wconf 93' lang='lat' dir='ltr'>bonum</span> <span class='ocrx_word' id='word_1_70' title='bbox 1559 2400 1692 2467; x_wconf 89' lang='lat' dir='ltr'>virtutis</span> <span class='ocrx_word' id='word_1_71' title='bbox 1725 2423 1829 2485; x_wconf 90' lang='lat' dir='ltr'>quam</span> <span class='ocrx_word' id='word_1_72' title='bbox 1863 2401 1996 2468; x_wconf 89' lang='lat' dir='ltr'>lucrum</span> <span class='ocrx_word' id='word_1_73' title='bbox 2024 2401 2068 2465; x_wconf 89' lang='lat' dir='ltr'>ad</span> <span class='ocrx_word' id='word_1_74' title='bbox 2101 2403 2196 2486; x_wconf 94' lang='lat' dir='ltr'>quod</span> <span class='ocrx_word' id='word_1_75' title='bbox 2227 2402 2374 2469; x_wconf 89' lang='lat' dir='ltr'>intendit</span> <span class='ocrx_word' id='word_1_76' title='bbox 2406 2402 2503 2468; x_wconf 87' lang='lat' dir='ltr'>alius.</span> 
     </span>
     <span class='ocr_line' id='line_1_10' title="bbox 1029 2515 2505 2605; baseline -0.001 -19"><span class='ocrx_word' id='word_1_77' title='bbox 1029 2520 1101 2587; x_wconf 89' lang='lat' dir='ltr'>Sed</span> <span class='ocrx_word' id='word_1_78' title='bbox 1131 2541 1173 2585; x_wconf 88' lang='lat' dir='ltr'>ex</span> <span class='ocrx_word' id='word_1_79' title='bbox 1204 2530 1301 2605; x_wconf 90' lang='lat' dir='ltr'>parte</span> <span class='ocrx_word' id='word_1_80' title='bbox 1333 2517 1525 2584; x_wconf 85' lang='lat' dir='ltr'>aversionis</span> <span class='ocrx_word' id='word_1_81' title='bbox 1555 2515 1665 2582; x_wconf 90' lang='lat' dir='ltr'>maius</span> <span class='ocrx_word' id='word_1_82' title='bbox 1695 2527 1757 2596; x_wconf 86' lang='lat' dir='ltr'>est,</span> <span class='ocrx_word' id='word_1_83' title='bbox 1786 2517 1866 2602; x_wconf 92' lang='lat' dir='ltr'>quia</span> <span class='ocrx_word' id='word_1_84' title='bbox 1893 2517 2004 2605; x_wconf 92' lang='lat' dir='ltr'>magis</span> <span class='ocrx_word' id='word_1_85' title='bbox 2029 2516 2160 2583; x_wconf 88' lang='lat' dir='ltr'>directe</span> <span class='ocrx_word' id='word_1_86' title='bbox 2184 2517 2358 2598; x_wconf 85' lang='lat' dir='ltr'>avertitur,</span> <span class='ocrx_word' id='word_1_87' title='bbox 2387 2517 2423 2605; x_wconf 88' lang='lat' dir='ltr'>id</span> <span class='ocrx_word' id='word_1_88' title='bbox 2452 2528 2505 2584; x_wconf 88' lang='lat' dir='ltr'>est</span> 
     </span>
     <span class='ocr_line' id='line_1_11' title="bbox 1029 2632 2501 2720; baseline -0.003 -18"><span class='ocrx_word' id='word_1_89' title='bbox 1029 2633 1224 2702; x_wconf 86' lang='lat' dir='ltr'>resistendo</span> <span class='ocrx_word' id='word_1_90' title='bbox 1239 2633 1251 2670; x_wconf 73' lang='lat'><strong>⁹</strong></span> <span class='ocrx_word' id='word_1_91' title='bbox 1266 2647 1300 2701; x_wconf 91' lang='lat' dir='ltr'>et</span> <span class='ocrx_word' id='word_1_92' title='bbox 1316 2656 1388 2699; x_wconf 93' lang='lat' dir='ltr'>non</span> <span class='ocrx_word' id='word_1_93' title='bbox 1413 2633 1563 2699; x_wconf 93' lang='lat' dir='ltr'>volendo</span> <span class='ocrx_word' id='word_1_94' title='bbox 1588 2632 1699 2699; x_wconf 89' lang='lat' dir='ltr'>subici</span> <span class='ocrx_word' id='word_1_95' title='bbox 1724 2633 1801 2698; x_wconf 90' lang='lat' dir='ltr'>Deo</span> <span class='ocrx_word' id='word_1_96' title='bbox 1826 2632 1916 2699; x_wconf 88' lang='lat' dir='ltr'>sicut</span> <span class='ocrx_word' id='word_1_97' title='bbox 1940 2633 2113 2718; x_wconf 88' lang='lat' dir='ltr'>superbia.</span> <span class='ocrx_word' id='word_1_98' title='bbox 2140 2632 2243 2699; x_wconf 90' lang='lat' dir='ltr'>Unde</span> <span class='ocrx_word' id='word_1_99' title='bbox 2267 2632 2357 2699; x_wconf 89' lang='lat' dir='ltr'>sicut</span> <span class='ocrx_word' id='word_1_100' title='bbox 2380 2654 2501 2720; x_wconf 88' lang='lat' dir='ltr'>super·</span> 
     </span>
     <span class='ocr_line' id='line_1_12' title="bbox 1029 2747 2503 2838; baseline -0.001 -23"><span class='ocrx_word' id='word_1_101' title='bbox 1029 2749 1086 2815; x_wconf 91' lang='lat' dir='ltr'>bia</span> <span class='ocrx_word' id='word_1_102' title='bbox 1117 2751 1171 2816; x_wconf 90' lang='lat' dir='ltr'>vel</span> <span class='ocrx_word' id='word_1_103' title='bbox 1200 2749 1314 2816; x_wconf 89' lang='lat' dir='ltr'>inanis</span> <span class='ocrx_word' id='word_1_104' title='bbox 1345 2749 1455 2838; x_wconf 89' lang='lat' dir='ltr'>gloria</span> <span class='ocrx_word' id='word_1_105' title='bbox 1486 2747 1576 2814; x_wconf 83' lang='lat' dir='ltr'>est⁸</span> <span class='ocrx_word' id='word_1_106' title='bbox 1615 2747 1726 2812; x_wconf 90' lang='lat' dir='ltr'>maius</span> <span class='ocrx_word' id='word_1_107' title='bbox 1757 2760 1941 2833; x_wconf 90' lang='lat' dir='ltr'>peccatum</span> <span class='ocrx_word' id='word_1_108' title='bbox 1973 2769 2015 2813; x_wconf 86' lang='lat' dir='ltr'>ex</span> <span class='ocrx_word' id='word_1_109' title='bbox 2047 2759 2144 2833; x_wconf 91' lang='lat' dir='ltr'>parte</span> <span class='ocrx_word' id='word_1_110' title='bbox 2176 2747 2367 2814; x_wconf 88' lang='lat' dir='ltr'>aversionis</span> <span class='ocrx_word' id='word_1_111' title='bbox 2399 2770 2503 2834; x_wconf 91' lang='lat' dir='ltr'>quam</span> 
     </span>
     <span class='ocr_line' id='line_1_13' title="bbox 1029 2862 2504 2951; baseline 0.001 -22"><span class='ocrx_word' id='word_1_112' title='bbox 1029 2865 1180 2946; x_wconf 88' lang='lat' dir='ltr'>avaritia,</span> <span class='ocrx_word' id='word_1_113' title='bbox 1208 2865 1255 2931; x_wconf 83' lang='lat' dir='ltr'>ila</span> <span class='ocrx_word' id='word_1_114' title='bbox 1280 2864 1477 2951; x_wconf 89' lang='lat' dir='ltr'>hypocrisis</span> <span class='ocrx_word' id='word_1_115' title='bbox 1494 2886 1677 2950; x_wconf 90' lang='lat' dir='ltr'>perquam</span> <span class='ocrx_word' id='word_1_116' title='bbox 1694 2863 1884 2929; x_wconf 91' lang='lat' dir='ltr'>intenditur</span> <span class='ocrx_word' id='word_1_117' title='bbox 1900 2864 2033 2929; x_wconf 92' lang='lat' dir='ltr'>lucrum</span> <span class='ocrx_word' id='word_1_118' title='bbox 2062 2865 2156 2948; x_wconf 90' lang='lat' dir='ltr'>quod</span> <span class='ocrx_word' id='word_1_119' title='bbox 2174 2876 2227 2929; x_wconf 84' lang='lat' dir='ltr'>est</span> <span class='ocrx_word' id='word_1_120' title='bbox 2243 2862 2322 2929; x_wconf 89' lang='lat' dir='ltr'>finis</span> <span class='ocrx_word' id='word_1_121' title='bbox 2339 2864 2504 2931; x_wconf 88' lang='lat' dir='ltr'>avaritiae</span> 
     </span>
     <span class='ocr_line' id='line_1_14' title="bbox 1029 2978 2503 3067; baseline -0.001 -19"><span class='ocrx_word' id='word_1_122' title='bbox 1029 2993 1082 3049; x_wconf 88' lang='lat' dir='ltr'>cst</span> <span class='ocrx_word' id='word_1_123' title='bbox 1109 2980 1223 3046; x_wconf 91' lang='lat' dir='ltr'>minus</span> <span class='ocrx_word' id='word_1_124' title='bbox 1252 2983 1381 3046; x_wconf 89' lang='lat' dir='ltr'>malum</span> <span class='ocrx_word' id='word_1_125' title='bbox 1404 2979 1535 3066; x_wconf 80' lang='lat' dir='ltr'>quam⁴</span> <span class='ocrx_word' id='word_1_126' title='bbox 1561 3001 1624 3065; x_wconf 91' lang='lat' dir='ltr'>per</span> <span class='ocrx_word' id='word_1_127' title='bbox 1647 3001 1750 3064; x_wconf 90' lang='lat' dir='ltr'>quam</span> <span class='ocrx_word' id='word_1_128' title='bbox 1775 2978 1965 3045; x_wconf 89' lang='lat' dir='ltr'>intenditur</span> <span class='ocrx_word' id='word_1_129' title='bbox 1988 3000 2079 3044; x_wconf 90' lang='lat' dir='ltr'>vana</span> <span class='ocrx_word' id='word_1_130' title='bbox 2099 2978 2211 3067; x_wconf 92' lang='lat' dir='ltr'>gloria</span> <span class='ocrx_word' id='word_1_131' title='bbox 2234 3000 2325 3064; x_wconf 87' lang='lat' dir='ltr'>quae</span> <span class='ocrx_word' id='word_1_132' title='bbox 2349 2991 2402 3046; x_wconf 89' lang='lat' dir='ltr'>cst</span> <span class='ocrx_word' id='word_1_133' title='bbox 2424 2979 2503 3046; x_wconf 89' lang='lat' dir='ltr'>finis</span> 
     </span>
     <span class='ocr_line' id='line_1_15' title="bbox 1028 3094 2503 3182; baseline -0.001 -19"><span class='ocrx_word' id='word_1_134' title='bbox 1028 3096 1223 3182; x_wconf 86' lang='lat' dir='ltr'>superbiae.</span> <span class='ocrx_word' id='word_1_135' title='bbox 1250 3096 1351 3163; x_wconf 89' lang='lat' dir='ltr'>Unus</span> <span class='ocrx_word' id='word_1_136' title='bbox 1377 3096 1468 3162; x_wconf 91' lang='lat' dir='ltr'>enim</span> <span class='ocrx_word' id='word_1_137' title='bbox 1493 3096 1611 3161; x_wconf 91' lang='lat' dir='ltr'>talium</span> <span class='ocrx_word' id='word_1_138' title='bbox 1637 3094 1808 3160; x_wconf 91' lang='lat' dir='ltr'>dicendus</span> <span class='ocrx_word' id='word_1_139' title='bbox 1832 3105 1885 3160; x_wconf 88' lang='lat' dir='ltr'>est</span> <span class='ocrx_word' id='word_1_140' title='bbox 1909 3096 2093 3180; x_wconf 83' lang='lat' dir='ltr'>superbus,</span> <span class='ocrx_word' id='word_1_141' title='bbox 2118 3095 2206 3160; x_wconf 89' lang='lat' dir='ltr'>alius</span> <span class='ocrx_word' id='word_1_142' title='bbox 2223 3107 2338 3162; x_wconf 91' lang='lat' dir='ltr'>autem</span> <span class='ocrx_word' id='word_1_143' title='bbox 2367 3117 2503 3177; x_wconf 72' lang='lat' dir='ltr'>avarus</span> 
     </span>
     <span class='ocr_line' id='line_1_16' title="bbox 1026 3209 2503 3296; baseline 0 -18"><span class='ocrx_word' id='word_1_144' title='bbox 1026 3213 1147 3279; x_wconf 89' lang='lat' dir='ltr'>saltem</span> <span class='ocrx_word' id='word_1_145' title='bbox 1172 3233 1193 3278; x_wconf 89' lang='lat' dir='ltr'>a</span> <span class='ocrx_word' id='word_1_146' title='bbox 1216 3213 1295 3279; x_wconf 90' lang='lat' dir='ltr'>sme.</span> <span class='ocrx_word' id='word_1_147' title='bbox 1313 3251 1355 3260; x_wconf 91' lang='lat'><em>-</em></span> <span class='ocrx_word' id='word_1_148' title='bbox 1379 3212 1451 3279; x_wconf 89' lang='lat' dir='ltr'>Sed</span> <span class='ocrx_word' id='word_1_149' title='bbox 1476 3232 1518 3276; x_wconf 86' lang='lat' dir='ltr'>ex</span> <span class='ocrx_word' id='word_1_150' title='bbox 1541 3221 1639 3296; x_wconf 89' lang='lat' dir='ltr'>parte</span> <span class='ocrx_word' id='word_1_151' title='bbox 1662 3209 1924 3277; x_wconf 77' lang='lat' dir='ltr'>conversionis⁶</span> <span class='ocrx_word' id='word_1_152' title='bbox 1942 3215 2063 3276; x_wconf 89' lang='lat' dir='ltr'>&#39;tamen</span> <span class='ocrx_word' id='word_1_153' title='bbox 2087 3231 2107 3276; x_wconf 89' lang='lat' dir='ltr'>e</span> <span class='ocrx_word' id='word_1_154' title='bbox 2131 3210 2305 3278; x_wconf 88' lang='lat' dir='ltr'>contrario</span> <span class='ocrx_word' id='word_1_155' title='bbox 2329 3214 2503 3294; x_wconf 86' lang='lat' dir='ltr'>sehabet,</span> 
     </span>
     <span class='ocr_line' id='line_1_17' title="bbox 1027 3325 2503 3414; baseline -0.001 -20"><span class='ocrx_word' id='word_1_156' title='bbox 1027 3328 1108 3414; x_wconf 92' lang='lat' dir='ltr'>quia</span> <span class='ocrx_word' id='word_1_157' title='bbox 1124 3349 1202 3395; x_wconf 92' lang='lat' dir='ltr'>cum</span> <span class='ocrx_word' id='word_1_158' title='bbox 1220 3328 1415 3394; x_wconf 88' lang='lat' dir='ltr'>secundum</span> <span class='ocrx_word' id='word_1_159' title='bbox 1438 3325 1675 3414; x_wconf 85' lang='lat' dir='ltr'>Augustinum</span> <span class='ocrx_word' id='word_1_160' title='bbox 1693 3328 1739 3409; x_wconf 85' lang='lat'>(1)</span> <span class='ocrx_word' id='word_1_161' title='bbox 1765 3327 1809 3393; x_wconf 90' lang='lat' dir='ltr'>de</span> <span class='ocrx_word' id='word_1_162' title='bbox 1833 3325 1942 3392; x_wconf 92' lang='lat' dir='ltr'>libero</span> <span class='ocrx_word' id='word_1_163' title='bbox 1962 3325 2101 3392; x_wconf 91' lang='lat' dir='ltr'>arbitrio</span> <span class='ocrx_word' id='word_1_164' title='bbox 2125 3325 2209 3391; x_wconf 93' lang='lat' dir='ltr'>nihil</span> <span class='ocrx_word' id='word_1_165' title='bbox 2233 3326 2326 3392; x_wconf 91' lang='lat' dir='ltr'>aliud</span> <span class='ocrx_word' id='word_1_166' title='bbox 2350 3326 2394 3393; x_wconf 91' lang='lat' dir='ltr'>sit</span> <span class='ocrx_word' id='word_1_167' title='bbox 2410 3328 2503 3393; x_wconf 87' lang='lat' dir='ltr'>dam·</span> 
     </span>
     <span class='ocr_line' id='line_1_18' title="bbox 1026 3440 2502 3532; baseline -0.001 -22"><span class='ocrx_word' id='word_1_168' title='bbox 1026 3445 1181 3510; x_wconf 91' lang='lat' dir='ltr'>nandum</span> <span class='ocrx_word' id='word_1_169' title='bbox 1205 3443 1240 3510; x_wconf 92' lang='lat' dir='ltr'>in</span> <span class='ocrx_word' id='word_1_170' title='bbox 1264 3454 1338 3510; x_wconf 89' lang='lat' dir='ltr'>toto</span> <span class='ocrx_word' id='word_1_171' title='bbox 1360 3463 1492 3532; x_wconf 84' lang='lat' dir='ltr'>genere</span> <span class='ocrx_word' id='word_1_172' title='bbox 1515 3440 1760 3508; x_wconf 87' lang='lat' dir='ltr'>malefaciendi</span> <span class='ocrx_word' id='word_1_173' title='bbox 1784 3463 1887 3526; x_wconf 91' lang='lat' dir='ltr'>quam</span> <span class='ocrx_word' id='word_1_174' title='bbox 1911 3440 2029 3521; x_wconf 91' lang='lat' dir='ltr'>libido,</span> <span class='ocrx_word' id='word_1_175' title='bbox 2054 3441 2127 3508; x_wconf 90' lang='lat' dir='ltr'>sive</span> <span class='ocrx_word' id='word_1_176' title='bbox 2146 3440 2158 3476; x_wconf 81' lang='lat'><strong>⁶</strong></span> <span class='ocrx_word' id='word_1_177' title='bbox 2182 3442 2284 3508; x_wconf 89' lang='lat' dir='ltr'>etiam</span> <span class='ocrx_word' id='word_1_178' title='bbox 2303 3442 2502 3510; x_wconf 89' lang='lat' dir='ltr'>huiusmodi</span> 
     </span>
     <span class='ocr_line' id='line_1_19' title="bbox 1025 3557 2503 3644; baseline 0.001 -20"><span class='ocrx_word' id='word_1_179' title='bbox 1025 3558 1133 3627; x_wconf 92' lang='lat' dir='ltr'>libido</span> <span class='ocrx_word' id='word_1_180' title='bbox 1165 3559 1233 3626; x_wconf 88' lang='lat' dir='ltr'>alio</span> <span class='ocrx_word' id='word_1_181' title='bbox 1264 3557 1407 3626; x_wconf 90' lang='lat' dir='ltr'>nomine</span> <span class='ocrx_word' id='word_1_182' title='bbox 1439 3557 1611 3644; x_wconf 92' lang='lat' dir='ltr'>cupiditas</span> <span class='ocrx_word' id='word_1_183' title='bbox 1643 3569 1874 3643; x_wconf 89' lang='lat' dir='ltr'>nuncupetur,</span> <span class='ocrx_word' id='word_1_184' title='bbox 1907 3567 2005 3623; x_wconf 87' lang='lat' dir='ltr'>actus</span> <span class='ocrx_word' id='word_1_185' title='bbox 2036 3558 2147 3622; x_wconf 90' lang='lat' dir='ltr'>malus</span> <span class='ocrx_word' id='word_1_186' title='bbox 2178 3557 2319 3624; x_wconf 84' lang='lat' dir='ltr'>factus⁷</span> <span class='ocrx_word' id='word_1_187' title='bbox 2350 3561 2427 3644; x_wconf 90' lang='lat' dir='ltr'>[est]</span> <span class='ocrx_word' id='word_1_188' title='bbox 2460 3580 2503 3625; x_wconf 86' lang='lat' dir='ltr'>ex</span> 
     </span>
     <span class='ocr_line' id='line_1_20' title="bbox 1025 3672 2502 3760; baseline 0.001 -19"><span class='ocrx_word' id='word_1_189' title='bbox 1025 3674 1156 3742; x_wconf 90' lang='lat' dir='ltr'>maiore</span> <span class='ocrx_word' id='word_1_190' title='bbox 1179 3674 1322 3741; x_wconf 89' lang='lat' dir='ltr'>libidine</span> <span class='ocrx_word' id='word_1_191' title='bbox 1346 3674 1445 3760; x_wconf 91' lang='lat' dir='ltr'>peior</span> <span class='ocrx_word' id='word_1_192' title='bbox 1465 3684 1517 3740; x_wconf 89' lang='lat' dir='ltr'>est</span> <span class='ocrx_word' id='word_1_193' title='bbox 1541 3672 1723 3739; x_wconf 79' lang='lat' dir='ltr'>dicendus,</span> <span class='ocrx_word' id='word_1_194' title='bbox 1751 3672 1863 3739; x_wconf 89' lang='lat' dir='ltr'>Actus</span> <span class='ocrx_word' id='word_1_195' title='bbox 1887 3684 2002 3739; x_wconf 90' lang='lat' dir='ltr'>autem</span> <span class='ocrx_word' id='word_1_196' title='bbox 2027 3673 2139 3738; x_wconf 90' lang='lat' dir='ltr'>malus</span> <span class='ocrx_word' id='word_1_197' title='bbox 2162 3674 2276 3740; x_wconf 89' lang='lat' dir='ltr'>factus</span> <span class='ocrx_word' id='word_1_198' title='bbox 2300 3695 2344 3740; x_wconf 84' lang='lat' dir='ltr'>ex</span> <span class='ocrx_word' id='word_1_199' title='bbox 2367 3674 2502 3742; x_wconf 90' lang='lat' dir='ltr'>minore</span> 
     </span>
     <span class='ocr_line' id='line_1_21' title="bbox 1025 3786 2502 3876; baseline 0 -19"><span class='ocrx_word' id='word_1_200' title='bbox 1025 3790 1156 3858; x_wconf 83' lang='lat' dir='ltr'>motivo</span> <span class='ocrx_word' id='word_1_201' title='bbox 1184 3790 1334 3857; x_wconf 83' lang='lat' dir='ltr'>exterius</span> <span class='ocrx_word' id='word_1_202' title='bbox 1365 3788 1523 3876; x_wconf 90' lang='lat' dir='ltr'>procedit</span> <span class='ocrx_word' id='word_1_203' title='bbox 1551 3810 1593 3855; x_wconf 85' lang='lat' dir='ltr'>ex</span> <span class='ocrx_word' id='word_1_204' title='bbox 1621 3787 1752 3854; x_wconf 89' lang='lat' dir='ltr'>maiore</span> <span class='ocrx_word' id='word_1_205' title='bbox 1783 3786 1926 3854; x_wconf 91' lang='lat' dir='ltr'>libidine</span> <span class='ocrx_word' id='word_1_206' title='bbox 1957 3787 2145 3854; x_wconf 89' lang='lat' dir='ltr'>voluntatis</span> <span class='ocrx_word' id='word_1_207' title='bbox 2177 3811 2281 3875; x_wconf 91' lang='lat' dir='ltr'>quam</span> <span class='ocrx_word' id='word_1_208' title='bbox 2313 3790 2427 3856; x_wconf 87' lang='lat' dir='ltr'>sactus</span> <span class='ocrx_word' id='word_1_209' title='bbox 2460 3811 2502 3857; x_wconf 83' lang='lat' dir='ltr'>ex</span> 
     </span>
     <span class='ocr_line' id='line_1_22' title="bbox 1025 3902 2502 3993; baseline 0 -21"><span class='ocrx_word' id='word_1_210' title='bbox 1025 3906 1156 3972; x_wconf 90' lang='lat' dir='ltr'>maiore</span> <span class='ocrx_word' id='word_1_211' title='bbox 1180 3904 1355 3973; x_wconf 78' lang='lat' dir='ltr'>bono.&#39;Et</span> <span class='ocrx_word' id='word_1_212' title='bbox 1378 3904 1460 3991; x_wconf 91' lang='lat' dir='ltr'>quia</span> <span class='ocrx_word' id='word_1_213' title='bbox 1483 3904 1572 3971; x_wconf 86' lang='lat' dir='ltr'>inter</span> <span class='ocrx_word' id='word_1_214' title='bbox 1595 3906 1690 3969; x_wconf 86' lang='lat' dir='ltr'>bona</span> <span class='ocrx_word' id='word_1_215' title='bbox 1714 3902 1886 3970; x_wconf 86' lang='lat' dir='ltr'>exteriora</span> <span class='ocrx_word' id='word_1_216' title='bbox 1910 3902 2050 3971; x_wconf 89' lang='lat' dir='ltr'>divitiae</span> <span class='ocrx_word' id='word_1_217' title='bbox 2074 3915 2155 3970; x_wconf 91' lang='lat' dir='ltr'>sunt</span> <span class='ocrx_word' id='word_1_218' title='bbox 2178 3904 2323 3986; x_wconf 86' lang='lat' dir='ltr'>minora,</span> <span class='ocrx_word' id='word_1_219' title='bbox 2347 3906 2502 3993; x_wconf 88' lang='lat' dir='ltr'>honores</span> 
     </span>
     <span class='ocr_line' id='line_1_23' title="bbox 1025 4018 2501 4107; baseline 0.001 -19"><span class='ocrx_word' id='word_1_220' title='bbox 1025 4033 1140 4089; x_wconf 90' lang='lat' dir='ltr'>autem</span> <span class='ocrx_word' id='word_1_221' title='bbox 1157 4034 1238 4088; x_wconf 93' lang='lat' dir='ltr'>sunt</span> <span class='ocrx_word' id='word_1_222' title='bbox 1264 4021 1404 4101; x_wconf 88' lang='lat' dir='ltr'>maiora,</span> <span class='ocrx_word' id='word_1_223' title='bbox 1429 4020 1509 4086; x_wconf 92' lang='lat' dir='ltr'>ideo</span> <span class='ocrx_word' id='word_1_224' title='bbox 1537 4019 1596 4105; x_wconf 93' lang='lat' dir='ltr'>qui</span> <span class='ocrx_word' id='word_1_225' title='bbox 1623 4018 1800 4085; x_wconf 91' lang='lat' dir='ltr'>inducitur</span> <span class='ocrx_word' id='word_1_226' title='bbox 1827 4019 2016 4086; x_wconf 90' lang='lat' dir='ltr'>occasione</span> <span class='ocrx_word' id='word_1_227' title='bbox 2040 4019 2183 4085; x_wconf 91' lang='lat' dir='ltr'>honoris</span> <span class='ocrx_word' id='word_1_228' title='bbox 2212 4021 2257 4086; x_wconf 92' lang='lat' dir='ltr'>ad</span> <span class='ocrx_word' id='word_1_229' title='bbox 2281 4023 2501 4107; x_wconf 90' lang='lat' dir='ltr'>peccandum</span> 
     </span>
     <span class='ocr_line' id='line_1_24' title="bbox 1024 4122 2502 4221; baseline 0.001 -17"><span class='ocrx_word' id='word_1_230' title='bbox 1024 4138 1136 4204; x_wconf 90' lang='lat' dir='ltr'>maius</span> <span class='ocrx_word' id='word_1_231' title='bbox 1167 4139 1302 4204; x_wconf 91' lang='lat' dir='ltr'>habens</span> <span class='ocrx_word' id='word_1_232' title='bbox 1337 4136 1513 4216; x_wconf 86' lang='lat' dir='ltr'>motivum,</span> <span class='ocrx_word' id='word_1_233' title='bbox 1547 4135 1662 4201; x_wconf 90' lang='lat' dir='ltr'>minus</span> <span class='ocrx_word' id='word_1_234' title='bbox 1694 4146 1819 4221; x_wconf 90' lang='lat' dir='ltr'>peccat</span> <span class='ocrx_word' id='word_1_235' title='bbox 1853 4157 1957 4220; x_wconf 92' lang='lat' dir='ltr'>quam</span> <span class='ocrx_word' id='word_1_236' title='bbox 1990 4134 2048 4220; x_wconf 89' lang='lat' dir='ltr'>qui</span> <span class='ocrx_word' id='word_1_237' title='bbox 2080 4122 2255 4202; x_wconf 89' lang='lat' dir='ltr'>inducitur</span> <span class='ocrx_word' id='word_1_238' title='bbox 2286 4136 2502 4205; x_wconf 81' lang='lat' dir='ltr'>occasione⁸</span> 
     </span>
     <span class='ocr_line' id='line_1_25' title="bbox 1023 4249 2500 4337; baseline 0 -18"><span class='ocrx_word' id='word_1_239' title='bbox 1023 4253 1108 4319; x_wconf 91' lang='lat' dir='ltr'>boni</span> <span class='ocrx_word' id='word_1_240' title='bbox 1132 4252 1233 4318; x_wconf 89' lang='lat' dir='ltr'>utilis.</span> <span class='ocrx_word' id='word_1_241' title='bbox 1256 4251 1348 4337; x_wconf 79' lang='lat' dir='ltr'>Quia</span> <span class='ocrx_word' id='word_1_242' title='bbox 1371 4262 1487 4317; x_wconf 86' lang='lat' dir='ltr'>tamen</span> <span class='ocrx_word' id='word_1_243' title='bbox 1513 4249 1714 4337; x_wconf 89' lang='lat' dir='ltr'>simpliciter</span> <span class='ocrx_word' id='word_1_244' title='bbox 1737 4261 1790 4316; x_wconf 90' lang='lat' dir='ltr'>est</span> <span class='ocrx_word' id='word_1_245' title='bbox 1813 4249 2038 4317; x_wconf 90' lang='lat' dir='ltr'>iudicandum</span> <span class='ocrx_word' id='word_1_246' title='bbox 2064 4253 2108 4317; x_wconf 88' lang='lat' dir='ltr'>de</span> <span class='ocrx_word' id='word_1_247' title='bbox 2132 4262 2280 4337; x_wconf 88' lang='lat' dir='ltr'>peccato</span> <span class='ocrx_word' id='word_1_248' title='bbox 2305 4255 2500 4319; x_wconf 90' lang='lat' dir='ltr'>secundum</span> 
     </span>
     <span class='ocr_line' id='line_1_26' title="bbox 1023 4364 2499 4456; baseline -0.001 -20"><span class='ocrx_word' id='word_1_249' title='bbox 1023 4369 1192 4436; x_wconf 91' lang='lat' dir='ltr'>rationem</span> <span class='ocrx_word' id='word_1_250' title='bbox 1219 4389 1309 4454; x_wconf 89' lang='lat' dir='ltr'>quae</span> <span class='ocrx_word' id='word_1_251' title='bbox 1336 4377 1390 4433; x_wconf 90' lang='lat' dir='ltr'>est</span> <span class='ocrx_word' id='word_1_252' title='bbox 1415 4366 1562 4447; x_wconf 81' lang='lat' dir='ltr'>aversio,</span> <span class='ocrx_word' id='word_1_253' title='bbox 1594 4376 1777 4452; x_wconf 87' lang='lat' dir='ltr'>peccatum</span> <span class='ocrx_word' id='word_1_254' title='bbox 1802 4364 1997 4451; x_wconf 91' lang='lat' dir='ltr'>hypocrisis</span> <span class='ocrx_word' id='word_1_255' title='bbox 2026 4377 2167 4452; x_wconf 90' lang='lat' dir='ltr'>propter</span> <span class='ocrx_word' id='word_1_256' title='bbox 2190 4365 2330 4433; x_wconf 87' lang='lat' dir='ltr'>inanem</span> <span class='ocrx_word' id='word_1_257' title='bbox 2355 4368 2499 4456; x_wconf 90' lang='lat' dir='ltr'>gloriam</span> 
     </span>
     <span class='ocr_line' id='line_1_27' title="bbox 1024 4480 2498 4569; baseline -0.001 -18"><span class='ocrx_word' id='word_1_258' title='bbox 1024 4496 1077 4551; x_wconf 91' lang='lat' dir='ltr'>est</span> <span class='ocrx_word' id='word_1_259' title='bbox 1098 4484 1210 4550; x_wconf 89' lang='lat' dir='ltr'>maius</span> <span class='ocrx_word' id='word_1_260' title='bbox 1236 4482 1435 4569; x_wconf 90' lang='lat' dir='ltr'>simpliciter</span> <span class='ocrx_word' id='word_1_261' title='bbox 1451 4481 1626 4568; x_wconf 82' lang='lat' dir='ltr'>peccato⁰</span> <span class='ocrx_word' id='word_1_262' title='bbox 1648 4480 1846 4567; x_wconf 91' lang='lat' dir='ltr'>hypocrisis</span> <span class='ocrx_word' id='word_1_263' title='bbox 1870 4492 2012 4566; x_wconf 87' lang='lat' dir='ltr'>propter</span> <span class='ocrx_word' id='word_1_264' title='bbox 2034 4483 2167 4547; x_wconf 90' lang='lat' dir='ltr'>lucrum</span> <span class='ocrx_word' id='word_1_265' title='bbox 2184 4481 2264 4549; x_wconf 89' lang='lat' dir='ltr'>licet</span> <span class='ocrx_word' id='word_1_266' title='bbox 2288 4483 2498 4550; x_wconf 89' lang='lat' dir='ltr'>econtrario</span> 
     </span>
     <span class='ocr_line' id='line_1_28' title="bbox 1023 4596 2500 4683; baseline -0.001 -16"><span class='ocrx_word' id='word_1_267' title='bbox 1023 4601 1066 4667; x_wconf 91' lang='lat' dir='ltr'>sit</span> <span class='ocrx_word' id='word_1_268' title='bbox 1089 4600 1283 4667; x_wconf 91' lang='lat' dir='ltr'>secundum</span> <span class='ocrx_word' id='word_1_269' title='bbox 1312 4597 1394 4683; x_wconf 91' lang='lat' dir='ltr'>quid</span> <span class='ocrx_word' id='word_1_270' title='bbox 1423 4597 1497 4663; x_wconf 91' lang='lat' dir='ltr'>sive</span> <span class='ocrx_word' id='word_1_271' title='bbox 1514 4597 1539 4633; x_wconf 83' lang='lat'>¹⁰</span> <span class='ocrx_word' id='word_1_272' title='bbox 1565 4618 1608 4662; x_wconf 87' lang='lat' dir='ltr'>ex</span> <span class='ocrx_word' id='word_1_273' title='bbox 1635 4608 1734 4682; x_wconf 90' lang='lat' dir='ltr'>parte</span> <span class='ocrx_word' id='word_1_274' title='bbox 1762 4596 2004 4664; x_wconf 90' lang='lat' dir='ltr'>conversionis</span> <span class='ocrx_word' id='word_1_275' title='bbox 2033 4596 2107 4662; x_wconf 93' lang='lat' dir='ltr'>sive</span> <span class='ocrx_word' id='word_1_276' title='bbox 2135 4597 2254 4663; x_wconf 92' lang='lat' dir='ltr'>motivi</span> <span class='ocrx_word' id='word_1_277' title='bbox 2284 4599 2328 4664; x_wconf 91' lang='lat' dir='ltr'>ad</span> <span class='ocrx_word' id='word_1_278' title='bbox 2356 4620 2500 4667; x_wconf 91' lang='lat' dir='ltr'>conver·</span> 
     </span>
    </p>
   </div>
   <div class='ocr_carea' id='block_1_3' title="bbox 1022 4717 1176 4782">
    <p class='ocr_par' dir='ltr' id='par_1_4' title="bbox 1022 4717 1176 4782">
     <span class='ocr_line' id='line_1_29' title="bbox 1022 4717 1176 4782; baseline -0.013 0"><span class='ocrx_word' id='word_1_279' title='bbox 1022 4717 1176 4782; x_wconf 91' lang='lat' dir='ltr'>tendum.</span> 
     </span>
    </p>
   </div>
   <div class='ocr_carea' id='block_1_4' title="bbox 1021 5004 2498 5273">
    <p class='ocr_par' dir='ltr' id='par_1_5' title="bbox 1021 5004 2498 5273">
     <span class='ocr_line' id='line_1_30' title="bbox 1112 5004 2497 5097; baseline 0 -18"><span class='ocrx_word' id='word_1_280' title='bbox 1112 5024 1213 5097; x_wconf 92' lang='lat' dir='ltr'>¹quod</span> <span class='ocrx_word' id='word_1_281' title='bbox 1227 5057 1259 5065; x_wconf 96' lang='lat'>—</span> <span class='ocrx_word' id='word_1_282' title='bbox 1279 5026 1334 5094; x_wconf 89' lang='lat' dir='ltr'>est]</span> <span class='ocrx_word' id='word_1_283' title='bbox 1354 5041 1409 5077; x_wconf 90' lang='lat' dir='ltr'>om.</span> <span class='ocrx_word' id='word_1_284' title='bbox 1430 5022 1460 5077; x_wconf 88' lang='lat' dir='ltr'>P.</span> <span class='ocrx_word' id='word_1_285' title='bbox 1481 5053 1514 5061; x_wconf 92' lang='lat'><em>-</em></span> <span class='ocrx_word' id='word_1_286' title='bbox 1537 5004 1717 5077; x_wconf 72' lang='lat' dir='ltr'>’residendo</span> <span class='ocrx_word' id='word_1_287' title='bbox 1740 5022 1769 5075; x_wconf 91' lang='lat' dir='ltr'>P.</span> <span class='ocrx_word' id='word_1_288' title='bbox 1790 5053 1822 5061; x_wconf 96' lang='lat'>-</span> <span class='ocrx_word' id='word_1_289' title='bbox 1847 5022 1965 5076; x_wconf 78' lang='lat' dir='ltr'>&#39;subici</span> <span class='ocrx_word' id='word_1_290' title='bbox 1986 5054 2019 5062; x_wconf 98' lang='lat'>—</span> <span class='ocrx_word' id='word_1_291' title='bbox 2038 5024 2094 5092; x_wconf 89' lang='lat' dir='ltr'>est]</span> <span class='ocrx_word' id='word_1_292' title='bbox 2115 5040 2180 5078; x_wconf 92' lang='lat' dir='ltr'>cum</span> <span class='ocrx_word' id='word_1_293' title='bbox 2202 5023 2232 5077; x_wconf 90' lang='lat' dir='ltr'>P.</span> <span class='ocrx_word' id='word_1_294' title='bbox 2253 5056 2286 5064; x_wconf 92' lang='lat'><em>-</em></span> <span class='ocrx_word' id='word_1_295' title='bbox 2306 5028 2316 5057; x_wconf 75' lang='lat'><strong>⁴</strong></span> <span class='ocrx_word' id='word_1_296' title='bbox 2336 5043 2392 5080; x_wconf 90' lang='lat' dir='ltr'>om.</span> <span class='ocrx_word' id='word_1_297' title='bbox 2410 5025 2441 5079; x_wconf 93' lang='lat' dir='ltr'>P.</span> <span class='ocrx_word' id='word_1_298' title='bbox 2464 5056 2497 5065; x_wconf 94' lang='lat'>-</span> 
     </span>
     <span class='ocr_line' id='line_1_31' title="bbox 1022 5109 2498 5182; baseline 0 -15"><span class='ocrx_word' id='word_1_299' title='bbox 1022 5114 1033 5145; x_wconf 80' lang='lat'><strong>⁶</strong></span> <span class='ocrx_word' id='word_1_300' title='bbox 1052 5112 1213 5167; x_wconf 88' lang='lat' dir='ltr'>aversionis</span> <span class='ocrx_word' id='word_1_301' title='bbox 1232 5112 1293 5166; x_wconf 96' lang='lat' dir='ltr'>PV.</span> <span class='ocrx_word' id='word_1_302' title='bbox 1311 5112 1371 5152; x_wconf 70' lang='lat'>-0</span> <span class='ocrx_word' id='word_1_303' title='bbox 1388 5128 1474 5182; x_wconf 92' lang='lat' dir='ltr'>quam</span> <span class='ocrx_word' id='word_1_304' title='bbox 1493 5110 1524 5164; x_wconf 90' lang='grc' dir='ltr'>Ρ.</span> <span class='ocrx_word' id='word_1_305' title='bbox 1554 5141 1579 5150; x_wconf 94' lang='grc'><strong>-</strong></span> <span class='ocrx_word' id='word_1_306' title='bbox 1598 5111 1607 5142; x_wconf 80' lang='lat'>⁷</span> <span class='ocrx_word' id='word_1_307' title='bbox 1624 5127 1680 5163; x_wconf 85' lang='lat' dir='ltr'>om.</span> <span class='ocrx_word' id='word_1_308' title='bbox 1701 5109 1732 5162; x_wconf 92' lang='lat' dir='ltr'>P.</span> <span class='ocrx_word' id='word_1_309' title='bbox 1748 5140 1781 5148; x_wconf 93' lang='lat'><em>-</em></span> <span class='ocrx_word' id='word_1_310' title='bbox 1800 5109 1942 5163; x_wconf 74' lang='lat' dir='ltr'>&#39;honoris</span> <span class='ocrx_word' id='word_1_311' title='bbox 1957 5141 1990 5149; x_wconf 93' lang='lat'><em>-</em></span> <span class='ocrx_word' id='word_1_312' title='bbox 2012 5110 2180 5181; x_wconf 86' lang='lat' dir='ltr'>occasione]</span> <span class='ocrx_word' id='word_1_313' title='bbox 2201 5129 2258 5166; x_wconf 88' lang='lat' dir='ltr'>om.</span> <span class='ocrx_word' id='word_1_314' title='bbox 2276 5112 2307 5166; x_wconf 86' lang='lat' dir='ltr'>P.</span> <span class='ocrx_word' id='word_1_315' title='bbox 2328 5144 2359 5154; x_wconf 91' lang='lat'>-</span> <span class='ocrx_word' id='word_1_316' title='bbox 2379 5112 2498 5167; x_wconf 82' lang='lat' dir='ltr'>⁹maius</span> 
     </span>
     <span class='ocr_line' id='line_1_32' title="bbox 1021 5196 1769 5273; baseline -0.008 -16"><span class='ocrx_word' id='word_1_317' title='bbox 1021 5234 1054 5241; x_wconf 94' lang='lat'>-</span> <span class='ocrx_word' id='word_1_318' title='bbox 1074 5201 1209 5273; x_wconf 89' lang='lat' dir='ltr'>peccato]</span> <span class='ocrx_word' id='word_1_319' title='bbox 1229 5199 1401 5272; x_wconf 89' lang='lat' dir='ltr'>simpliciter</span> <span class='ocrx_word' id='word_1_320' title='bbox 1413 5199 1507 5255; x_wconf 85' lang='lat' dir='ltr'>maior</span> <span class='ocrx_word' id='word_1_321' title='bbox 1519 5198 1550 5253; x_wconf 92' lang='lat' dir='ltr'>P.</span> <span class='ocrx_word' id='word_1_322' title='bbox 1565 5229 1598 5238; x_wconf 94' lang='lat'><em>-</em></span> <span class='ocrx_word' id='word_1_323' title='bbox 1614 5199 1635 5230; x_wconf 91' lang='lat'>¹⁰</span> <span class='ocrx_word' id='word_1_324' title='bbox 1647 5196 1725 5251; x_wconf 91' lang='lat' dir='ltr'>sicut</span> <span class='ocrx_word' id='word_1_325' title='bbox 1738 5197 1769 5251; x_wconf 91' lang='lat' dir='ltr'>P.</span> 
     </span>
    </p>
   </div>
   <div class='ocr_carea' id='block_1_5' title="bbox 1020 5465 2495 5709">
    <p class='ocr_par' dir='ltr' id='par_1_6' title="bbox 1020 5465 2495 5709">
     <span class='ocr_line' id='line_1_33' title="bbox 1109 5465 2494 5539; baseline 0 -18"><span class='ocrx_word' id='word_1_326' title='bbox 1109 5469 1147 5537; x_wconf 85' lang='lat' dir='ltr'>(l)</span> <span class='ocrx_word' id='word_1_327' title='bbox 1167 5465 1360 5538; x_wconf 81' lang='lat' dir='ltr'>Augustini</span> <span class='ocrx_word' id='word_1_328' title='bbox 1384 5466 1429 5520; x_wconf 89' lang='lat' dir='ltr'>De</span> <span class='ocrx_word' id='word_1_329' title='bbox 1442 5467 1534 5520; x_wconf 83' lang='lat' dir='ltr'>libero</span> <span class='ocrx_word' id='word_1_330' title='bbox 1546 5466 1685 5532; x_wconf 82' lang='lat' dir='ltr'>arbitrio,</span> <span class='ocrx_word' id='word_1_331' title='bbox 1698 5465 1715 5518; x_wconf 92' lang='lat' dir='ltr'>l.</span> <span class='ocrx_word' id='word_1_332' title='bbox 1730 5465 1781 5533; x_wconf 91' lang='lat'>111,</span> <span class='ocrx_word' id='word_1_333' title='bbox 1794 5483 1819 5521; x_wconf 91' lang='lat' dir='ltr'>c.</span> <span class='ocrx_word' id='word_1_334' title='bbox 1835 5467 1867 5520; x_wconf 84' lang='lat'>17</span> <span class='ocrx_word' id='word_1_335' title='bbox 1880 5466 1938 5531; x_wconf 81' lang='lat' dir='ltr'>(ed.</span> <span class='ocrx_word' id='word_1_336' title='bbox 1953 5465 2059 5536; x_wconf 85' lang='lat' dir='ltr'>Migne,</span> <span class='ocrx_word' id='word_1_337' title='bbox 2073 5465 2104 5520; x_wconf 90' lang='lat' dir='ltr'>P.</span> <span class='ocrx_word' id='word_1_338' title='bbox 2120 5466 2159 5534; x_wconf 61' lang='grc' dir='ltr'>Ι.)</span> <span class='ocrx_word' id='word_1_339' title='bbox 2172 5466 2229 5521; x_wconf 86' lang='grc' dir='ltr'>νοΙ.</span> <span class='ocrx_word' id='word_1_340' title='bbox 2244 5470 2288 5534; x_wconf 82' lang='lat'>32,</span> <span class='ocrx_word' id='word_1_341' title='bbox 2300 5485 2328 5538; x_wconf 93' lang='lat' dir='ltr'>p.</span> <span class='ocrx_word' id='word_1_342' title='bbox 2345 5469 2413 5521; x_wconf 75' lang='lat'>1294</span> <span class='ocrx_word' id='word_1_343' title='bbox 2426 5471 2494 5539; x_wconf 84' lang='lat' dir='ltr'>sq.).</span> 
     </span>
     <span class='ocr_line' id='line_1_34' title="bbox 1021 5552 2495 5626; baseline 0.001 -19"><span class='ocrx_word' id='word_1_344' title='bbox 1021 5575 1033 5607; x_wconf 78' lang='lat' dir='ltr'>r</span> <span class='ocrx_word' id='word_1_345' title='bbox 1050 5556 1133 5609; x_wconf 86' lang='lat' dir='ltr'>Haec</span> <span class='ocrx_word' id='word_1_346' title='bbox 1147 5561 1244 5609; x_wconf 86' lang='lat' dir='ltr'>autem</span> <span class='ocrx_word' id='word_1_347' title='bbox 1257 5553 1380 5608; x_wconf 89' lang='lat' dir='ltr'>avaritia</span> <span class='ocrx_word' id='word_1_348' title='bbox 1393 5553 1539 5624; x_wconf 88' lang='lat' dir='ltr'>cupiditas</span> <span class='ocrx_word' id='word_1_349' title='bbox 1552 5561 1615 5621; x_wconf 79' lang='lat' dir='ltr'>est3</span> <span class='ocrx_word' id='word_1_350' title='bbox 1634 5552 1781 5625; x_wconf 89' lang='lat' dir='ltr'>cupiditas</span> <span class='ocrx_word' id='word_1_351' title='bbox 1794 5571 1882 5625; x_wconf 91' lang='lat' dir='ltr'>porro</span> <span class='ocrx_word' id='word_1_352' title='bbox 1896 5553 2030 5625; x_wconf 87' lang='lat' dir='ltr'>improba</span> <span class='ocrx_word' id='word_1_353' title='bbox 2044 5553 2180 5610; x_wconf 89' lang='lat' dir='ltr'>voluntas</span> <span class='ocrx_word' id='word_1_354' title='bbox 2193 5562 2247 5608; x_wconf 91' lang='lat' dir='ltr'>est.</span> <span class='ocrx_word' id='word_1_355' title='bbox 2266 5555 2345 5625; x_wconf 86' lang='lat' dir='ltr'>Ergo</span> <span class='ocrx_word' id='word_1_356' title='bbox 2360 5553 2495 5626; x_wconf 88' lang='lat' dir='ltr'>improba</span> 
     </span>
     <span class='ocr_line' id='line_1_35' title="bbox 1020 5642 1682 5709; baseline -0.003 -13"><span class='ocrx_word' id='word_1_357' title='bbox 1020 5643 1164 5709; x_wconf 87' lang='lat' dir='ltr'>voluntas,</span> <span class='ocrx_word' id='word_1_358' title='bbox 1183 5642 1324 5697; x_wconf 88' lang='lat' dir='ltr'>malorum</span> <span class='ocrx_word' id='word_1_359' title='bbox 1344 5642 1472 5695; x_wconf 89' lang='lat' dir='ltr'>omnium</span> <span class='ocrx_word' id='word_1_360' title='bbox 1492 5658 1581 5695; x_wconf 90' lang='lat' dir='ltr'>causa</span> <span class='ocrx_word' id='word_1_361' title='bbox 1600 5649 1682 5695; x_wconf 79' lang='lat' dir='ltr'>est.»</span> 
     </span>
    </p>
   </div>
   <div class='ocr_carea' id='block_1_6' title="bbox 0 0 3354 7992">
    <p class='ocr_par' dir='ltr' id='par_1_7' title="bbox 0 0 3354 7992">
     <span class='ocr_line' id='line_1_36' title="bbox 0 0 3354 7992; baseline 0 5"><span class='ocrx_word' id='word_1_362' title='bbox 0 0 3354 7992; x_wconf 95' lang='lat' dir='ltr'> </span> 
     </span>
    </p>
   </div>
  </div>
 </body>
</html>
