6700 7992
1396 1438 1586 1492 llAGlSTRI
1625 1438 1844 1494 GODEFRIDI
1874 1439 1926 1492 DE
1954 1438 2152 1494 FONTIBUS

1129 1615 1176 1670 Ad
1203 1617 1287 1670 istam
1314 1618 1516 1688 quaestionem
1543 1617 1643 1670 dicunt
1666 1616 1783 1687 quidam
1808 1616 1857 1688 qui
1879 1625 1992 1688 ponunt
2014 1634 2079 1670 esse
2102 1624 2131 1669 et
2157 1615 2314 1670 essentiam
2341 1633 2373 1670 re
2399 1616 2528 1671 differre

1039 1712 1068 1765 in
1088 1713 1238 1780 creaturiS,
1259 1713 1337 1784 quod
1356 1713 1432 1767 sicut
1453 1713 1479 1767 in
1500 1730 1608 1766 unare
1628 1730 1686 1766 non
1707 1722 1750 1766 est
1769 1711 1825 1766 nisi
1845 1731 1901 1765 unu
1922 1711 2055 1766 extensio
2078 1728 2130 1784 per
2152 1729 2239 1778 quarn
2262 1712 2360 1766 omnia
2378 1710 2457 1766 illius
2475 1710 2522 1765 rei

881 1855 938 1909 cod
961 1854 982 1908 s
1039 1818 1106 1862 sunt
1128 1808 1340 1887 extensa—licet
1363 1808 1561 1862 diversimode
1585 1825 1662 1863 uram
1687 1808 1809 1861 materia
1832 1815 1876 1861 est
1898 1817 2019 1861 extensa
2042 1807 2119 1861 sicut
2140 1806 2304 1862 subiectum
2327 1806 2518 1871 extensionis,

857 1925 907 1980 sol·
919 1897 956 1981 ῃ
969 1925 1011 1979 R„
1031 1895 1096 1956 ⁸alia
1116 1913 1212 1957 autem
1237 1905 1312 1958 sicut
1335 1903 1500 1958 accidentia
1523 1903 1761 1976 supervenientia
1784 1911 1851 1957 sunt
1873 1912 1995 1957 extensa
2020 1905 2024 1970 Ι
2051 1904 2118 1974 quia
2138 1902 2317 1975 recipiuntur
2336 1903 2366 1957 in
2384 1911 2518 1969 extenso,

1038 1998 1114 2052 sicut
1136 2007 1183 2076 ‘est
1209 1999 1317 2053 albedo
1342 2008 1372 2052 et
1398 1999 1581 2065 consimilia),
1601 2030 1633 2038 —
1655 1999 1694 2052 ita
1721 2000 1808 2052 etiam
1834 1998 1863 2052 in
1887 2016 1944 2052 una
1970 2016 2002 2052 re
2028 2016 2087 2053 non
2113 2008 2158 2052 est
2182 1998 2238 2054 nisi
2264 2016 2352 2053 unum
2380 1998 2528 2063 existere,

1033 2083 1091 2173 ¹per
1119 2095 1199 2166 quod
1228 2097 1325 2148 omnia
1354 2097 1491 2159 existunt,
1520 2097 1560 2149 ita
1589 2095 1668 2166 quod
1697 2094 1861 2148 substantia
1887 2095 1985 2148 existit
2007 2094 2082 2148 sicut
2105 2095 2269 2149 subiectum
2289 2094 2444 2159 existendi,
2464 2095 2517 2148 sed

1038 2190 1104 2271 alia,
1124 2190 1237 2245 scilicet
1263 2191 1429 2245 accidentia
1457 2192 1586 2245 existunt
1612 2192 1680 2262 quia
1709 2190 1889 2262 recipiuntur
1916 2191 1945 2244 in
1974 2190 2126 2245 existente.
2150 2190 2284 2246 Ulterius·
2308 2190 2409 2245 dicunt
2437 2190 2517 2262 quod

1038 2285 1116 2363 istud
1136 2286 1262 2340 existere
1282 2287 1329 2341 vel
1345 2290 1353 2319 ¹
1372 2305 1438 2341 esse
1458 2287 1658 2358 principaliter
1678 2286 1868 2358 consequitur
1888 2286 2009 2340 sormam
2030 2287 2157 2357 aliquam
2177 2286 2387 2359 principaliter,
2404 2286 2517 2341 scilicet

1037 2379 1162 2434 formam
1188 2383 1421 2447 substantialem,
1450 2393 1479 2437 et
1507 2383 1585 2437 illam
1615 2384 1708 2437 solam
1735 2400 1810 2454 quae
1839 2383 1890 2437 ‹lat
1918 2400 1984 2437 esse
2013 2383 2223 2454 completivum
2243 2384 2262 2450 1,
2281 2383 2306 2437 si
2334 2383 2392 2437 sint
2418 2383 2517 2454 plures

1037 2476 1150 2531 formae
1176 2479 1391 2533 substantiales.
1419 2480 1454 2532 Et
1479 2479 1596 2550 quando
1622 2487 1775 2550 separatur
1800 2480 1867 2533 talis
1890 2478 1992 2545 forma,
2015 2488 2168 2550 separatur
2189 2479 2255 2533 talis
2275 2487 2359 2534 actus
2380 2478 2517 2544 essendi3

864 2573 868 2582 '
901 2576 922 2604 ·'
960 2574 962 2579 ’
1038 2581 1067 2626 et
1087 2574 1205 2643 quando
1225 2575 1419 2646 corrumpitur
1438 2573 1540 2639 forma,
1560 2575 1757 2646 corrumpitur
1778 2593 1865 2641 esse3
1891 2584 1920 2629 et
1942 2566 2060 2647 quando
2084 2575 2300 2629 introducitur³
2321 2576 2388 2629 talis
2413 2575 2517 2638 forma,

1030 2668 1230 2724 ‘introducitur
1258 2688 1331 2724 esse.
1359 2672 1441 2725 llaec
1466 2681 1563 2725 autem
1589 2670 1684 2724 turma
1709 2670 1737 2724 in
1765 2671 1882 2726 bomine
1907 2680 1952 2726 est
1978 2671 2074 2725 anima
2100 2671 2281 2725 rationabilis
2301 2674 2319 2740 ⁴,
2345 2682 2373 2725 et
2399 2671 2467 2725 ideo
2487 2672 2517 2724 in

1038 2769 1134 2843 anima
1155 2767 1320 2820 rationabili
1338 2769 1348 2797 1
1366 2777 1502 2839 separata
1522 2777 1652 2821 remanet
1673 2776 1766 2820 toturn
1787 2785 1853 2821 esse
1873 2768 1952 2838 quod
1972 2768 2082 2821 eratin
2102 2768 2228 2821 bomine.

1128 2864 1217 2934 Quod
1245 2873 1343 2917 autem
1372 2865 1412 2916 ita
1440 2864 1485 2930 sit,
1514 2863 1627 2917 scilicet
1656 2863 1735 2934 quod
1759 2863 1787 2916 in
1811 2864 1916 2917 eudem
1937 2863 2051 2917 nonsit
2072 2863 2126 2917 nisi
2149 2881 2236 2918 unum
2257 2881 2332 2927 esse,
2351 2865 2527 2935 probatur*

1038 2969 1176 3031 quattuor
1204 2959 1374 3014 rationibus.
1399 2992 1430 2997 —
1456 2959 1553 3013 Prima
1581 2959 1648 3013 talis
1676 2969 1730 3013 est.
1763 2960 1836 3012 Esse
1864 2959 2054 3030 consequitur
2082 2957 2206 3013 formam
2235 2959 2456 3014 substantialem
2487 2969 2516 3013 et

1037 3057 1130 3110 solum
1151 3057 1228 3109 illam
1249 3074 1324 3126 quae
1345 3064 1389 3109 est
1409 3055 1596 3126 completiva,
1609 3055 1632 3108 si
1649 3055 1754 3109 dentur
1773 3056 1880 3126 plures.
1900 3055 1960 3109 Sed
1981 3055 2008 3108 iu
2029 3073 2086 3109 una
2105 3072 2137 3108 re
2156 3073 2215 3109 non
2234 3064 2280 3109 est
2298 3055 2353 3109 nisi
2374 3072 2431 3109 uua
2450 3055 2518 3109 talis

1037 3151 1140 3205 t'orma.
1163 3153 1239 3221 Ergo
1265 3162 1293 3206 et
1319 3162 1426 3205 cetera.
1454 3152 1585 3222 Utraque
1610 3151 1775 3223 propositio
1800 3159 1891 3223 patet.
1916 3159 1947 3204 ut
1970 3151 2093 3219 videtur,
2116 3168 2152 3205 ex
2175 3150 2262 3207 dictis
2277 3153 2294 3206 1.
2320 3182 2354 3190 -
2379 3150 2518 3206 Secunda

1037 3248 1104 3301 talis
1130 3258 1181 3300 est.
1209 3247 1316 3300 Omnia
1340 3265 1415 3318 quae
1438 3248 1529 3301 sunt⁶
1554 3265 1642 3300 unum
1665 3239 1808 3313 subiect0,
1831 3245 1967 3300 dicuntur
1986 3265 2073 3301 unum
2094 3246 2254 3301 secundum
2274 3263 2349 3302 esse.
2375 3247 2435 3302 Sed
2460 3247 2516 3302 boc

1037 3362 1094 3398 non
1121 3354 1208 3410 esset,
1234 3343 1256 3397 si
1284 3345 1312 3396 in
1338 3343 1443 3397 eodem
1469 3352 1568 3398 essent
1594 3343 1679 3415 plura
1704 3359 1778 3397 esse.
1804 3343 1882 3414 Ergo
1908 3351 1939 3397 et
1963 3353 2070 3397 cetera.
2091 3374 2124 3383 —-
2143 3343 2168 3396 T
2171 3343 2244 3397 ertia
2263 3342 2330 3397 talis
2350 3351 2404 3397 est.
2430 3342 2517 3397 Acci·

1037 3439 1135 3493 dentia
1156 3457 1214 3491 non
1235 3439 1369 3493 dicuntur
1388 3456 1454 3492 esse
1474 3438 1529 3492 nisi
1549 3438 1618 3510 quia
1637 3447 1705 3492 sunt
1727 3438 1812 3492 entis.
1834 3437 1894 3492 Sed
1914 3439 1970 3492 hoc
1989 3455 2047 3492 non
2067 3447 2112 3492 est
2131 3446 2252 3511 propter
2274 3437 2353 3493 aliud
2372 3439 2427 3494 nisi
2447 3438 2516 3510 quia

1037 3535 1202 3589 accidentia
1221 3552 1279 3588 non
1299 3535 1409 3588 habent
1428 3533 1578 3607 proprium
1598 3551 1674 3602 esse,
1693 3535 1747 3589 sed
1766 3534 1860 3588 solum
1881 3534 1990 3588 habent
2018 3550 2083 3588 esse
2113 3533 2181 3606 quia
2209 3541 2277 3589 suut
2303 3533 2334 3588 in
2361 3535 2515 3589 existente.

1037 3632 1116 3702 Ergo
1136 3639 1164 3685 et
1185 3638 1291 3684 cetera.
1312 3663 1345 3669 -
1365 3630 1478 3700 Quarta
1506 3630 1573 3683 talis
1602 3637 1656 3684 est.
1688 3629 1719 3684 Si
1748 3637 1927 3700 ponerentur
1955 3630 1983 3683 in
2014 3629 2118 3684 eodem
2142 3630 2226 3702 plura
2244 3633 2321 3699 esSe,
2338 3647 2428 3684 unum
2449 3648 2516 3685 esse

1037 3726 1228 3799 participaret
1257 3727 1388 3780 alterurn.
1420 3725 1480 3779 Sed
1508 3725 1565 3779 hoc
1594 3734 1639 3779 est
1666 3724 1858 3796 impossibile,
1884 3725 1952 3796 quia
1981 3726 2037 3797 ipsi
2063 3743 2129 3780 esse
2154 3733 2302 3798 repugnat
2320 3725 2431 3797 aliquid
2450 3744 2525 3798 par-v

1036 3822 1159 3893 ticipare
1173 3824 1191 3876 ⁹.
1213 3823 1290 3894 Ergo
1310 3830 1339 3876 et
1359 3830 1466 3876 cetera.

1125 3918 1185 3971 Sed
1204 3919 1260 3972 hoc
1279 3926 1358 3971 stare
1377 3935 1435 3972 non
1455 3926 1555 3989 potest
1570 3918 1599 3985 ¹⁰,
1618 3917 1732 3971 scilicet
1752 3918 1830 3988 quod
1851 3918 1879 3970 iu
1899 3917 2004 3971 eodem
2025 3918 2062 3972 sit
2081 3926 2193 3973 tantum
2217 3935 2305 3972 unum
2323 3935 2390 3973 esse
2410 3918 2517 3991 positis

1035 4014 1167 4086 pluribus
1196 4014 1340 4082 essentiis,
1368 4014 1431 4067 sive
1459 4022 1605 4086 ponantur
1628 4030 1693 4068 esse
1716 4023 1745 4067 et
1768 4014 1896 4067 essentia
1919 4013 1996 4068 idem
2017 4031 2049 4068 re
2068 4014 2131 4068 sive
2151 4014 2276 4070 diversa.
2296 4014 2333 4069 Et
2351 4014 2376 4069 si
2396 4014 2514 4086 quidem

1036 4128 1102 4165 esse
1133 4121 1162 4164 et
1190 4111 1318 4165 essentia
1346 4109 1403 4164 sint
1431 4110 1509 4181 idern
1527 4128 1568 4173 re,
1587 4110 1643 4165 hoc
1664 4117 1746 4182 patet
1766 4109 1803 4162 de
1822 4126 1864 4174 se,
1884 4110 1962 4180 quod
1985 4109 2098 4164 scilicet
2122 4110 2288 4181 plurificato
2313 4126 2372 4164 uno
2397 4109 2516 4165 realiter

1037 4206 1251 4277 plurificabitur
1269 4206 1401 4259 alterum.
1422 4205 1453 4259 Si
1473 4223 1511 4276 po
1528 4208 1533 4274 Ι
1549 4212 1634 4259 natur
1657 4204 1744 4259 etiam
1760 4206 1839 4276 quod
1858 4205 1916 4260 sint
1938 4205 2064 4272 diversa,
2079 4205 2115 4259 ad
2135 4207 2192 4260 hoc
2208 4207 2227 4238 ¹¹
2240 4204 2372 4277 sequitur
2384 4205 2471 4269 idem,
2485 4214 2515 4261 et

1036 4302 1092 4356 hoc
1111 4310 1194 4374 patet
1213 4288 1351 4373 quattuor
1370 4302 1539 4355 rationibus.
1614 4301 1710 4354 Prima
1729 4301 1796 4354 talis
1815 4310 1868 4355 est.
1892 4301 1966 4354 lllud
1986 4300 2014 4354 iu
2035 4318 2093 4372 quo
2112 4310 2180 4355 sunt
2202 4302 2301 4372 plures
2322 4301 2435 4356 tonnae
2455 4320 2514 4355 non

1036 4406 1134 4469 potest
1154 4414 1219 4452 esse
1238 4415 1326 4451 unum
1347 4415 1399 4451 ens
1419 4398 1591 4470 simpliciter
1611 4406 1639 4451 et
1666 4415 1718 4468 per
1739 4415 1778 4449 se.
1802 4397 1861 4450 Sed
1885 4397 1954 4450 illud
1978 4397 2057 4467 quud
2080 4414 2137 4450 uon
2160 4405 2205 4451 est
2226 4416 2315 4452 unum
2334 4415 2387 4452 ens
2407 4416 2459 4469 per
2481 4415 2516 4452 se

1035 4513 1092 4548 non
1113 4503 1211 4566 potest
1239 4496 1348 4549 babere
1377 4512 1464 4547 unum
1492 4504 1587 4548 actum
1616 4494 1742 4547 essendi.
1759 4494 1836 4563 Ergo
1856 4502 1885 4547 et
1905 4504 2012 4546 cetera.
2033 4492 2127 4547 Minor
2145 4501 2236 4564 patet,
2257 4495 2324 4564 quia
2343 4493 2414 4547 illud
2434 4494 2514 4565 quod

1034 4609 1092 4644 non
1113 4600 1157 4644 est
1178 4609 1265 4644 unum
1282 4592 1301 4623 11
1320 4591 1491 4661 simpliciter
1510 4591 1562 4642 sed
1582 4598 1694 4643 tautum
1716 4607 1767 4660 per
1788 4589 1934 4651 accidens,
1960 4607 2013 4660 per
2031 4607 2065 4642 se
2084 4589 2234 4659 loquendo
2257 4597 2301 4644 est
2321 4590 2413 4660 plura,
2433 4590 2513 4660 quod

1035 4705 1092 4741 non
1113 4696 1214 4757 posset
1233 4687 1295 4740 fieri
1316 4687 1370 4738 uisi
1391 4687 1512 4738 haberet
1532 4685 1614 4756 plura
1634 4702 1709 4738 esse.
1733 4685 1825 4738 Maior
1848 4692 1944 4739 autem
1967 4686 2116 4756 probatur,
2137 4685 2203 4755 quia
2225 4703 2311 4738 unum
2332 4701 2385 4757 per
2403 4702 2435 4739 se
2455 4703 2514 4739 non

1034 4782 1147 4837 faciunt
1165 4782 1220 4836 nisi
1244 4783 1293 4835 illa
1313 4798 1436 4852 quorum
1465 4799 1553 4834 unum
1576 4790 1621 4834 est
1644 4782 1776 4851 potentia
1799 4798 1872 4851 pura
1895 4788 1924 4834 et
1946 4781 2025 4834 aliud
2046 4790 2092 4834 est
2111 4789 2194 4835 actus
2216 4779 2388 4853 simpliciter
2403 4782 2431 4834 ¹³.
2452 4780 2513 4836 Sed

1034 4879 1105 4932 illud
1134 4879 1213 4950 quod
1242 4879 1299 4931 iarn
1327 4877 1416 4931 habet
1445 4876 1571 4947 aliquam
1600 4876 1725 4929 formam
1754 4893 1812 4929 non
1841 4884 1939 4947 potest
1962 4876 2020 4930 dici
2043 4894 2113 4946 pura
2136 4876 2279 4947 potentia,
2297 4893 2353 4931 nec
2372 4893 2426 4949 per
2444 4894 2514 4931 con·

1034 4992 1161 5046 sequens
1190 4983 1274 5028 actus
1302 4973 1514 5045 superveniens
1542 4980 1641 5043 potest
1663 4971 1721 5026 dici
1744 4982 1827 5025 aetus
1851 4972 1925 5026 dans
1949 4990 2015 5026 esse
2034 4972 2215 5044 simpliciter.
2237 4973 2316 5043 Ergo
2338 4972 2410 5027 illud
2433 4973 2514 5043 quod

1034 5072 1092 5124 iarn
1112 5072 1200 5124 habet
1220 5069 1347 5141 aliquam
1368 5069 1491 5122 sormam
1512 5086 1578 5123 cum
1599 5067 1655 5122 alia
1674 5067 1901 5139 superveniente
1924 5086 1982 5121 nou
2002 5075 2101 5138 potest
2120 5085 2186 5123 esse
2202 5070 2223 5100 ¹⁴
2240 5086 2329 5122 unum
2349 5085 2401 5123 ens
2414 5086 2467 5139 per
2480 5086 2513 5123 se

1034 5176 1064 5221 et
1083 5167 1262 5238 simpliciter.
1287 5167 1321 5220 Et
1344 5183 1397 5237 per
1419 5182 1606 5236 consequens
1624 5172 1707 5236 patet
1727 5164 1806 5235 quod
1826 5164 1897 5217 illud
1913 5166 1933 5195 11
1956 5163 1983 5217 in
2004 5180 2062 5234 quo
2081 5171 2148 5218 sunt
2167 5164 2266 5235 plures
2284 5163 2398 5219 formae
2424 5167 2428 5232 Ι
2453 5182 2513 5218 non

1034 5274 1078 5327 est
1107 5280 1195 5317 unum
1224 5280 1276 5317 ens
1305 5279 1359 5334 per
1386 5280 1428 5320 se,
1447 5268 1476 5314 et
1505 5260 1546 5314 sic
1575 5268 1656 5331 patet
1686 5260 1778 5313 maior
1795 5261 1822 5313 11.
1901 5259 2039 5313 Secunda
2061 5259 2128 5313 talis
2150 5267 2202 5313 est.
2226 5258 2393 5314 Secundum
2416 5260 2513 5313 Philo·

878 4172 943 4229 cod.
960 4174 983 4228 P

844 4245 893 4299 iol.
908 4248 959 4300 153
972 4246 1013 4299 Rb

1124 5556 1213 5609 ¹sive
1234 5556 1265 5608 t'.
1286 5587 1317 5594 —
1344 5557 1354 5585 1
1379 5554 1556 5624 corripietum
1577 5553 1609 5603 (ἶ
1635 5584 1667 5590 -
1692 5553 1786 5605 ³esse
1810 5553 1877 5604 cairi.
1902 5556 1931 5605 et
1951 5558 2076 5623 arpuua:
2102 5553 2134 5605 tt.
2159 5583 2191 5591 -
2217 5551 2397 5606 ‘rationalis
2422 5552 2454 5606 C.
2478 5584 2512 5592 —

1032 5646 1042 5675 1
1061 5643 1194 5696 rationali
1217 5644 1248 5696 C.
1283 5675 1300 5681 --
1322 5646 1332 5672 1
1352 5643 1477 5713 probant
1491 5641 1522 5694 t'.
1544 5673 1553 5677 ··
1563 5673 1576 5677 -
1599 5641 1607 5669 ⁷
1621 5658 1692 5706 ergo
1706 5648 1735 5691 et
1750 5650 1847 5692 cetera
1865 5641 1933 5693 «ald.
1949 5639 1980 5694 C.
1997 5672 2029 5678 —
2044 5643 2054 5667 1
2067 5639 2200 5694 subiecto
2214 5640 2284 5692 add.
2297 5643 2325 5693 et
2337 5644 2463 5711 exprrrrx.
2478 5640 2512 5694 (3.

1030 5733 1088 5768 -1
1104 5731 1214 5800 aliquid
1234 5730 1421 5800 participare}
1442 5727 1619 5799 participare
1639 5727 1748 5797 aliquid
1764 5729 1795 5780 (J.
1811 5759 1842 5765 -
1867 5731 1886 5758 ¹⁰
1898 5745 1956 5781 non
1978 5730 2085 5798 potest}
2105 5746 2160 5780 om.
2174 5727 2213 5793 S;
2232 5727 2301 5780 add.
2321 5739 2356 5780 2⁰
2376 5745 2413 5780 m.
2433 5727 2463 5780 S.
2478 5760 2508 5766 --

1033 5823 1051 5851 11
1072 5819 1110 5872 ad
1130 5819 1186 5871 huc
1206 5819 1276 5888 (sic)
1296 5818 1328 5871 t'.
1348 5848 1382 5856 —
1405 5817 1425 5848 ¹²
1444 5834 1498 5868 oru.
1520 5817 1552 5869 t'.
1575 5847 1605 5853 -
1629 5816 1648 5846 ¹³
1668 5832 1757 5885 purus
1778 5823 1806 5868 et
1829 5816 1953 5887 simplex
1974 5817 2006 5870 (J.
2026 5846 2058 5854 -
2082 5818 2101 5846 11
2121 5814 2179 5867 dici
2200 5813 2233 5869 C.
2253 5846 2287 5855 -
2309 5816 2330 5846 11
2348 5832 2403 5869 om.
2424 5816 2457 5868 tf.
2478 5845 2517 5854 —-

1033 5908 1054 5938 11
1072 5924 1144 5977 ergo
1164 5913 1193 5960 et
1213 5913 1311 5959 cetera
1331 5905 1399 5957 add.
1420 5903 1452 5957 (ἶ.
