6700 7992
1073 1405 1127 1454 344
1440 1400 1631 1456 llAGlSTlil
1660 1401 1883 1457 GODEFRlDl
1912 1402 1964 1456 DE
1992 1400 2191 1457 FONllBUS

1072 1577 1144 1634 oriri
1162 1576 1201 1634 de
1218 1577 1277 1633 boc
1301 1577 1381 1649 quud
1407 1577 1508 1633 saarim
1535 1578 1637 1645 exiret,
1664 1587 1813 1634 teneremr
1836 1578 1877 1632 ibi
1903 1588 1982 1634 stare
2006 1587 2118 1633 tantum
2145 1587 2286 1651 quantum
2310 1579 2486 1635 sufficeret¹
2513 1581 2553 1635 ad

915 1666 1017 1724 wdS
1075 1675 1248 1731 titationem
1273 1675 1405 1731 scandali
1431 1675 1500 1748 quia
1530 1684 1670 1749 peccaret
1697 1676 1833 1731 exeimdo
1861 1693 1927 1731 cum
1956 1677 2098 1732 scandalo
2124 1676 2238 1744 l‚sicut
2262 1687 2403 1748 peccaret
2425 1677 2475 1733 me
2502 1678 2553 1750 qui

889 1737 941 1794 fol
953 1741 990 1794 bf
1002 1739 1043 1793 Νι
1090 1773 1097 1786 .

1073 1790 1137 1829 sine
1161 1774 1261 1846 aliquo
1285 1782 1356 1828 voto
1380 1773 1469 1829 intrat
1487 1783 1518 1829 et
1541 1775 1641 1829 statim
1660 1773 1728 1829 exit.
1747 1773 1809 1828 Sed
1827 1783 1967 1846 quantum
1987 1774 2115 1847 pertinet
2132 1773 2171 1829 ad
2190 1785 2292 1829 votum
2316 1793 2376 1830 non
2394 1785 2441 1830 est
2458 1785 2553 1831 trans·

1072 1888 1192 1945 gressor
1209 1871 1281 1926 voti

1162 1970 1199 2024 Et
1227 1970 1285 2025 hoe
1316 1978 1399 2042 patet
1428 1968 1480 2024 tali
1510 1969 1633 2025 ratione.
1665 1970 1743 2040 Quia
1774 1970 2021 2042 quandocumque
2053 1970 2094 2025 ita
2124 1979 2171 2026 est
2203 1971 2283 2043 quod
2314 1972 2413 2044 aliqua
2443 1973 2488 2027 sic
2518 1989 2552 2026 se

1072 2068 1183 2123 babent
1201 2067 1283 2140 quod
1303 2085 1392 2122 unum
1414 2075 1514 2139 potest
1532 2068 1641 2122 cadere
1662 2069 1718 2122 sub
1739 2075 1810 2122 voto
1833 2069 1897 2122 sine
1910 2067 1978 2132 alio,
1996 2085 2110 2122 vovens
2131 2068 2273 2123 liberatur
2291 2086 2308 2123 a
2326 2077 2398 2124 voto
2412 2068 2551 2125 faciendo

1072 2183 1161 2221 unum
1190 2165 1254 2220 sine
1282 2165 1350 2231 alio,
1377 2166 1447 2238 quia
1474 2166 1587 2220 ratione
1608 2165 1669 2221 voti
1701 2166 1797 2220 nullus
1826 2174 1943 2220 tenetur
1970 2166 2009 2220 ad
2036 2164 2205 2221 faciendum
2236 2166 2348 2238 aliquid
2372 2167 2429 2221 nisi
2454 2166 2552 2222 illud¹

1073 2264 1154 2336 quod
1181 2264 1272 2318 vovit.
1300 2262 1362 2318 Sed
1388 2264 1459 2319 licet
1484 2264 1581 2318 nullus
1608 2263 1703 2335 possit
1730 2265 1808 2318 bene
1835 2281 2001 2335 proponere
2021 2264 2186 2336 ingressum
2206 2264 2254 2318 vel
2280 2263 2374 2319 libera
2399 2265 2551 2320 solrmtate

1072 2361 1149 2416 selle
1173 2361 1244 2434 quin
1274 2369 1423 2434 proponat
1450 2363 1504 2416 et¹
1531 2362 1603 2416 velit
1630 2379 1784 2416 remanere
1808 2363 1872 2416 sive
1897 2363 2001 2416 saltem
2026 2361 2161 2433 experiri,
2188 2371 2289 2431 potest
2317 2370 2415 2417 tamen
2440 2380 2551 2419 vovere

1072 2460 1237 2531 ingressum
1257 2460 1370 2530 absque
1388 2460 1446 2515 hoc
1465 2459 1545 2532 quod
1563 2467 1665 2513 votum
1686 2459 1773 2514 cadat
1792 2477 1881 2531 super
1905 2459 2118 2532 experientiam
2144 2460 2192 2514 vel
2216 2458 2441 2531 professionem.
2471 2463 2550 2532 Ergo

1072 2571 1103 2613 et
1117 2565 1225 2613 cetera
1245 2557 1340 2612 Maior
1356 2565 1457 2629 patet;
1476 2557 1572 2612 minor
1590 2558 1741 2629 probatur.

1161 2654 1259 2709 Primo
1284 2655 1352 2727 quia
1374 2655 1425 2709 illa
1445 2673 1522 2726 quae
1541 2655 1583 2710 sic
1609 2673 1642 2709 se
1661 2656 1772 2710 habent
1790 2655 1870 2726 quod
1889 2665 1956 2709 sunt
1974 2656 2153 2727 separabilia
2171 2674 2203 2710 re
2222 2664 2252 2710 et
2270 2657 2442 2719 intentione,
2460 2675 2551 2712 unum

1071 2762 1171 2826 potest
1191 2752 1293 2807 voveri
1312 2752 1375 2807 sine
1395 2753 1462 2806 aliu.
1479 2752 1540 2808 Sed
1559 2753 1710 2824 ingressus
1728 2762 1758 2806 et
1777 2771 1809 2806 re
1828 2761 1858 2807 et
1877 2752 2040 2807 intentione
2059 2762 2105 2808 est
2123 2753 2298 2826 separabilis
2316 2755 2354 2808 ab
2368 2754 2551 2826 experientia

1071 2860 1102 2906 et
1121 2851 1308 2925 professione
1328 2850 1396 2905 licet
1414 2869 1474 2905 non
1498 2869 1515 2905 e
1541 2867 1696 2918 converso,
1716 2850 1784 2922 quia
1808 2858 1908 2922 potest
1927 2850 2033 2922 aliquis
2052 2852 2170 2906 realiter
2195 2855 2199 2921 Ι
2224 2852 2311 2906 etde
2338 2850 2419 2906 facto
2443 2852 2551 2908 intrare

1071 2958 1102 3005 et
1119 2966 1180 3004 non
1207 2948 1343 3020 experiri,
1371 2957 1403 3003 et
1428 2956 1528 3020 potest
1551 2949 1641 3003 etiam
1667 2948 1821 3003 intendere
1845 2966 1877 3003 se
1896 2949 2030 3020 obligare
2049 2966 2103 3021 per
2126 2958 2227 3004 votum
2253 2949 2292 3003 ad
2315 2950 2481 3021 ingressum
2510 2949 2551 3005 ita

1072 3046 1152 3119 quod
1177 3065 1236 3101 non
1261 3046 1299 3101 ad
1324 3046 1544 3117 experientiam.
1573 3047 1651 3118 Ergo
1679 3046 1831 3118 ingressus
1850 3054 1950 3118 potest
1977 3047 2085 3101 cadere
2113 3048 2167 3101 sub
2196 3056 2267 3102 voto
2298 3047 2362 3101 sine
2386 3048 2444 3103 hoc
2471 3047 2551 3120 quod

1071 3147 1127 3201 sub
1147 3153 1218 3199 voto
1237 3145 1325 3199 cadat
1343 3144 1526 3216 experientia
1545 3145 1592 3198 vel
1611 3144 1768 3198 remansio.

1160 3243 1298 3298 Secundo
1344 3241 1397 3296 sic.
1433 3242 1553 3296 Vovens
1596 3241 1759 3314 ingressum
1803 3242 1995 3314 principalius
2034 3242 2159 3297 intendit
2205 3242 2423 3314 professionem
2462 3262 2550 3316 quam

1070 3341 1292 3415 experientiam.
1319 3339 1380 3395 Sed
1405 3358 1518 3394 vovens
1542 3339 1707 3411 ingressum
1733 3339 1885 3411 religionis
1909 3358 1967 3395 non
1993 3351 2084 3395 vovet
2116 3340 2330 3411 professionem
2357 3342 2425 3414 quia
2451 3342 2550 3397 fatuus

1071 3448 1152 3496 esset
1183 3439 1232 3511 qui
1257 3438 1404 3509 obligaret
1431 3455 1463 3492 se
1497 3455 1550 3508 per
1580 3447 1681 3492 votum
1717 3436 1910 3509 professionis
1942 3437 1979 3491 ad
2011 3456 2073 3492 rem
2104 3456 2190 3509 quam
2223 3438 2348 3511 ignorat.
2380 3441 2460 3512 Ergo
2490 3458 2550 3494 non

1071 3545 1191 3611 oportet
1211 3536 1290 3608 quod
1315 3552 1427 3591 vovens
1452 3535 1616 3607 ingressum
1636 3535 1797 3607 religionis,
1823 3545 1930 3589 voveat
1953 3536 2165 3607 experientiam
2187 3537 2342 3592 ueletiam
2364 3537 2550 3609 propositum

1070 3634 1251 3708 experiendi.

1160 3733 1261 3786 ‘fertio
1280 3731 1331 3786 sic.
1359 3731 1464 3785 Nullus
1488 3739 1588 3803 potest
1607 3731 1687 3785 licite
1709 3730 1805 3785 iurare
1824 3730 1911 3785 alicui
1930 3732 2043 3785 mulieri
2063 3732 2144 3803 quod
2169 3732 2259 3787 ducat
2286 3749 2351 3787 eam
2380 3733 2409 3787 in
2428 3751 2550 3789 uxorem

1071 3830 1127 3886 nisi
1151 3838 1299 3902 proponat
1318 3846 1470 3883 remanere
1489 3846 1555 3883 cum
1581 3845 1626 3895 ea,
1650 3828 1706 3883 nisi
1726 3827 1803 3883 forte
1822 3827 1860 3883 ad
1885 3829 1942 3883 hoc
1967 3837 2047 3884 metu
2053 3832 2070 3899 ‚⁴
2089 3830 2192 3884 mortis
2211 3838 2335 3902 cogatur
2349 3832 2367 3898 ⁵,
2395 3839 2425 3885 et
2450 3839 2550 3886 tamen

1071 3930 1126 3984 sub
1151 3927 1335 3999 obligatione
1361 3926 1428 3981 talis
1452 3926 1607 3980 iuramenti
1631 3944 1691 3981 non
1716 3926 1797 3981 cadit
1824 3943 1977 3981 remanere
2008 3944 2075 3981 cum
2100 3945 2201 3994 uxore,
2229 3927 2305 3983 sicut
2332 3935 2415 3999 patet
2440 3928 2470 3982 in
2498 3929 2549 3983 illo

1072 4025 1121 4099 qui
1139 4025 1246 4081 iuravit
1271 4024 1399 4095 aliquam
1424 4024 1533 4079 ducere
1557 4033 1587 4078 et
1611 4023 1751 4095 proponit
1776 4023 1884 4078 intrare
1910 4024 2093 4096 religionem.
2112 4024 2242 4080 Tenetur
2269 4043 2335 4080 eam
2354 4025 2472 4094 ducere,
2490 4042 2550 4081 non

1069 4132 1170 4180 tamen
1200 4130 1318 4178 tenetur
1347 4139 1414 4176 curn
1445 4139 1482 4176 ea
1511 4138 1665 4176 remanere
1685 4122 1703 4175 ⁸.
1741 4121 1820 4193 Ergo
1858 4121 1928 4176 licet
1958 4122 2064 4192 aliquis
2104 4123 2222 4194 quando
2259 4131 2349 4177 vovet
2385 4123 2550 4195 ingressum

1069 4231 1204 4279 teneatur
1231 4221 1340 4276 habere
1368 4220 1553 4293 propositum
1581 4219 1762 4289 experiendi,
1781 4236 1841 4273 non
1869 4228 1987 4291 oportet
2015 4228 2114 4274 tamen
2142 4221 2222 4292 quod
2250 4221 2432 4292 experientia
2461 4221 2549 4277 cadat

1069 4321 1124 4378 rub
1142 4328 1214 4375 voto
1229 4321 1247 4374 ¹.
1266 4351 1300 4361 -
1319 4318 1352 4374 Si
1371 4317 1485 4373 dicatur
1503 4316 1584 4389 quod
1602 4334 1661 4372 non
1681 4325 1727 4373 est
1745 4316 1849 4384 simile,
1869 4316 1937 4388 quia
1955 4317 2006 4372 ille
2025 4317 2144 4372 dimittit
2162 4335 2283 4373 uxorem
2303 4331 2425 4391 propter
2443 4319 2549 4374 melius

1068 4427 1100 4475 et
1126 4416 1296 4492 perfectius,
1326 4416 1370 4472 sic
1398 4423 1496 4470 autem
1524 4432 1582 4470 non
1610 4423 1656 4471 est
1684 4415 1714 4469 in
1741 4414 1906 4486 proposito,
1924 4413 2003 4470 istud
2021 4433 2080 4470 non
2099 4416 2179 4470 valet
2200 4415 2238 4471 ad
2257 4417 2450 4489 propositum.
2469 4417 2548 4488 Quia

910 4515 977 4571 eod.
993 4515 1016 4570 P
1068 4517 1094 4573 si
1119 4523 1271 4588 oporteret
1289 4514 1412 4587 implere
1431 4513 1624 4568 iuramentum
1643 4512 1692 4566 vel
1710 4520 1811 4567 votum
1836 4515 1841 4581 Ι
1866 4511 1895 4566 in
1910 4513 1921 4545 ⁸
1938 4513 2092 4584 proposito
2114 4513 2195 4585 quod
2219 4515 2286 4585 quis
2304 4522 2421 4569 tenetur
2438 4515 2548 4570 babere

874 4586 925 4642 f⁰L
941 4587 1046 4643 lwvb
1069 4617 1098 4671 in
1125 4613 1250 4669 iurando
1275 4612 1321 4667 vel
1354 4611 1500 4678 vovendo,
1527 4611 1604 4665 sicut
1628 4610 1740 4664 intrans
1770 4609 1942 4682 religionem
1970 4627 2029 4665 non
2054 4611 2190 4683 impleret
2217 4620 2318 4666 votum
2346 4612 2402 4666 nisi
2425 4612 2549 4668 baberet

911 5248 976 5303 cod.
989 5249 1011 5305 S

1069 4709 1252 4786 propositum
1273 4707 1453 4774 remanendi,
1466 4738 1501 4747 -
1520 4707 1560 4761 ita
1583 4707 1611 4761 in
1634 4705 1788 4777 praedicto
1807 4723 1879 4760 casu
1902 4705 2013 4761 ducens
2032 4724 2152 4761 uxorem
2172 4723 2231 4761 non
2250 4707 2386 4778 impleret
2403 4708 2550 4764 iuramen-

1067 4818 1130 4865 tum
1148 4807 1204 4863 nisi
1224 4806 1345 4862 duceret
1358 4823 1424 4860 eam
1443 4822 1509 4860 cum
1529 4803 1685 4877 proposito
1704 4804 1875 4859 remanendi
1894 4804 1962 4876 quia
1981 4804 2137 4859 tenebatur
2155 4804 2265 4859 habere
2283 4805 2343 4859 tale
2361 4806 2547 4878 propositum

1068 4905 1188 4980 quando
1218 4904 1334 4971 iuravit,
1359 4902 1490 4975 alioquin
1515 4901 1747 4957 scandalizasset
1778 4910 1808 4957 et
1838 4901 2007 4974 decepisset
2037 4901 2197 4957 mulierem.
2225 4902 2313 4958 Unde
2340 4911 2482 4975 quantum
2508 4904 2548 4959 ad

1067 5003 1278 5077 propositum·
1296 5009 1343 5057 est
1360 5001 1463 5055 simile.

1157 5100 1272 5173 Quarto
1296 5099 1349 5165 sic,
1373 5107 1403 5153 et
1428 5106 1474 5153 est
1492 5097 1677 5152 confirmatio
1696 5096 1826 5151 rationis.
1846 5098 1966 5152 Vovens
1994 5096 2159 5168 ingressum
2177 5097 2331 5169 religionis
2358 5106 2459 5170 potest
2477 5099 2548 5173 eligi

1068 5200 1097 5254 in
1116 5198 1290 5272 episcopum
1310 5204 1378 5251 ante
1397 5195 1569 5267 ingressum.
1589 5193 1650 5249 Sed
1668 5194 1736 5249 talis
1757 5212 1816 5249 non
1838 5202 1954 5249 tenetur
1972 5193 2080 5249 intrare
2106 5211 2172 5249 cum
2197 5195 2352 5267 proposito
2375 5196 2547 5252 remanendi

881 5318 931 5375 fop
944 5322 979 5375 52
992 5320 1033 5375 Rp
1067 5298 1116 5354 vel
1143 5295 1324 5370 experiendi,
1354 5311 1421 5348 cum
1448 5301 1543 5348 status
1573 5291 1754 5364 episcopalis
1782 5291 1820 5346 ad
1849 5309 1936 5365 quem
1967 5300 2014 5347 est
2040 5292 2153 5347 electus
2180 5291 2219 5347 sit
2243 5292 2404 5365 perfectior
2428 5296 2433 5363 Ι
2457 5310 2547 5367 quam

1067 5404 1161 5452 status
1181 5392 1341 5466 religionis.
1360 5392 1439 5464 Ergo
1458 5390 1563 5446 saltem
1582 5390 1611 5445 in
1633 5389 1685 5445 tali
1703 5407 1775 5445 casu
1794 5406 1907 5445 vovens
1926 5389 2090 5462 ingressum
2109 5389 2269 5462 religionis,
2288 5390 2391 5464 implet
2409 5398 2510 5445 votum
2525 5392 2547 5424 ¹⁰

1066 5511 1134 5552 cum
1153 5491 1307 5566 proposito
1326 5489 1451 5545 exeundi
1471 5488 1541 5561 quia
1559 5489 1621 5544 exit
1638 5496 1761 5562 propter
1779 5488 1874 5543 maius
1892 5488 2010 5544 bonum.

1157 5835 1235 5886 ¹0m.
1258 5829 1291 5885 C.
1322 5860 1356 5869 -
1384 5827 1444 5882 ’id
1463 5826 1496 5882 C.
1524 5858 1558 5868 -
1590 5825 1665 5880 'vel
1686 5824 1719 5880 C.
1747 5856 1781 5865 —
1809 5827 1922 5879 ‘motu
1942 5825 1976 5881 C.
2005 5857 2038 5865 -
2067 5823 2306 5897 ‘cogereturC
2334 5857 2369 5866 -
2398 5826 2545 5880 “cum—

1065 5920 1228 5989 remanere]
1241 5933 1393 5973 remanere
1407 5932 1472 5970 cum
1487 5931 1523 5968 ea
1537 5913 1570 5970 C.
1584 5945 1617 5954 -
1633 5915 1686 5968 'et
1697 5913 1767 5968 add.
1782 5912 1815 5967 C.
1830 5944 1862 5952 —
1877 5913 1966 5967 ’cum
1981 5912 2014 5967 C.
2034 5944 2068 5952 —
2088 5914 2170 5967 'non
2183 5912 2252 5967 add.
2267 5912 2300 5969 C.
2320 5944 2355 5953 -
2375 5914 2397 5946 ¹⁰
2409 5912 2544 5968 intrando

1065 6008 1136 6064 add.
1154 6007 1188 6063 C.
