6700 7992
1030 1450 1065 1501 64
1395 1446 1587 1502 MAGISTRI
1616 1446 1837 1502 GODEFRIDI
1864 1448 1917 1502 DE
1944 1447 2143 1504 FONTlBUS

1031 1626 1147 1712 pluvia
1183 1648 1255 1691 non
1295 1626 1472 1705 existente,
1504 1626 1585 1711 quia
1620 1626 1733 1692 existit
1769 1648 1890 1693 semen
1929 1628 1984 1693 vel
2023 1649 2143 1713 vapor,
2175 1649 2239 1694 ens
2276 1629 2311 1694 in
2350 1629 2507 1713 potentia

1030 1763 1112 1807 rosa
1139 1742 1193 1807 vel
1226 1741 1341 1827 pluvia
1359 1741 1377 1822 ¹,
1406 1753 1439 1807 et
1467 1763 1578 1828 agens
1610 1753 1737 1827 potens
1769 1743 1885 1808 facere
1913 1764 1963 1808 ea.
1993 1743 2037 1808 Et
2063 1743 2145 1809 ideo
2180 1743 2305 1809 dicitur
2339 1766 2419 1809 rosa
2452 1747 2507 1811 vel

1030 1856 1147 1942 pluvia
1175 1878 1254 1922 esse
1281 1856 1396 1941 aliquo
1433 1858 1548 1937 modu,
1578 1868 1612 1922 et
1647 1878 1725 1922 esse
1760 1878 1841 1923 rosa
1869 1858 1924 1923 vel
1959 1858 2075 1942 pluvia
2111 1859 2144 1923 in
2180 1859 2338 1944 potentia
2370 1871 2404 1925 et
2434 1882 2506 1946 non

1030 1971 1230 2057 simpliciter
1265 1982 1299 2038 et
1333 1971 1368 2036 in
1403 1982 1493 2050 actu,
1526 1971 1561 2036 in
1597 1971 1754 2057 potentia
1790 1971 1927 2057 quidem
1965 1994 2055 2056 quae
2091 1985 2144 2038 est
2183 1974 2311 2058 aliquid
2352 1975 2505 2059 ipsorum

1031 2086 1260 2177 essentialiter
1294 2088 1375 2172 quia
1410 2087 1444 2152 in
1480 2087 1638 2172 potentia
1673 2087 1749 2152 eius
1785 2090 1878 2172 quod
1914 2099 2032 2152 natum
2069 2100 2121 2153 est
2161 2089 2281 2155 reduci
2317 2090 2351 2154 in
2391 2102 2506 2156 actum

1030 2204 1241 2288 completum
1273 2204 1468 2268 secundum
1500 2225 1603 2287 quern
1629 2203 1831 2287 simpliciter
1854 2214 1936 2269 nata
1960 2215 2041 2268 sunt
2065 2226 2143 2270 esse
2168 2205 2203 2269 in
2228 2226 2307 2270 esse
2332 2205 2506 2271 essentiali

1031 2331 1064 2384 et
1089 2340 1167 2385 esse
1191 2318 1395 2385 existentiae
1419 2318 1454 2382 in
1478 2340 1517 2384 se
1540 2318 1636 2403 ipsis.
1655 2318 1907 2402 Quandoque²
1931 2330 2045 2384 autem
2072 2321 2204 2386 habent
2223 2342 2302 2385 esse
2320 2320 2507 2386 virtualiter

1030 2435 1142 2500 solum
1167 2434 1201 2499 in
1226 2434 1298 2499 suis
1323 2433 1500 2520 principiis
1530 2433 1542 2469 ³
1575 2455 1648 2499 non
1681 2433 1957 2522 ingredientibus
1990 2434 2145 2519 ipsorum
2179 2435 2376 2511 essentiam,
2407 2447 2443 2501 ut
2471 2436 2504 2501 in

1030 2549 1185 2635 potentia
1213 2549 1278 2615 Dei
1308 2549 1397 2634 qui⁴
1431 2549 1565 2614 ratione
1595 2570 1682 2615 suae
1716 2549 1869 2614 infinitae
1899 2549 2122 2634 perfectionis
2158 2552 2418 2635 quodammodo
2454 2565 2506 2616 est

1030 2664 1146 2731 omnia
1174 2665 1207 2729 in
1237 2665 1370 2744 virtute,
1399 2665 1472 2730 sive
1500 2665 1616 2730 omnia
1648 2666 1910 2749 quodammodo
1946 2665 2134 2731 virtualiter
2166 2666 2199 2730 in
2232 2688 2271 2731 se
2303 2668 2437 2731 habens
2473 2678 2507 2732 et

1030 2801 1072 2846 ex
1099 2802 1137 2845 se
1167 2781 1360 2865 producere
1387 2791 1523 2865 potenS,
1541 2790 1575 2845 et
1603 2802 1674 2845 non
1703 2781 1815 2845 solum
1844 2790 1898 2845 est
1921 2801 1963 2845 ea
1988 2802 2221 2868 cognoscens.
2248 2782 2291 2846 Et
2314 2782 2364 2846 sic
2389 2781 2507 2847 omnia

1030 2897 1194 2961 creabilia
1225 2919 1314 2980 quae
1349 2895 1447 2961 nec⁶
1482 2906 1564 2959 sunt
1595 2895 1631 2959 in
1662 2895 1787 2980 seipsis
1821 2896 2009 2961 formaliter
2044 2917 2110 2962 nec
2143 2896 2177 2961 in
2215 2897 2331 2981 aliquo
2364 2919 2505 2962 suorum

1030 3011 1277 3098 principiorum
1303 3010 1566 3076 intrinsecorum
1585 3009 1598 3045 ⁸
1620 3010 1809 3077 virtualiter
1833 3013 1964 3077 habent
1988 3033 2068 3077 esse
2095 3012 2129 3075 in
2163 3013 2240 3077 Deo
2273 3012 2366 3078 dicto
2399 3014 2505 3077 modo

843 3093 1007 3219 foffipvb
1030 3140 1068 3193 ut
1091 3128 1125 3192 in
1150 3149 1213 3191 sua
1238 3148 1355 3205 causa,
1380 3126 1497 3192 omnia
1532 3133 1536 3208 Ι
1572 3126 1785 3203 continente,
1811 3148 2029 3215 cognoscere
2049 3126 2109 3192 ⁷et
2133 3129 2328 3212 producere
2353 3140 2505 3213 potente,

1030 3243 1089 3328 qui
1113 3266 1156 3309 eo
1180 3244 1274 3327 quod
1299 3242 1350 3307 sic
1375 3241 1508 3307 ratione
1532 3262 1617 3307 suae
1642 3241 1796 3307 infinitae
1821 3243 2048 3326 perfectionis
2075 3242 2231 3308 continet
2255 3244 2372 3308 omnia
2396 3255 2429 3308 et
2454 3254 2507 3309 est

1029 3372 1151 3424 natura
1179 3380 1312 3423 summe
1340 3357 1591 3436 intellectualis
1620 3368 1672 3422 est
1702 3356 1836 3423 etiam⁸
1863 3357 1978 3423 omnia
2004 3358 2255 3443 perfectissime
2280 3380 2505 3442 cognoscens

1029 3476 1222 3541 secundum
1247 3473 1399 3538 rationes
1423 3472 1553 3538 ideales
1577 3494 1668 3556 quae
1693 3472 1856 3538 dicuntur
1872 3473 2004 3538 formae
2022 3474 2120 3558 quasi
2146 3475 2361 3558 exemplares
2382 3495 2506 3539 secun·

1028 3593 1110 3655 dum
1143 3612 1230 3675 quas
1259 3588 1432 3654 essentiae
1460 3609 1573 3653 rerum
1601 3589 1645 3652 ab
1678 3599 1821 3653 aeterno
1855 3590 1986 3654 habent
2014 3610 2092 3654 esse
2125 3589 2315 3676 cognitum,
2349 3600 2382 3654 et
2410 3591 2505 3674 quod

1028 3719 1110 3771 sunt
1138 3705 1309 3770 essentiae
1338 3725 1409 3769 non
1438 3702 1504 3767 iam
1532 3702 1669 3769 realiter
1697 3702 1770 3768 sive
1799 3703 1988 3769 formaliter
2015 3704 2131 3789 aliquo
2156 3706 2263 3769 modo
2288 3704 2322 3769 in
2347 3727 2384 3770 se
2409 3705 2505 3790 ipsis,

1028 3823 1090 3886 sed
1115 3833 1248 3886 tantum
1273 3819 1462 3884 virtualiter
1485 3818 1577 3883 etin
1602 3817 1768 3904 potentia.

1097 3937 1160 4000 Et
1188 3937 1382 4001 secundum
1409 3936 1477 3999 hoc
1505 3933 1621 3998 omnia
1650 3933 1705 3998 illa
1742 3955 1832 4017 quae
1865 3934 2051 4019 important
2090 3956 2144 4000 res
2173 3935 2208 3999 in
2238 3957 2349 4000 rerum
2382 3947 2506 4000 natura

1028 4065 1126 4117 natas
1159 4052 1305 4118 existere
1333 4051 1495 4115 dicuntur
1521 4049 1707 4134 importare
1736 4071 1834 4114 veras
1861 4050 2031 4114 essentias
2060 4051 2114 4114 vel
2139 4066 2279 4115 naturas
2304 4051 2376 4116 sive
2408 4050 2505 4135 quid·

1029 4169 1153 4234 ditates
1182 4169 1226 4232 de
1252 4167 1378 4251 quibus
1404 4187 1485 4231 vere
1514 4177 1567 4231 est
1594 4164 1740 4230 scientia
1771 4165 1844 4230 sive
1873 4166 2021 4230 existant
2049 4165 2122 4231 sive
2151 4188 2221 4231 non
2251 4167 2411 4244 existant,
2435 4187 2504 4252 pro

1028 4295 1158 4369 quanto
1175 4282 1374 4347 huiusmodi
1403 4279 1577 4346 essentiae
1605 4280 1659 4344 vel
1686 4301 1742 4345 res
1770 4290 1873 4346 natae
1897 4292 1978 4345 sunt
2006 4303 2085 4346 esse
2103 4282 2137 4345 in
2162 4303 2276 4346 rerum
2301 4294 2424 4346 natura
2449 4282 2503 4347 vel

1028 4400 1078 4465 sic
1095 4399 1189 4484 quod
1217 4399 1284 4462 iam
1312 4410 1403 4462 sunt.
1421 4396 1464 4460 Et
1491 4406 1572 4461 sunt
1596 4395 1770 4461 essentiae
1798 4406 1878 4461 actu
1906 4396 1941 4461 in
1967 4417 2005 4461 se
2030 4396 2115 4482 ipsis
2144 4398 2198 4462 vel
2222 4409 2304 4462 sunt
2328 4397 2504 4462 essentiae

1028 4516 1063 4580 in
1080 4513 1234 4600 potentia
1259 4512 1293 4577 in
1319 4512 1391 4576 suis
1420 4510 1535 4577 causis
1564 4522 1601 4576 ut
1625 4510 1834 4577 dictumest.
1855 4512 1958 4577 Unde
1982 4533 2063 4577 rosa
2091 4533 2162 4576 non
2191 4512 2344 4577 existens
2369 4513 2505 4577 videtur

1028 4631 1215 4715 importare
1255 4649 1369 4693 veram
1405 4626 1591 4692 essentiam
1632 4626 1982 4710 praedicamentalem
2022 4628 2066 4692 de
2105 4649 2236 4714 genere
2276 4627 2504 4706 substantiae,

1028 4767 1099 4811 non
1118 4745 1212 4829 quod
1236 4763 1317 4809 rosa
1339 4742 1447 4828 ipsa⁰
1471 4754 1551 4807 actu
1575 4741 1618 4807 sit
1642 4740 1699 4806 illa
1724 4741 1877 4807 essentia
1900 4743 1955 4807 vel
1980 4742 2023 4807 sit
2047 4742 2242 4807 substantia
2259 4743 2313 4808 vel
2341 4744 2406 4807 flos
2425 4753 2504 4807 actu

1028 4861 1103 4926 sive
1126 4859 1207 4945 quia
1230 4869 1310 4924 actu
1331 4858 1356 4893 ¹⁰
1378 4859 1506 4923 habeat
1531 4857 1732 4922 huiusmodi
1760 4857 1959 4936 essentiam,
1986 4859 2049 4922 sed
2074 4858 2155 4941 quia
2179 4858 2214 4922 id
2239 4859 2333 4942 quod
2363 4858 2504 4923 nomine

1028 4998 1129 5042 rosae
1170 4973 1441 5060 apprehenditur
1473 4986 1593 5037 natum
1629 4983 1682 5038 est
1713 4994 1791 5038 esse
1826 4984 1907 5039 actu
1940 4972 1975 5037 in
2011 4995 2124 5038 rerum
2157 4985 2278 5038 natura
2310 4975 2504 5039 secundum

1028 5093 1123 5176 quod
1140 5088 1413 5176 apprehenditur
1429 5098 1463 5153 et
1480 5088 1546 5152 iarn
1564 5099 1616 5153 est
1633 5087 1668 5152 in
1692 5087 1849 5172 potentia
1865 5099 1899 5153 et
1923 5087 2047 5154 virtute
2071 5110 2214 5153 suorum
2242 5088 2503 5174 principiorum.

1029 5207 1127 5275 Sicut
1163 5205 1254 5271 enim
1290 5205 1565 5288 unumquodque
1598 5225 1713 5291 genus
1744 5203 2017 5287 praedicamenti
2053 5203 2216 5268 dividitur
2251 5204 2285 5267 in
2324 5216 2438 5268 actum
2471 5214 2505 5268 et

1028 5321 1228 5409 potentiam,
1246 5331 1283 5385 ut
1310 5319 1504 5384 substantia
1532 5318 1565 5383 in
1594 5318 1825 5383 substantiam
1853 5330 1933 5384 actu
1962 5330 1996 5384 et
2022 5319 2252 5384 substantiam
2277 5319 2312 5383 in
2336 5319 2503 5404 potentia,

1028 5439 1075 5503 ita
1113 5449 1146 5502 et
1185 5436 1460 5520 unumquodque
1499 5433 1678 5521 pertinens
1717 5434 1762 5498 ad
1797 5436 2071 5519 unumquOdque
2101 5456 2217 5521 genus
2258 5446 2294 5498 ut
2330 5435 2436 5499 homo
2468 5434 2503 5499 in

1028 5563 1108 5618 actu
1140 5563 1174 5617 et
1200 5553 1307 5617 homo
1333 5550 1369 5615 in
1397 5549 1553 5636 potentia
1581 5561 1615 5615 et
1642 5560 1767 5614 cetera.
1797 5550 1871 5614 Nec
1897 5550 2021 5614 dicitur
2044 5549 2172 5634 aliquid
2202 5571 2280 5615 esse
2305 5550 2502 5615 substantia

1119 5867 1197 5916 ¹n0n
1216 5861 1360 5916 existente
1375 5894 1407 5900 —
1421 5860 1530 5932 pluvia]
1550 5877 1607 5913 om.
1626 5859 1656 5911 P.
1672 5892 1705 5898 —
1725 5857 1866 5929 ’quando
1880 5859 1911 5910 Ρ.
1934 5890 1964 5898 -
1984 5860 1995 5890 ⁸
2014 5866 2043 5911 et
2062 5860 2132 5912 odd.
2153 5859 2182 5911 P.
2200 5891 2232 5898 -
2252 5862 2262 5890 ⁴
2281 5859 2310 5912 in
2330 5861 2399 5912 add.
2420 5860 2450 5912 P.
2470 5889 2505 5900 -

1029 5957 1136 6006 lnunc
1157 5951 1186 6004 P.
1202 5952 1260 5990 -θ
1281 5949 1509 6003 extrinsecorum
1529 5948 1559 6000 P.
1572 5948 1626 5985 —2
1648 5954 1848 6018 cognoscente
1868 5946 1899 6012 P,
1922 5963 2104 6016 cognoscere
2127 5960 2162 5999 2a
2185 5964 2223 6000 m.
2243 5947 2273 5999 P.
2288 5979 2320 5984 —
2341 5949 2352 5976 ⁸
2374 5947 2450 5999 enim
2473 5946 2504 6000 P.

1028 6073 1061 6081 -
1076 6041 1087 6071 ⁰
1099 6039 1148 6094 illa
1163 6039 1194 6093 P.
1208 6070 1240 6078 -
1258 6039 1278 6070 ¹⁰
1291 6045 1374 6092 actus
1388 6037 1418 6090 P.
