6700 7992
1047 1376 1096 1424 t22
1408 1370 1600 1425 ttaclstttt
1628 1371 1848 1426 GODEFRlDl
1878 1372 1929 1425 DE
1958 1370 2157 1426 foxttsscs

1044 1550 1186 1635 aliquod
1212 1553 1308 1636 quod
1332 1552 1434 1617 etiarn
1460 1552 1544 1617 dicit
1566 1564 1676 1617 totum
1704 1552 1787 1616 illud
1813 1551 2015 1636 specificam
2039 1549 2272 1636 compositum
2295 1550 2363 1614 sub
2385 1548 2522 1613 ratione

1043 1665 1309 1735 indeterminati.
1333 1682 1472 1752 oportet
1498 1669 1594 1752 (μιῡᾶ
1618 1689 1790 1733 unacum
1815 1668 1956 1732 homine
1981 1668 2194 1753 respondeat
2216 1665 2249 1731 ei
2278 1665 2345 1731 alia
2372 1664 2522 1750 specim,

1044 1798 1080 1855 et
1094 1783 1190 1867 quod
1214 1783 1390 1867 quaelibet
1412 1805 1531 1849 earum
1556 1784 1718 1869 importet
1734 1783 1834 1848 aliam
1853 1797 1887 1849 et
1903 1784 2003 1847 aliam
2024 1782 2193 1848 rationem
2210 1779 2450 1848 determinati:
2476 1778 2523 1844 ita

1044 1899 1140 1983 quod
1156 1898 1246 1964 sicut
1268 1900 1395 1963 animal
1412 1900 1570 1985 praecise
1586 1899 1791 1965 sensitivum
1808 1921 1880 1963 non
1898 1914 1991 1964 esset
2006 1920 2121 1987 genus
2144 1897 2210 1962 nisi
2228 1912 2348 1963 essent
2362 1895 2523 1961 diversae

1045 2014 1183 2100 species
1200 2016 1266 2079 sub
1282 2014 1371 2100 ipso.
1388 2014 1435 2079 ita
1451 2014 1554 2082 etiam
1571 2030 1710 2101 oportet
1733 2017 1828 2099 quod
1845 2015 1965 2101 generi
1984 2014 2124 2100 proprio
2141 2012 2291 2078 hominis
2312 2012 2409 2097 quod
2428 2032 2523 2077 com·

1045 2131 1231 2215 prehendit
1247 2131 1335 2195 duas
1351 2132 1481 2195 formas
1497 2133 1564 2196 sub
1580 2132 1713 2196 ratione
1732 2131 1984 2196 indeterminati
2010 2130 2248 2215 respondeant
2264 2129 2356 2193 duae
2373 2126 2523 2213 species

1045 2247 1110 2311 has
1133 2247 1222 2310 duas
1239 2246 1368 2311 formas
1391 2247 1586 2312 secundum
1610 2248 1767 2311 diversas
1792 2246 2134 2311 determinabilitates
2159 2245 2395 2330 importantes
2413 2243 2457 2308 Et
2472 2242 2524 2307 sic

1046 2384 1153 2427 unum
1170 2362 1338 2427 rationale
1353 2378 1388 2428 et
1407 2364 1550 2428 mortale
1566 2363 1710 2429 habebit
1727 2384 1804 2427 cum
1823 2363 1963 2426 homine
1980 2362 2080 2426 aliam
2098 2361 2251 2446 speciem
2268 2382 2275 2427 :
2296 2360 2402 2425 immo
2419 2358 2524 2425 etiarn

1045 2480 1154 2543 homo
1170 2499 1242 2543 non
1266 2492 1390 2563 posset
1406 2498 1485 2543 esse
1509 2478 1543 2542 in
1560 2478 1678 2562 aliquo
1702 2483 1850 2563 genere*
1874 2497 1952 2543 cum
1977 2478 2052 2541 aliis
2077 2478 2295 2555 animalibus,
2315 2474 2397 2560 quia
2413 2474 2524 2559 quod-

1044 2594 1128 2659 libet
1150 2615 1266 2680 genus
1290 2594 1419 2659 dictum
1444 2596 1488 2659 de
1506 2594 1580 2658 aliis
1605 2594 1793 2679 inponitur
1817 2595 1875 2657 uni
1901 2595 2054 2659 t'ormae:
2072 2594 2252 2677 quodlibet
2275 2605 2391 2657 autem
2408 2612 2525 2674 genus

1044 2709 1198 2774 dictum²
1222 2710 1266 2775 de
1290 2709 1431 2774 homine
1455 2723 1592 2795 oportet
1616 2712 1733 2795 plures
1760 2710 1888 2774 formas
1913 2711 2023 2774 reales
2047 2711 2235 2794 importare
2252 2724 2289 2773 ut
2304 2708 2436 2772 dictum
2460 2720 2524 2772 est.

1135 2825 1217 2888 ltem
1235 2824 1322 2888 ratio
1339 2824 1519 2909 potissima
1536 2840 1677 2909 propter
1700 2846 1802 2908 quam
1828 2840 1976 2912 negatur
1995 2824 2172 2908 pluralitas
2189 2824 2378 2888 formarum
2395 2821 2431 2886 in
2447 2820 2525 2885 aliis

1046 2940 1182 3005 videtur
1197 2940 1300 3005 etiam
1325 2961 1404 3004 esse
1428 2940 1550 3004 efficat
1568 2940 1602 3003 in
1620 2940 1770 3005 homin?¹
1788 2962 1831 3004 eo
1849 2942 1943 3024 quoi
1969 2940 2077 3024 prima
2102 2940 2199 3004 daret
2221 2960 2300 3004 esse
2324 2936 2527 3023 simpliciter

1046 3071 1081 3121 et
1096 3054 1164 3119 alia
1179 3056 1277 3120 daret
1293 3077 1373 3120 esse
1388 3055 1616 3121 accidentale.
1633 3055 1714 3139 quia
1732 3056 1821 3120 sicut
1837 3077 1907 3119 non
1927 3070 2041 3140 potest
2056 3077 2135 3120 esse
2152 3075 2313 3120 recessus
2330 3076 2350 3117 a
2368 3052 2526 3139 potentia

1045 3170 1210 3236 materiae
1226 3171 1426 3235 recedendo
1440 3170 1451 3203 ³
1466 3173 1510 3234 ab
1527 3172 1725 3235 actualitate
1743 3172 1890 3256 amplius
1915 3172 1998 3255 quin
2022 3171 2065 3235 sit
2090 3192 2194 3235 casus
2211 3170 2246 3235 in
2271 3192 2341 3235 non
2365 3189 2430 3234 ens
2446 3168 2525 3232 sim·

1046 3286 1191 3372 pliciter,
1207 3286 1289 3369 quia
1313 3285 1423 3349 infra*
1439 3286 1616 3350 materiam
1641 3308 1712 3350 non
1737 3302 1789 3350 est
1814 3287 1879 3350 nisi
1898 3309 1969 3350 non
1994 3308 2057 3351 ens
2082 3300 2116 3351 et
2135 3286 2229 3351 nihil.
2246 3285 2294 3349 ita
2316 3307 2388 3350 non
2410 3298 2526 3370 potest

1046 3422 1126 3468 esse
1149 3421 1311 3466 recessus
1335 3403 1380 3465 ab
1404 3402 1526 3466 eadem
1552 3402 1802 3486 potentialitate
1829 3404 2033 3467 accedendo
2058 3404 2101 3466 ad
2130 3402 2363 3467 actualitatem
2389 3399 2455 3465 nisi
2482 3399 2526 3464 sit

982 3518 991 3529 '
1047 3537 1236 3602 processus
1259 3518 1304 3580 ad
1328 3537 1392 3581 ens
1417 3516 1451 3580 in
1475 3532 1555 3581 actu
1579 3517 1779 3602 simpliciter
1834 3519 1938 3602 ‚quia
1963 3518 2044 3582 niliil
2064 3534 2117 3583 est
2133 3539 2238 3603 supra
2263 3517 2442 3582 materiam
2460 3515 2526 3580 nisi

890 4299 956 4353 cod.
970 4300 993 4353 P

861 4370 911 4425 tot.
924 4374 973 4425 tt?
986 4372 1026 4424 Ro

1047 3646 1147 3698 actus
1174 3631 1376 3717 simpliciter
1399 3646 1433 3697 et
1456 3633 1629 3717 complete
1652 3635 1846 3697 secundum
1872 3658 1919 3699 s.e
1949 3634 2027 3698 licet
2051 3634 2162 3718 possit
2186 3654 2265 3698 esse
2289 3632 2372 3717 quid
2396 3632 2527 3696 incom-

1048 3748 1179 3833 pletum
1195 3763 1229 3812 et
1245 3747 1487 3832 imperfectum
1504 3762 1666 3833 respectu
1684 3749 1832 3812 alterins.
1856 3750 2001 3833 l‘ropter
2024 3750 2118 3833 quod
2143 3770 2247 3814 omne
2271 3748 2364 3812 aliud
2389 3747 2527 3813 eveniet

1047 3862 1317 3941 accidentaliter,
1335 3877 1370 3928 et
1393 3862 1463 3928 enti
1488 3862 1689 3947 simpliciter
1712 3886 1781 3927 noa
1808 3865 1902 3928 dabit
1927 3887 2006 3929 esse
2024 3865 2224 3949 simpliciter
2247 3865 2310 3929 sed
2331 3864 2527 3928 secandum

1047 3979 1142 4064 quid.
1157 3978 1199 4043 Et
1213 3979 1274 4057 sic,
1287 3978 1368 4062 quia
1385 3978 1561 4061 quaelibet
1577 3978 1688 4042 forma
1706 3980 1942 4043 substantialis
1960 3981 2019 4044 dat
2036 3980 2199 4045 materiae
2217 4001 2297 4045 esse
2314 3979 2527 4065 completum

1047 4094 1249 4180 simpliciter
1276 4107 1438 4178 respectu
1465 4114 1545 4158 esse
1574 4093 1775 4179 incompleti
1803 4097 1898 4178 quod
1925 4112 1977 4160 est
2006 4117 2084 4160 esse
2110 4095 2299 4180 potentiale
2327 4094 2530 4180 simpliciter

1049 4210 1144 4279 ilicet
1169 4209 1285 4294 aliqua
1308 4209 1420 4273 forma
1447 4209 1506 4273 det
1534 4230 1613 4274 esse
1641 4209 1889 4294 incompletum
1919 4227 2080 4295 respectu
2109 4210 2249 4276 alterius
2273 4231 2353 4275 esse
2376 4210 2529 4295 comple-

1049 4326 1146 4391 tioris
1162 4325 1357 4392 secundum
1373 4324 1519 4389 formam
1541 4327 1544 4335 '
1567 4326 1619 4389 vel
1636 4324 1789 4409 speciem
1804 4326 2063 4410 conipletiorein
2081 4327 2198 4390 dantis
2209 4325 2221 4360 ⁵
2232 4348 2311 4391 esse
2328 4325 2531 4411 simpliciter

1049 4454 1084 4507 et
1100 4441 1310 4526 completum
1329 4440 1522 4505 seeundum
1538 4440 1669 4526 gradus
1692 4462 1776 4504 suos
1801 4441 1985 4519 animatos,
2003 4442 2092 4506 sicut
2110 4441 2280 4529 contingit
2297 4441 2331 4505 in
2350 4441 2529 4524 numeris),

1048 4571 1084 4623 et
1099 4556 1184 4621 illud
1206 4557 1302 4640 quod
1320 4557 1425 4621 habet
1448 4555 1615 4639 aliquod⁶
1638 4577 1717 4620 esse
1742 4557 1969 4621 substantiale
1986 4559 2180 4621 secundum
2206 4558 2356 4641 aliquam
2381 4557 2529 4621 formam

1048 4672 1312 4738 substantialem
1330 4693 1401 4735 non
1419 4683 1535 4756 potest
1560 4693 1638 4736 esse
1663 4671 1697 4736 in
1721 4672 1875 4755 potentia
1901 4686 1936 4736 ut
1953 4695 1973 4735 a
1991 4674 2099 4736 forma
2117 4671 2334 4737 substantiali
2353 4670 2529 4738 faciente⁷

1050 4810 1157 4853 unum
1175 4789 1209 4852 in
1226 4808 1306 4852 esse
1323 4786 1523 4872 simpliciter
1542 4801 1576 4850 et
1594 4809 1655 4871 per
1671 4808 1710 4851 se
1728 4787 1935 4871 perficiatur.
1953 4788 2033 4872 quia
2054 4810 2132 4852 cum
2151 4810 2193 4852 ex
2210 4789 2349 4853 duobus
2366 4788 2404 4853 lit
2421 4810 2529 4852 unuin

1050 4925 1113 4991 per
1138 4926 1188 4977 se.
1215 4916 1354 4988 oportet
1381 4903 1478 4986 quod
1506 4903 1674 4966 alterurn*
1701 4903 1744 4966 sit
1772 4904 2001 4968 essentialiter
2028 4918 2062 4968 et
2086 4905 2235 4968 totaliter
2259 4904 2416 4989 potentia
2440 4903 2531 4969 sicut

1049 5021 1195 5085 alterum
1215 5032 1269 5084 est
1285 5016 1514 5083 essentialiter
1530 5032 1564 5082 et
1581 5018 1731 5081 totaliter
1748 5035 1861 5083 actus:
1878 5058 1915 5064 -
1936 5041 2006 5082 non
2026 5019 2160 5083 ridetur
2174 5021 2270 5104 quod
2287 5019 2404 5104 aliquo
2421 5020 2530 5084 modo

1051 5134 1188 5221 possint
1205 5133 1288 5220 poni
1307 5135 1423 5218 plures
1440 5134 1572 5197 formae
1589 5133 1836 5198 substantiales
1854 5134 1887 5197 in
1905 5135 2055 5198 ltoniinc.

1140 5250 1178 5316 Si
1195 5263 1310 5314 autem
1328 5248 1362 5313 in
1380 5269 1518 5313 ornnem
1537 5262 1699 5312 eventum
1722 5263 1859 5332 opmtet
1884 5271 2013 5333 ponere
2038 5251 2082 5313 ail
2105 5249 2220 5314 minus
2237 5251 2335 5319 duas.
2356 5272 2460 5315 unam
2485 5251 2531 5314 ab

1051 5380 1146 5432 extra
1162 5378 1197 5431 et
1212 5365 1313 5429 aliam
1331 5367 1375 5428 ab
1393 5364 1480 5428 intra
1504 5375 1647 5448 propter
1671 5364 1902 5428 diversitatem
1928 5367 2051 5429 horum
2069 5366 2257 5449 agentium,
2275 5365 2412 5431 ridetur
2434 5366 2530 5450 quod

1051 5482 1109 5547 illa
1125 5501 1215 5566 quae
1232 5480 1294 5545 erit
1312 5482 1356 5544 ab
1381 5480 1468 5543 intra
1492 5478 1535 5543 sit
1559 5478 1772 5542 sensitivam.
1791 5479 1966 5560 Quoniam
1992 5502 2069 5545 cum
2091 5483 2197 5545 homo
2222 5481 2265 5544 sit
2283 5503 2364 5546 vere
2388 5480 2530 5545 mixtum

1053 5598 1114 5662 ut⁹
1130 5596 1261 5675 asinus,
1275 5611 1309 5661 et
1326 5595 1361 5660 in
1378 5595 1479 5658 asino
1496 5595 1729 5680 vegetativum
1744 5608 1777 5659 et
1794 5594 1994 5658 senmurum
2013 5618 2083 5659 non
2101 5596 2264 5660 differunt
2277 5618 2313 5661 re
2329 5618 2349 5660 a
2367 5595 2483 5673 mixt0‚
2497 5610 2532 5662 et

1143 5884 1150 5912 ²
1165 5880 1265 5950 aliquo
1278 5881 1398 5949 genere]
1413 5877 1470 5930 alio
1486 5878 1517 5930 P.
1531 5909 1564 5916 —
1578 5878 1589 5907 ²
1603 5876 1640 5929 ile
1654 5877 1718 5929 aliis
1733 5909 1763 5915 -
1779 5876 1898 5945 dictum}
1919 5897 1973 5928 oin.
1990 5880 2019 5931 l'.
2035 5912 2065 5918 --
2081 5881 2091 5910 ³
2105 5879 2239 5932 cetlemlo
2254 5880 2283 5932 P.
2307 5913 2330 5919 -
2353 5884 2360 5911 ⁸
2381 5890 2484 5935 contra
2499 5879 2533 5933 P.

1053 6000 1087 6011 ..
1107 5972 1117 6000 ⁵
1136 5969 1241 6023 dantes
1258 5967 1320 6020 ΡΥ.
1342 5997 1374 6004 -
1393 5966 1409 5995 “’
1425 5983 1480 6018 om.
1496 5964 1526 6018 P.
1548 5997 1565 6003 —
1603 5966 1608 5992 ²
1630 5964 1747 6017 facienti
1771 5966 1803 6021 l'.
1823 5984 1877 6017 ianr.
1898 5966 1929 6019 l‘.
1946 5998 1974 6004 —
1998 5969 2007 5989 ⁴
2027 5985 2081 6019 om.
2103 5968 2132 6019 l’.
2150 5999 2180 6005 -
2198 5974 2208 5997 “··
2227 5978 2255 6023 et
2277 5967 2340 6020 ΡΥ.
