6700 7992
1333 1419 1525 1491 QUARTUM
1555 1422 1853 1492 QUODLIBETUM,
1881 1422 1917 1492 Q.
1946 1421 1999 1475 XX
2355 1415 2409 1470 295

926 1596 1073 1682 praelati
1108 1597 1307 1683 superioris,
1333 1602 1428 1684 quod
1460 1600 1540 1666 dicit
1565 1602 1694 1667 Glossa
1718 1624 1824 1686 super
1847 1602 1929 1666 illud
1955 1601 2001 1665 asi
2026 1600 2204 1664 Romanos
2222 1601 2280 1679 ll),
2306 1594 2408 1660 tertio

928 1711 1087 1776 decimo:
1118 1711 1176 1796 qui
1201 1713 1362 1798 potestati
1388 1715 1550 1780 resistunt
1574 1715 1832 1780 damnationem
1863 1714 2056 1799 acquirunt,
2082 1711 2110 1776 si
2136 1711 2219 1795 quid
2245 1706 2409 1775 iusserit¹

923 1831 1146 1911 procurator,
1193 1828 1361 1912 numquid
1404 1828 1601 1894 laciendum
1645 1839 1697 1894 est
1736 1828 1764 1893 si
1807 1840 1929 1895 contra
1972 1826 2220 1913 proconsulem
2264 1822 2410 1888 iubeat?

929 1939 1080 2004 Rursum
1105 1939 1135 2004 si
1166 1943 1356 2025 proconsul
1381 1941 1497 2007 iubeat
1521 1942 1604 2026 quid
1629 1953 1662 2007 et
1686 1942 1778 2007 aliud
1809 1942 2005 2026 imperator,
2038 1939 2208 2023 numquid
2233 1937 2411 2002 dubitatur

928 2052 988 2118 illo
1014 2061 1216 2138 contempto
1236 2053 1313 2118 isti²
1337 2075 1415 2120 esse
1439 2055 1682 2121 serviendum?
1699 2056 1793 2139 Ergo
1819 2055 1848 2119 si
1865 2054 1958 2119 aliud
1985 2053 2181 2138 imperator,
2201 2051 2294 2116 aliud
2312 2051 2410 2115 Deus

929 2165 1060 2247 iubeat,
1094 2177 1298 2252 contempto
1322 2168 1380 2233 illo
1410 2168 1667 2235 oboediendum
1694 2181 1746 2236 est
1771 2170 1858 2234 Deo.
1885 2169 1967 2233 Item
1993 2189 2060 2233 nec
2088 2178 2225 2231 tenetur
2249 2164 2410 2230 subditus

930 2280 1100 2346 oboedire
1131 2282 1288 2366 praelato
1312 2281 1346 2346 in
1372 2283 1425 2346 liis
1449 2304 1538 2366 quae
1563 2282 1736 2367 pertinent
1760 2283 1804 2347 ad
1830 2282 2010 2347 interiores
2034 2294 2068 2347 et
2104 2280 2263 2346 occultos
2295 2287 2411 2343 motus

929 2393 1120 2459 voluntatis
1145 2395 1189 2460 de
1218 2395 1345 2480 quibus
1370 2417 1442 2460 non
1475 2397 1579 2460 habet
1610 2398 1717 2460 homo
1748 2395 1897 2460 exterior
1928 2418 1966 2460 se
1995 2394 2232 2459 intromittere.
2264 2391 2412 2458 Videtur

931 2528 1019 2595 ergo
1043 2509 1138 2594 quod
1174 2509 1349 2593 praelatus
1374 2531 1445 2573 non
1470 2511 1597 2575 lrabeat
1632 2520 1840 2594 potestatem
1876 2507 2116 2594 praecipiendi
2141 2506 2269 2590 aliquid
2306 2526 2413 2590 super

931 2621 1072 2689 occulta
1095 2621 1161 2686 nisi
1186 2621 1219 2687 in
1245 2633 1411 2706 quantum
1437 2644 1499 2706 per
1522 2623 1635 2706 aliqua
1660 2622 1787 2688 indicia
1812 2622 2088 2687 manifestantur.
2115 2621 2296 2687 Secretum
2325 2639 2411 2706 ergo

931 2735 1158 2801 commissum
1190 2734 1271 2800 fidei
1303 2735 1448 2801 alicuius
1479 2757 1550 2800 non
1582 2737 1685 2801 debet
1717 2736 1869 2801 revelare
1901 2735 2056 2819 praelato
2085 2736 2154 2799 hoc
2183 2731 2413 2819 praecipienti

930 2847 1066 2913 ratione
1099 2848 1287 2935 praecepti.

1023 2961 1096 3029 Sed
1125 2961 1261 3027 videtur
1288 2983 1366 3027 esse
1390 2961 1674 3048 distinguendum
1702 2962 1747 3027 de
1774 2962 1831 3026 tali
1859 2974 2005 3040 secreto,
2036 2962 2116 3047 quia
2141 2971 2194 3026 est
2222 2961 2289 3025 tale
2318 2959 2413 3044 quod

932 3076 1046 3164 vergit
1077 3076 1112 3140 in
1136 3075 1327 3162 periculum
1356 3075 1500 3140 aliorum
1529 3075 1655 3159 quibus
1684 3096 1809 3140 cavere
1837 3085 1983 3155 tenetur,
2010 3087 2044 3140 et
2072 3075 2154 3139 illud
2182 3074 2337 3140 illicitum
2361 3083 2414 3138 est

932 3190 1048 3256 celare
1084 3200 1119 3254 ct
1149 3199 1286 3254 tenetur
1321 3188 1398 3273 quis
1429 3189 1581 3255 revelare
1617 3187 1720 3253 etiam
1751 3190 1884 3272 absque
1915 3199 2115 3274 praecepto,
2147 3210 2220 3253 non
2252 3188 2414 3252 obstante

932 3303 1109 3390 promisso
1134 3303 1178 3367 de
1202 3324 1275 3368 non
1300 3302 1498 3380 revelando,
1521 3301 1601 3386 quia
1618 3300 1650 3366 in
1675 3301 1775 3366 malis
1792 3301 1972 3386 promissis
1987 3302 2076 3366 tides
2094 3314 2147 3366 est
2170 3301 2414 3377 rescindenda,
2511 3372 2513 3376 ¹

932 3417 1001 3482 nisi
1028 3417 1118 3481 sorte
1149 3418 1218 3481 hoc
1245 3437 1317 3480 non
1345 3416 1457 3478 solnm
1489 3414 1659 3499 receperit
1691 3415 1756 3479 sub
1784 3415 2014 3486 secretoscd
2046 3414 2079 3479 in
2108 3415 2344 3480 consessione.
2377 3413 2416 3479 Si

933 3541 1052 3596 autem
1085 3529 1129 3594 sit
1156 3539 1328 3594 secretum
1361 3528 1455 3612 quod
1488 3527 1590 3593 celari
1623 3537 1739 3612 potest
1768 3527 1844 3593 sine
1876 3527 2043 3612 periculo,
2075 3529 2143 3593 tale
2176 3549 2247 3592 non
2279 3539 2418 3592 tenetur

933 3664 1001 3709 nec
1030 3644 1135 3708 debet
1159 3642 1322 3707 revelare.
1348 3641 1455 3724 Quod
1487 3640 1578 3706 enim
1610 3662 1715 3706 omne
1746 3650 1919 3707 secretum
1947 3640 2021 3708 sive
2049 3642 2093 3707 de
2121 3640 2334 3728 cogitatione
2362 3641 2416 3706 vel

881 3844 884 3849 Ι
934 3759 1028 3823 facto
1057 3755 1200 3842 proprio
1231 3754 1303 3819 sive
1331 3754 1427 3819 bono
1451 3754 1524 3819 sive
1552 3754 1652 3833 malo,
1683 3755 1737 3819 vel
1765 3755 1867 3820 etiarn
1896 3756 1940 3820 de
1968 3755 2062 3822 sacto
2091 3754 2231 3820 alterius
2258 3765 2419 3820 teneatur

934 3869 1098 3936 subditus
1130 3869 1283 3934 revelare
1314 3868 1480 3953 praelatu,
1512 3866 1649 3932 videtur
1683 3866 1948 3949 inconveniens
1980 3868 2062 3953 quia
2091 3868 2120 3934 si
2156 3878 2210 3934 est
2245 3881 2418 3933 secretum

934 3994 970 4051 et
996 3984 1174 4049 occultum
1203 3983 1335 4046 bonum
1367 3981 1421 4046 vel
1454 3980 1665 4059 indifferens
1694 4002 1765 4046 non
1793 3981 1953 4061 videtur3
1989 3982 2018 4047 si
2051 3993 2166 4047 aulem
2202 3994 2255 4048 est
2290 3982 2419 4047 malum

935 4095 1223 4164 committendum
1249 4094 1312 4158 sed
1338 4115 1408 4159 non
1437 4095 1502 4158 suli
1531 4092 1644 4178 sigillo
1675 4093 1911 4159 confessionis
1938 4107 2127 4181 receptum,
2157 4117 2236 4161 cum
2265 4094 2420 4160 imminet

935 4210 1140 4297 periculum,
1159 4220 1211 4273 est
1235 4207 1481 4286 revelandum;
1507 4206 1535 4271 si
1561 4217 1675 4271 autem
1701 4206 1744 4270 sit
1762 4207 1998 4287 commissum,
2024 4231 2106 4273 non.
2131 4209 2168 4274 Si
2186 4209 2278 4274 enim
2296 4208 2421 4293 aliquis

936 4322 1106 4412 cogitavit
1130 4331 1164 4387 et
1181 4320 1363 4406 proposuit
1386 4341 1486 4384 suum
1511 4320 1703 4404 praelatum
1728 4319 1922 4387 interlicere
1947 4321 2000 4386 vel
2025 4321 2155 4406 aliquid
2180 4322 2273 4386 aliud
2288 4314 2421 4387 'contra

936 4437 1053 4524 ipsum
1078 4433 1246 4520 cogitavit
1269 4435 1323 4499 vel
1347 4432 1438 4513 lecit,
1462 4454 1534 4497 non
1558 4431 1694 4497 videtur
1710 4433 1813 4498 etiam
1830 4434 1925 4518 quod
1942 4433 1977 4498 in
1999 4435 2226 4500 consessione
2244 4435 2275 4500 ei
2293 4436 2421 4501 delient

936 4551 1093 4617 revelare
1110 4548 1229 4632 (immo
1253 4556 1306 4612 est
1330 4567 1434 4612 casus
1459 4545 1491 4609 in
1516 4568 1586 4630 quo
1611 4546 1716 4610 debet
1740 4547 1836 4612 alteri
1861 4547 2042 4631 confiteri),
2063 4549 2171 4612 multo
2196 4548 2311 4613 minus
2335 4571 2421 4634 ergo

938 4674 1034 4731 extra
1052 4660 1324 4728 confessionem.
1342 4658 1503 4725 Similiter
1519 4659 1621 4724 etiam
1639 4659 1668 4724 si
1685 4660 1728 4724 sit
1745 4659 1886 4744 aliquod
1910 4671 2095 4746 peccatum
2113 4663 2290 4727 occultum
2310 4663 2423 4727 fratris

937 4777 985 4843 ita
1002 4775 1098 4861 quod
1117 4774 1201 4840 illud
1226 4795 1288 4859 per
1312 4782 1417 4838 testes
1444 4775 1592 4857 probare
1626 4794 1697 4837 non
1726 4784 1857 4857 posset,
1886 4782 2025 4839 tenetur
2051 4773 2128 4840 sine
2155 4775 2212 4840 illo
2244 4776 2423 4861 corripere

938 4891 1079 4958 fratrem
1107 4888 1142 4952 in
1170 4897 1306 4952 secreto
1331 4896 1365 4950 et
1388 4885 1484 4950 nullo
1508 4886 1613 4949 modo
1639 4886 1794 4970 praelato
1818 4887 1973 4952 revelare
1997 4898 2034 4951 ut
2059 4888 2215 4973 praelato
2246 4891 2292 4954 ad
2321 4889 2424 4954 corri-

938 5004 1106 5092 gendum.
1135 5002 1224 5065 Nam
1253 4998 1304 5063 sic
1328 4999 1500 5083 praelatus
1525 4999 1630 5063 habet
1653 4999 1967 5085 locum-Ecclesiae
1992 5012 2026 5065 et
2054 5000 2128 5066 eius
2147 5001 2205 5086 qui
2230 5025 2292 5087 per
2316 5016 2425 5068 testes

939 5116 1152 5184 convincere
1185 5114 1299 5177 habet.
1329 5111 1423 5194 Quin
1455 5110 1560 5175 immo
1589 5110 1617 5176 si
1648 5121 1741 5177 esset
1775 5113 1841 5178 tale
1873 5114 1968 5196 quod
2000 5126 2122 5199 posset
2153 5088 2294 5200 probari
2328 5162 2330 5198 ,
2365 5139 2426 5202 per
2448 5093 2621 5219 sofflquffl

940 5233 1033 5297 duos
1058 5239 1176 5307 testeS,
1201 5226 1230 5291 si
1254 5226 1370 5290 adhuc
1394 5246 1467 5289 non
1490 5234 1584 5290 esset
1608 5226 1652 5291 de
1676 5227 1745 5290 hoc
1770 5226 1873 5306 sama,
1901 5247 1975 5291 non
2000 5228 2105 5293 debet
2129 5227 2245 5294 dicere
2271 5231 2426 5314 praelato

941 5363 1129 5431 quousque
1161 5340 1274 5426 ipsum
1304 5338 1337 5403 in
1365 5347 1501 5403 secreto
1529 5338 1724 5404 secundum
1752 5337 1910 5404 ordinem
1939 5339 2091 5405 caritatis
2118 5341 2356 5428 corripuisset,
2382 5365 2426 5409 eo

941 5458 1037 5545 quod
1066 5453 1218 5522 caritatis
1246 5463 1299 5517 est
1330 5451 1423 5536 quod
1456 5450 1578 5537 aliquis
1611 5463 1730 5537 parcat
1762 5451 1855 5517 fratri
1883 5452 1918 5517 in
1946 5463 2115 5537 quantum
2146 5466 2285 5541 potest;
2319 5478 2427 5542 quare

942 5572 1050 5638 debet
1076 5567 1138 5634 niti
1166 5566 1261 5651 quod
1286 5563 1437 5651 corrigat
1464 5566 1602 5650 culpam
1629 5564 1743 5630 fratris
1771 5576 1908 5630 servata
1932 5567 2024 5631 sama
2049 5567 2135 5632 cius
2160 5569 2285 5634 Nullus
2310 5579 2426 5635 autem

1035 5844 1042 5872 ¹
1057 5832 1133 5894 milit
1147 5843 1226 5906 (cum
1240 5837 1340 5890 littera
1354 5854 1367 5890 s
1381 5835 1636 5905 transverberata)
1648 5837 1682 5891 V.
1697 5869 1730 5876 —
1746 5837 1756 5868 ²
1770 5841 1942 5915 contempto
1956 5836 2013 5916 isti]
2028 5845 2168 5893 contento
2183 5839 2224 5893 illi
2237 5840 2271 5902 V,

1038 6021 1078 6086 (l)
1094 6018 1177 6072 Rom.
1193 6017 1234 6082 13,
1245 6020 1269 6070 2.
