6700 7992
1272 1448 1447 1507 TERTIUM
1476 1450 1776 1521 QUODLIBETUM.
1805 1452 1841 1521 Q.
1871 1446 1895 1503 t·
2272 1449 2324 1505 ⁸203

847 1630 886 1700 Si
924 1632 1027 1698 etiam
1061 1642 1239 1717 ponantur
1272 1631 1472 1696 huiusmodi
1508 1631 1704 1696 accidentia
1743 1629 1995 1714 consequentia
2036 1630 2080 1695 de
2115 1630 2325 1696 necessitate

846 1750 992 1816 formam
1016 1747 1196 1814 cadaveris
1221 1746 1294 1813 sive
1311 1746 1462 1812 hominis
1480 1746 1605 1812 mortui
1622 1761 1767 1812 naturae
1785 1767 1868 1811 suae
1894 1745 2049 1812 derelicti
2073 1759 2107 1811 et
2130 1746 2324 1812 accidentia

846 1863 927 1930 talia
957 1864 1142 1930 conserunt
1166 1864 1210 1927 ad
1235 1863 1524 1947 cognoscendum
1559 1863 1653 1946 quod
1679 1862 1761 1946 quid
1794 1874 1856 1935 est,
1886 1863 1980 1927 unde
2016 1861 2205 1948 accipietur
2229 1863 2323 1947 quod

846 2001 918 2047 non
957 1979 1076 2045 insunt
1115 1979 1312 2064 composito
1352 2000 1395 2044 ex
1433 1977 1575 2043 materia
1606 1991 1639 2043 et
1680 1979 1790 2042 l'orma
1823 1978 1973 2043 hominis
2005 1978 2141 2058 mortui,
2181 1979 2243 2043 sed
2282 1999 2324 2043 ex

845 2095 988 2161 materia
1027 2106 1061 2161 et
1099 2097 1208 2160 forma
1245 2095 1413 2159 existente
1453 2095 1486 2158 in
1527 2094 1668 2159 lnmrine
1704 2094 1792 2158 viro.
1827 2094 1936 2159 litiam
1978 2093 2005 2159 si
2046 2094 2212 2178 possibile
2254 2096 2323 2159 hoc

846 2222 939 2279 esset
981 2213 985 2296 Ι
1025 2211 1269 2296 qualicumque
1316 2210 1491 2289 miraculo,
1532 2212 1600 2273 hoc
1647 2232 1717 2273 non
1767 2210 1871 2274 ‹lebet
1917 2209 2075 2286 concedi,
2115 2210 2181 2274 nisi
2222 2210 2322 2275 valde
2344 2164 2515 2290 s0i⁰2il7lvu

845 2347 1011 2413 expressa
1049 2326 1236 2392 auctoritas
1275 2327 1318 2390 ad
1365 2328 1434 2391 hoe
1480 2328 1658 2405 habeatur,
1697 2349 1800 2410 quam
1848 2348 2026 2410 nunquam
2068 2325 2214 2390 vidimus
2256 2346 2322 2391 nec

846 2442 1050 2509 audivimus

933 2559 1128 2637 Praeterea,
1153 2569 1212 2623 aut
1236 2580 1365 2644 corpus
1394 2557 1522 2623 Christi
1556 2569 1728 2622 mortium]
1757 2570 1790 2624 et
1815 2557 1905 2623 l'etri
1934 2570 2105 2623 mortuum
2131 2557 2322 2623 communi·

845 2686 926 2740 cant
964 2674 998 2740 in
1039 2673 1171 2740 eisdem
1211 2674 1361 2759 propriis
1400 2673 1635 2759 passionibus,
1676 2673 1749 2737 sive
1789 2673 1821 2737 in
1861 2672 2102 2739 accidentibus
2149 2696 2239 2757 quae
2285 2686 2322 2740 ut

845 2790 1006 2878 propriae
1047 2789 1230 2876 passiones
1263 2801 1456 2874 sequuntur
1494 2811 1622 2874 corpus
1658 2790 1809 2854 hominis
1849 2790 1983 2868 mortui,
2023 2790 2069 2854 ita
2109 2792 2202 2875 quml
2241 2803 2323 2855 sunt

845 2905 1002 2973 eiusdem
1037 2904 1181 2971 rationis
1215 2917 1248 2971 et
1283 2905 1411 2991 speciei
1439 2906 1654 2991 inutraque,
1682 2917 1739 2969 aut
1771 2928 1853 2970 non.
1880 2905 1916 2969 si
1948 2905 2008 2986 sic,
2045 2927 2122 2969 cum
2161 2907 2321 2991 propriae

845 3022 1028 3108 passiones
1052 3022 1121 3087 sint
1145 3022 1178 3086 in
1204 3024 1273 3086 hoc
1298 3022 1455 3087 subiecto
1480 3021 1569 3086 sicut
1587 3021 1619 3085 in
1646 3021 1788 3107 propriu
1814 3022 1973 3087 subiecto
1999 3021 2153 3086 eiusdem
2179 3023 2320 3107 speciei.

845 3159 929 3224 ergo
959 3137 1061 3204 etiarn
1087 3137 1120 3201 in
1147 3138 1258 3203 fornia
1287 3137 1452 3222 specitica
1485 3137 1710 3202 crrmeniunt.
1743 3138 1822 3202 Non
1863 3137 1953 3202 enim
1982 3150 2062 3202 nata
2094 3150 2175 3202 sunt
2204 3138 2320 3203 inesse

845 3252 1044 3319 huiusmodi
1070 3253 1264 3319 accidentia
1295 3253 1360 3317 nisi
1393 3253 1567 3318 mediante
1592 3253 1703 3318 sonna
1735 3252 1952 3317 substantiali
1981 3275 2084 3338 quam
2121 3253 2321 3319 naturaliter

844 3380 1129 3454 consequuntur3
1170 3369 1380 3453 ubicumque
1413 3391 1497 3455 ergo
1533 3370 1622 3435 haec
1657 3368 1760 3434 unius
1795 3368 1937 3434 rationis
1970 3368 2192 3435 inveniuntur
2215 3370 2320 3435 debet

844 3484 987 3550 iudicari
1023 3484 1221 3550 univocatio
1258 3485 1451 3550 secundum
1488 3485 1632 3549 formam
1669 3483 1944 3550 substantialem.
1970 3484 2007 3551 Si
2042 3484 2134 3551 enim
2170 3495 2321 3572 ponatur

843 3600 938 3685 quod
955 3622 1028 3665 non
1057 3601 1176 3665 insunt
1199 3599 1256 3665 tali
1284 3600 1481 3686 composito
1511 3612 1548 3665 ut
1575 3600 1718 3687 proprio
1742 3599 1912 3681 subiecto,
1938 3601 2103 3685 sequitur,
2129 3612 2166 3667 ut
2189 3601 2319 3668 dictum

844 3728 906 3797 est,
942 3718 1036 3802 quod
1072 3716 1178 3781 sunt¹
1213 3716 1289 3782 sine
1324 3715 1494 3797 subiect0,
1530 3727 1564 3781 et
1603 3717 1698 3801 quod
1737 3715 1839 3781 simul
1874 3738 1952 3782 cum
1986 3716 2050 3782 illis
2082 3729 2163 3783 sunt
2194 3717 2228 3782 in
2261 3717 2319 3783 tali

843 3831 1040 3918 composito
1064 3854 1107 3898 ex
1141 3832 1284 3897 materia
1319 3844 1353 3897 et
1386 3832 1497 3917 forma
1528 3831 1753 3917 praecedenti
1792 3831 2042 3918 dispositiones
2081 3832 2242 3919 propriae
2274 3832 2319 3899 illi

841 3948 984 4015 formae.
1010 3946 1053 4012 Et
1076 3946 1127 4014 sic
1156 3948 1312 4032 sequitur
1339 3948 1434 4032 quod
1459 3970 1531 4013 non
1559 3946 1623 4012 fuit
1648 3968 1741 4012 mors
1767 3946 1895 4013 Christi
1922 3948 2098 4030 naturalis
2124 3961 2161 4014 ut
2189 3948 2317 4015 dictum

841 4074 904 4145 est,
943 4062 1025 4149 quia
1059 4084 1131 4129 non
1170 4075 1320 4149 possunt
1367 4062 1434 4129 dici
1473 4074 1657 4149 corruptae
1695 4062 1763 4128 nisi
1801 4084 1863 4150 per
1901 4064 2093 4130 contrarias
2132 4064 2320 4130 formaliter

841 4177 1063 4246 inhaerentes
1114 4201 1203 4264 quae
1250 4190 1540 4265 praesupponunt
1588 4178 1797 4245 contrariam
1844 4180 1991 4244 sormam
2043 4181 2317 4255 substantialem,

842 4304 876 4362 et
913 4293 960 4360 ita
998 4294 1159 4360 videntur
1196 4316 1347 4361 manere.
1388 4294 1527 4377 Quibus
1566 4295 1789 4360 manentibus
1828 4306 1946 4361 manet
1981 4295 2083 4361 etiam
2119 4295 2319 4361 naturaliter

840 4410 953 4476 forma
976 4409 1214 4476 substantialis
1247 4411 1413 4476 naturalis
1441 4433 1544 4495 quam
1569 4410 1770 4477 naturaliter
1793 4422 2067 4496 consequuntur,
2092 4433 2159 4478 nec
2182 4412 2318 4477 videtur

839 4525 1043 4593 miraculum
1075 4525 1110 4591 in
1142 4527 1386 4592 conservando
1412 4526 1612 4592 huiusmodi
1647 4527 1794 4592 formam
1830 4528 2024 4593 secundum
2060 4528 2217 4614 proprias
2243 4526 2317 4594 eius

840 4640 1036 4728 passiones
1061 4642 1124 4708 sed
1149 4641 1184 4707 in
1201 4642 1425 4728 impediendo
1454 4663 1660 4728 processum
1685 4654 1719 4708 et
1742 4641 1916 4708 actionem
1934 4643 2183 4709 contrariarum
2201 4644 2317 4729 dispo-

840 4755 1005 4824 sitionum
1030 4768 1063 4824 et
1088 4769 1213 4824 cetera.

926 4874 1022 4954 Item,
1048 4874 1139 4940 sicut
1161 4895 1233 4940 non
1269 4884 1385 4960 potest
1421 4874 1489 4941 dici
1524 4875 1619 4959 quud
1656 4874 1771 4939 anima
1795 4875 1909 4961 possit
1939 4875 2106 4962 perficere
2139 4875 2317 4942 materiam

840 4988 1045 5057 existentem
1079 4991 1145 5055 sub
1173 4989 1241 5054 alia
1267 4991 1378 5055 forma
1405 4989 1622 5056 substantiali
1650 4990 1685 5055 in
1712 4990 1851 5056 Christo
1883 5002 1917 5056 et
1944 4992 2010 5056 sub
2041 4991 2107 5056 alia
2137 4991 2172 5056 in
2202 4993 2316 5069 Petr0‚

839 5104 943 5172 etiam
967 5104 1175 5173 miraculose
1200 5117 1237 5170 ut
1260 5105 1404 5187 videtur,
1433 5106 1479 5171 ita
1504 5128 1575 5170 non
1600 5116 1717 5191 potest
1741 5106 1809 5172 dici
1834 5109 1929 5191 quod
1958 5106 2153 5173 accidentia
2177 5108 2317 5195 propria

839 5231 874 5287 et
903 5221 1057 5307 speciem
1090 5223 1144 5288 vel
1179 5222 1326 5287 sormam
1355 5221 1504 5308 aliquam
1540 5222 1740 5308 specificam
1777 5222 1976 5288 naturaliter
2007 5223 2258 5308 consequentia
2283 5235 2316 5289 et

838 5336 1013 5411 mediante
1029 5336 1086 5403 illa
1110 5338 1145 5402 in
1170 5337 1312 5404 materia
1336 5338 1527 5404 subsistere
1544 5349 1635 5419 nata,
1660 5337 1763 5403 sant²
1786 5338 1819 5403 in
1839 5337 1984 5403 diversis
2008 5339 2174 5404 subiectis
2198 5339 2316 5425 specie

838 5450 912 5520 sive
935 5453 1046 5519 forma
1070 5453 1236 5540 specifica
1260 5453 1510 5520 differentibus.

926 5568 1119 5648 Praeterea,
1137 5590 1267 5655 quaero
1293 5570 1337 5635 de
1353 5569 1553 5634 huiusmodi
1578 5568 1867 5655 dispositionibus
1892 5569 1926 5635 in
1951 5592 2022 5655 quo
2047 5582 2129 5635 sunt
2149 5581 2314 5657 tanquam

836 5682 873 5750 in
896 5683 1066 5751 subiecto.
1091 5685 1172 5750 Non
1209 5685 1349 5770 quidem
1384 5685 1420 5749 in
1444 5685 1521 5770 ipsa
1550 5685 1703 5751 essentia
1726 5686 1891 5752 materiae
1923 5687 2117 5752 secundum
2151 5708 2200 5765 se,
2234 5686 2315 5770 quia

836 5798 914 5887 ipsa
944 5821 1016 5867 non
1047 5810 1164 5887 potest
1196 5822 1274 5867 esse
1307 5801 1454 5887 primum
1487 5800 1684 5867 subiectum
1716 5803 1848 5867 formae
1888 5802 2123 5882 accidentalis,
2160 5802 2241 5886 quia
2280 5802 2315 5869 id

926 6062 936 6095 ¹
948 6059 1025 6119 sicut
1043 6061 1077 6116 V.
1091 6093 1125 6102 -
1139 6061 1238 6116 ’sicut
1251 6063 1285 6117 V.
