6700 7992
1345 1439 1496 1494 parumn
1525 1436 1825 1509 Quoouearuu
1853 1436 1889 1506 Q.
1918 1436 1986 1489 xiv
2050 1401 2053 1408 ’

1491 1879 1733 1966 Quaesno
1759 1881 1847 1946 xlv.

936 2110 1079 2188 Utrum
1098 2108 1219 2184 licoat
1235 2106 1439 2209 religiosis
1460 2106 1649 2181 inducere
1668 2105 1846 2180 novicios
1864 2105 1994 2207 signo,
2015 2110 2118 2180 nutu
2137 2103 2197 2180 voi
2214 2106 2330 2180 verbo
2350 2105 2405 2179 od

1079 2243 1153 2318 boc
1171 2242 1278 2343 quod
1296 2246 1389 2316 ante
1407 2239 1570 2339 lapsum
1589 2239 1694 2314 anni
1706 2238 1960 2338 probotionis
1973 2239 2257 2340 profiteantur.

1018 2543 1147 2607 Postea
1163 2540 1256 2606 circa
1273 2539 1480 2625 pertinentia
1497 2539 1540 2604 ad
1558 2540 1731 2624 quosdam
1747 2551 1858 2605 status
1875 2539 2054 2606 hominum
2078 2538 2277 2626 specialiter
2300 2560 2404 2625 quae·

926 2659 1092 2724 rebantur
1115 2657 1287 2741 quaedam
1311 2653 1518 2740 pertinentia
1539 2655 1583 2721 ad
1600 2654 1786 2742 religiosos
1803 2655 1877 2721 sive
1893 2656 2081 2743 regulares.
2099 2655 2144 2721 Et
2160 2654 2272 2741 primo
2289 2643 2404 2721 utrum

928 2772 1031 2839 liceat
1047 2770 1218 2860 religiosis
1235 2767 1402 2837 inducere
1418 2770 1578 2836 novicios
1604 2770 1719 2859 sign0,
1737 2781 1822 2836 nutu
1839 2772 1893 2837 vel
1910 2773 2018 2838 verbo
2043 2772 2088 2836 ad
2111 2773 2181 2837 hoc
2204 2771 2300 2856 quod
2325 2781 2406 2837 ante

930 2890 1066 2974 lapsum
1090 2886 1172 2952 anni
1196 2885 1415 2972 probationis
1439 2885 1677 2971 profiteantur.
1703 2886 1746 2952 Et
1770 2888 1983 2975 arguebatur
2005 2888 2100 2972 quod
2121 2887 2225 2954 liceat
2241 2886 2408 2953 inducere

931 3003 1091 3070 novicios
1108 3003 1153 3067 ad
1169 3002 1402 3089 profitendum
1424 3001 1512 3067 infra
1536 3023 1668 3067 annum
1693 3002 1921 3087 probationiS,
1947 3002 2028 3087 quia
2053 3002 2097 3067 ad
2121 3001 2157 3067 id
2181 3002 2276 3086 quod
2301 3003 2345 3069 de
2369 3023 2408 3069 se

932 3131 985 3186 est
1001 3121 1132 3185 bonum
1150 3130 1184 3184 et
1200 3117 1283 3184 utile
1299 3117 1380 3184 licet
1395 3117 1563 3183 inducere
1579 3128 1617 3182 ut
1632 3118 1700 3182 fiat.
1719 3118 1791 3184 Sed
1808 3117 1961 3204 profiteri
1977 3117 2012 3183 in
2029 3117 2199 3206 religione
2215 3120 2409 3204 approbata

932 3247 985 3301 est
1001 3236 1133 3300 bonum
1151 3245 1184 3300 et
1201 3233 1282 3299 utile
1299 3232 1439 3299 facienti
1464 3244 1500 3298 ut
1524 3234 1614 3297 mala
1637 3233 1758 3299 mundi
1784 3232 1898 3300 evitet.
1924 3233 2019 3322 Ergo
2044 3232 2172 3300 etiam¹
2197 3233 2327 3301 licitum
2354 3246 2408 3301 est

932 3351 1099 3417 inducere
1115 3348 1264 3434 aliquem
1282 3348 1327 3413 ad
1343 3350 1413 3415 hoc
1429 3359 1467 3414 ut
1482 3347 1518 3413 in
1535 3347 1728 3414 continenti
1745 3348 1814 3414 fiat.

1021 3466 1163 3532 Contra.
1200 3464 1303 3529 Extra
1339 3465 1384 3530 de
1419 3463 1637 3552 regularibus
1673 3475 1708 3530 et
1747 3464 2009 3531 transeuntibus
2048 3465 2093 3530 ad
2129 3464 2332 3553 religionem
2361 3468 2408 3549 (1)

932 3581 1077 3647 dicitur:
1106 3580 1364 3668 prohibendum
1392 3589 1445 3646 est
1476 3578 1662 3644 abbatibus
1691 3601 1736 3645 ne
1768 3580 1899 3666 passim
1924 3590 2005 3647 ante
2028 3591 2166 3666 tempus
2190 3579 2409 3667 probationis

932 3696 1106 3783 quoslibet
1129 3697 1174 3761 ad
1191 3695 1446 3781 professionem
1463 3694 1674 3780 suscipiant;
1703 3694 1856 3781 alioquin
1882 3695 1941 3780 [in]
1971 3695 2302 3764 animadversione*
2329 3707 2411 3762 sunt

933 3811 1051 3879 debita
1074 3811 1282 3899 corrigendi,
1308 3832 1388 3876 cum
1411 3810 1445 3876 in
1471 3809 1666 3875 subsidium
1692 3810 1886 3899 fragilitatis
1910 3813 2085 3877 humanae
2110 3810 2261 3897 spatium
2285 3813 2411 3899 proba·

933 3927 1038 3994 tionis
1054 3926 1124 3992 sit³
1147 3925 1350 4014 regulariter
1372 3926 1575 3991 institutum.
1594 3926 1665 3993 Sed
1686 3925 1770 3991 illud
1794 3927 1890 4011 quod
1914 3937 1967 3993 est
1983 3926 2285 3994 animadversione
2307 3926 2411 3994 corri-

933 4043 1100 4129 piendum
1124 4064 1196 4108 non
1221 4053 1274 4108 est
1297 4041 1437 4107 licitum.
1459 4041 1553 4128 Ergo
1571 4062 1650 4106 cum
1671 4042 1866 4107 secundum
1883 4043 1976 4107 hanc
1992 4043 2202 4109 decretalem
2218 4064 2292 4110 non
2308 4043 2412 4111 liceat

932 4158 1040 4245 recipi
1068 4159 1113 4224 ad
1140 4157 1396 4243 professionem
1423 4156 1584 4222 novicios
1612 4156 1716 4222 etiam
1741 4157 1895 4242 profiteri
1918 4159 2088 4238 volentes,
2112 4179 2186 4224 non
2209 4159 2290 4226 licet
2313 4159 2411 4246 ipsos

932 4274 1100 4340 inducere
1117 4274 1160 4338 ad
1179 4272 1414 4358 profitendum
1433 4284 1621 4357 antequam
1638 4283 1777 4357 tempus
1793 4273 2011 4358 probationis
2029 4273 2073 4338 sit
2088 4274 2277 4360 impletum.

1022 4390 1236 4475 Respondeo
1253 4388 1441 4454 dicendum
1466 4387 1571 4472 quod,
1589 4409 1668 4453 cum
1692 4399 1830 4474 tempus
1855 4388 2072 4475 probationis
2095 4389 2345 4458 rationabiliter
2367 4391 2412 4457 sit

933 4505 1127 4571 institutum
1152 4526 1194 4570 ex
1218 4515 1316 4589 parte
1340 4503 1559 4570 noviciorum
1583 4515 1621 4569 ut
1644 4504 1782 4589 possint
1806 4504 1938 4570 ordinis
1962 4504 2168 4591 asperitates
2193 4506 2351 4592 experiri,
2368 4528 2412 4573 eo

935 4622 1030 4706 quod
1058 4631 1178 4686 votum
1195 4621 1248 4686 vel
1265 4619 1432 4708 obligatio
1453 4618 1683 4705 professionis
1707 4641 1786 4685 cum
1810 4619 2021 4686 discretione
2037 4620 2112 4687 fieri
2129 4623 2234 4688 debet
2251 4662 2292 4670 -
2309 4644 2412 4689 nemo

932 4736 1025 4803 enim
1049 4735 1191 4822 sapiens
1215 4736 1320 4801 debet
1343 4757 1382 4801 se
1406 4735 1564 4823 obligare
1587 4736 1632 4800 ad
1656 4735 1778 4822 ignota
1801 4735 1949 4801 maxime
1972 4756 2062 4821 quae
2079 4737 2188 4803 ardua
2205 4749 2239 4804 et
2255 4737 2412 4805 difficilia

935 4863 1016 4917 sunt
1031 4861 1194 4937 respectu
1211 4850 1405 4939 fragilitatis
1421 4852 1605 4929 humanae,
1616 4889 1657 4898 -
1669 4849 1806 4916 videtur
1823 4850 1925 4916 etiam
1943 4853 2048 4936 quod,
2066 4854 2160 4917 nulla
2177 4852 2413 4938 prohibitione

935 4968 979 5033 ab
996 4967 1139 5033 homine
1162 4987 1268 5051 super
1290 4968 1360 5033 hoc
1383 4966 1485 5046 facta,
1508 4985 1579 5030 non
1597 4964 1715 5032 liceret
1731 4966 1787 5032 vel
1805 4967 1926 5032 saltem
1950 4988 2024 5032 non
2047 4969 2189 5035 deceret
2208 4971 2304 5054 quod
2321 4970 2412 5036 infra

935 5093 1073 5168 tempus
1097 5081 1274 5148 sufficiens
1299 5079 1515 5166 probationis
1541 5079 1664 5165 aliquis
1689 5081 1701 5116 ⁴
1736 5083 1780 5146 ad
1805 5082 2040 5167 profitendum
2064 5083 2297 5166 induceretur,
2333 5075 2413 5171 quia

936 5197 1063 5285 exponi
1082 5197 1237 5283 periculo
1255 5196 1430 5262 videretur
1445 5195 1636 5284 obligando
1661 5217 1700 5262 se
1716 5207 1754 5262 ut
1778 5196 1908 5262 dictum
1932 5208 1986 5264 est
2010 5199 2054 5262 ad
2071 5198 2203 5287 ignota.
2223 5199 2261 5267 Si
2279 5199 2292 5236 ⁶
2307 5201 2412 5268 etiam

935 5324 1073 5400 tempus
1097 5323 1263 5378 statutum
1280 5312 1325 5376 ad
1342 5310 1586 5398 probationem
1603 5311 1805 5376 huiusmodi
1829 5314 2054 5398 asperitatum
2079 5336 2149 5380 non
2174 5315 2217 5381 sit
2234 5317 2414 5384 sufficiens

937 5431 1073 5495 adhoc
1097 5428 1193 5513 quod
1217 5427 1305 5492 infra
1328 5427 1412 5491 illud
1437 5427 1652 5512 asperitates,
1679 5449 1768 5512 quae
1792 5428 1876 5493 satis
1905 5431 2134 5496 communiter
2156 5445 2307 5518 possunt
2334 5455 2413 5520 pro·

937 5543 1023 5610 fessi
1046 5553 1171 5629 postea
1195 5541 1351 5628 experiri,
1368 5541 1435 5628 ipsi
1459 5541 1587 5608 novicii
1612 5544 1709 5627 [non]
1727 5544 1866 5609 valeant
1883 5544 2039 5630 experiri,
2057 5567 2131 5611 non
2147 5546 2284 5613 videtur
2305 5559 2415 5616 tutum

1029 5835 1082 5888 'et
1101 5833 1131 5887 P.
1152 5866 1185 5874 -
1205 5825 1350 5888 'ansione
1369 5833 1403 5887 V.
1423 5864 1456 5872 —
1475 5833 1568 5887 ³sunt
1586 5833 1617 5887 P.
1637 5864 1670 5872 —
1691 5832 1826 5905 ⁴aliquid
1846 5834 1879 5888 V.
1899 5866 1932 5874 -
1953 5836 2029 5891 ⁵sed
2047 5837 2078 5894 P.

1027 6033 1068 6099 (1)
1088 6047 1112 6083 c.
1134 6033 1175 6083 16.
1195 6029 1230 6082 X.
1250 6028 1287 6082 de
1306 6027 1432 6101 regular.
1452 6027 1503 6083 111.
1522 6029 1565 6082 31.
