<?xml version="1.0" encoding="UTF-8"?>
<!DOCTYPE html PUBLIC "-//W3C//DTD XHTML 1.0 Transitional//EN"
    "http://www.w3.org/TR/xhtml1/DTD/xhtml1-transitional.dtd">
<html xmlns="http://www.w3.org/1999/xhtml" xml:lang="en" lang="en">
 <head>
  <title>
</title>
<meta http-equiv="Content-Type" content="text/html;charset=utf-8" />
  <meta name='ocr-system' content='tesseract 3.04.00' />
  <meta name='ocr-capabilities' content='ocr_page ocr_carea ocr_par ocr_line ocrx_word'/>
</head>
<body>
  <div class='ocr_page' id='page_1' title='image "./lesquatrepremie00wulfgoog_0131.png"; bbox 0 0 6700 7992; ppageno 0'>
   <div class='ocr_carea' id='block_1_1' title="bbox 1147 1371 2235 1487">
    <p class='ocr_par' dir='ltr' id='par_1_1' title="bbox 1147 1371 2235 1487">
     <span class='ocr_line' id='line_1_1' title="bbox 1147 1371 2235 1487; baseline -0.001 -19"><span class='ocrx_word' id='word_1_1' title='bbox 1147 1371 1364 1469; x_wconf 79' lang='lat' dir='ltr'>SECUNDUM</span> <span class='ocrx_word' id='word_1_2' title='bbox 1394 1413 1694 1485; x_wconf 83' lang='lat' dir='ltr'><strong>QUODLIBETUM‚</strong></span> <span class='ocrx_word' id='word_1_3' title='bbox 1723 1415 1759 1487; x_wconf 81' lang='lat' dir='ltr'><strong>Q.</strong></span> <span class='ocrx_word' id='word_1_4' title='bbox 1786 1414 1841 1469; x_wconf 87' lang='lat' dir='ltr'><strong>Vll</strong></span> <span class='ocrx_word' id='word_1_5' title='bbox 2187 1413 2235 1467; x_wconf 78' lang='lat'><strong>107</strong></span> 
     </span>
    </p>
   </div>
   <div class='ocr_carea' id='block_1_2' title="bbox 749 1588 2235 4931">
    <p class='ocr_par' dir='ltr' id='par_1_2' title="bbox 752 1588 2235 3073">
     <span class='ocr_line' id='line_1_2' title="bbox 755 1588 2233 1681; baseline 0 -22"><span class='ocrx_word' id='word_1_6' title='bbox 755 1601 808 1659; x_wconf 82' lang='lat' dir='ltr'><strong>est</strong></span> <span class='ocrx_word' id='word_1_7' title='bbox 831 1588 994 1679; x_wconf 83' lang='lat' dir='ltr'><strong>respectu</strong></span> <span class='ocrx_word' id='word_1_8' title='bbox 1027 1592 1177 1660; x_wconf 88' lang='lat' dir='ltr'><strong>alterius.</strong></span> <span class='ocrx_word' id='word_1_9' title='bbox 1207 1593 1278 1661; x_wconf 91' lang='lat' dir='ltr'><strong>Sed</strong></span> <span class='ocrx_word' id='word_1_10' title='bbox 1314 1596 1444 1660; x_wconf 91' lang='lat' dir='ltr'><strong>habere</strong></span> <span class='ocrx_word' id='word_1_11' title='bbox 1472 1594 1596 1681; x_wconf 87' lang='lat' dir='ltr'><strong>poterit</strong></span> <span class='ocrx_word' id='word_1_12' title='bbox 1624 1594 1795 1660; x_wconf 89' lang='lat' dir='ltr'><strong>rationem</strong></span> <span class='ocrx_word' id='word_1_13' title='bbox 1831 1594 2008 1680; x_wconf 88' lang='lat' dir='ltr'><strong>potentiae</strong></span> <span class='ocrx_word' id='word_1_14' title='bbox 2037 1595 2233 1660; x_wconf 90' lang='lat' dir='ltr'><strong>secundum</strong></span> 
     </span>
     <span class='ocr_line' id='line_1_3' title="bbox 756 1708 2235 1796; baseline 0.001 -22"><span class='ocrx_word' id='word_1_15' title='bbox 756 1708 849 1795; x_wconf 92' lang='lat' dir='ltr'><strong>quid,</strong></span> <span class='ocrx_word' id='word_1_16' title='bbox 873 1730 963 1794; x_wconf 89' lang='lat' dir='ltr'><strong>quae</strong></span> <span class='ocrx_word' id='word_1_17' title='bbox 979 1711 1071 1776; x_wconf 89' lang='lat' dir='ltr'><strong>bene</strong></span> <span class='ocrx_word' id='word_1_18' title='bbox 1088 1709 1169 1775; x_wconf 84' lang='lat' dir='ltr'><strong>facit</strong></span> <span class='ocrx_word' id='word_1_19' title='bbox 1194 1708 1307 1796; x_wconf 92' lang='lat' dir='ltr'><strong>ipsum</strong></span> <span class='ocrx_word' id='word_1_20' title='bbox 1335 1710 1531 1777; x_wconf 88' lang='lat' dir='ltr'><strong>subiectum</strong></span> <span class='ocrx_word' id='word_1_21' title='bbox 1559 1733 1638 1778; x_wconf 88' lang='lat' dir='ltr'><strong>esse</strong></span> <span class='ocrx_word' id='word_1_22' title='bbox 1667 1731 1731 1776; x_wconf 90' lang='lat' dir='ltr'><strong>ens</strong></span> <span class='ocrx_word' id='word_1_23' title='bbox 1763 1709 1798 1776; x_wconf 93' lang='lat' dir='ltr'><strong>in</strong></span> <span class='ocrx_word' id='word_1_24' title='bbox 1826 1723 1905 1777; x_wconf 92' lang='lat' dir='ltr'><strong>actu</strong></span> <span class='ocrx_word' id='word_1_25' title='bbox 1922 1709 2124 1796; x_wconf 90' lang='lat' dir='ltr'><strong>simpliciter</strong></span> <span class='ocrx_word' id='word_1_26' title='bbox 2149 1721 2183 1776; x_wconf 92' lang='lat' dir='ltr'><strong>et</strong></span> <span class='ocrx_word' id='word_1_27' title='bbox 2200 1710 2235 1775; x_wconf 91' lang='lat' dir='ltr'><strong>in</strong></span> 
     </span>
     <span class='ocr_line' id='line_1_4' title="bbox 754 1825 2235 1913; baseline 0.001 -23"><span class='ocrx_word' id='word_1_28' title='bbox 754 1826 910 1912; x_wconf 88' lang='lat' dir='ltr'><strong>potentia</strong></span> <span class='ocrx_word' id='word_1_29' title='bbox 926 1825 1209 1910; x_wconf 85' lang='lat' dir='ltr'><strong>quodammod03</strong></span> <span class='ocrx_word' id='word_1_30' title='bbox 1235 1846 1342 1911; x_wconf 91' lang='lat' dir='ltr'><strong>quare</strong></span> <span class='ocrx_word' id='word_1_31' title='bbox 1364 1848 1406 1892; x_wconf 89' lang='lat' dir='ltr'><strong>ex</strong></span> <span class='ocrx_word' id='word_1_32' title='bbox 1429 1826 1508 1912; x_wconf 89' lang='lat' dir='ltr'><strong>ipso</strong></span> <span class='ocrx_word' id='word_1_33' title='bbox 1536 1837 1570 1892; x_wconf 93' lang='lat' dir='ltr'><strong>et</strong></span> <span class='ocrx_word' id='word_1_34' title='bbox 1594 1826 1651 1892; x_wconf 92' lang='lat' dir='ltr'><strong>illo</strong></span> <span class='ocrx_word' id='word_1_35' title='bbox 1675 1827 1720 1892; x_wconf 90' lang='lat' dir='ltr'><strong>ad</strong></span> <span class='ocrx_word' id='word_1_36' title='bbox 1748 1826 1843 1912; x_wconf 91' lang='lat' dir='ltr'><strong>quod</strong></span> <span class='ocrx_word' id='word_1_37' title='bbox 1865 1826 1916 1893; x_wconf 89' lang='lat' dir='ltr'><strong>sic</strong></span> <span class='ocrx_word' id='word_1_38' title='bbox 1944 1837 1996 1893; x_wconf 89' lang='lat' dir='ltr'><strong>est</strong></span> <span class='ocrx_word' id='word_1_39' title='bbox 2021 1825 2056 1891; x_wconf 93' lang='lat' dir='ltr'><strong>in</strong></span> <span class='ocrx_word' id='word_1_40' title='bbox 2079 1825 2235 1913; x_wconf 90' lang='lat' dir='ltr'><strong>potentia</strong></span> 
     </span>
     <span class='ocr_line' id='line_1_5' title="bbox 754 1940 2234 2029; baseline 0.001 -22"><span class='ocrx_word' id='word_1_41' title='bbox 754 1962 828 2007; x_wconf 94' lang='lat' dir='ltr'><strong>non</strong></span> <span class='ocrx_word' id='word_1_42' title='bbox 851 1940 978 2027; x_wconf 89' lang='lat' dir='ltr'><strong>poterit</strong></span> <span class='ocrx_word' id='word_1_43' title='bbox 1000 1940 1075 2007; x_wconf 91' lang='lat' dir='ltr'><strong>fieri</strong></span> <span class='ocrx_word' id='word_1_44' title='bbox 1099 1941 1232 2006; x_wconf 93' lang='lat' dir='ltr'><strong>unum¹</strong></span> <span class='ocrx_word' id='word_1_45' title='bbox 1257 1941 1495 2008; x_wconf 81' lang='lat' dir='ltr'><strong>essentialiter.</strong></span> <span class='ocrx_word' id='word_1_46' title='bbox 1514 1942 1697 2008; x_wconf 85' lang='lat' dir='ltr'><strong>Praedicta</strong></span> <span class='ocrx_word' id='word_1_47' title='bbox 1721 1954 1837 2010; x_wconf 88' lang='lat' dir='ltr'><strong>autem</strong></span> <span class='ocrx_word' id='word_1_48' title='bbox 1861 1953 2009 2029; x_wconf 88' lang='lat' dir='ltr'><strong>possunt</strong></span> <span class='ocrx_word' id='word_1_49' title='bbox 2033 1964 2095 2029; x_wconf 89' lang='lat' dir='ltr'><strong>per</strong></span> <span class='ocrx_word' id='word_1_50' title='bbox 2122 1943 2234 2010; x_wconf 92' lang='lat' dir='ltr'><strong>simile</strong></span> 
     </span>
     <span class='ocr_line' id='line_1_6' title="bbox 754 2056 2234 2145; baseline 0.002 -23"><span class='ocrx_word' id='word_1_51' title='bbox 754 2056 933 2137; x_wconf 90' lang='lat' dir='ltr'><strong>declarari,</strong></span> <span class='ocrx_word' id='word_1_52' title='bbox 965 2056 1047 2143; x_wconf 88' lang='lat' dir='ltr'><strong>quia</strong></span> <span class='ocrx_word' id='word_1_53' title='bbox 1077 2056 1157 2123; x_wconf 91' lang='lat' dir='ltr'><strong>licet</strong></span> <span class='ocrx_word' id='word_1_54' title='bbox 1188 2056 1303 2142; x_wconf 89' lang='lat' dir='ltr'><strong>aliqua</strong></span> <span class='ocrx_word' id='word_1_55' title='bbox 1334 2057 1482 2142; x_wconf 85' lang='lat' dir='ltr'><strong>qualitas</strong></span> <span class='ocrx_word' id='word_1_56' title='bbox 1514 2079 1586 2124; x_wconf 94' lang='lat' dir='ltr'><strong>non</strong></span> <span class='ocrx_word' id='word_1_57' title='bbox 1619 2059 1678 2124; x_wconf 90' lang='lat' dir='ltr'><strong>det</strong></span> <span class='ocrx_word' id='word_1_58' title='bbox 1709 2058 1755 2124; x_wconf 92' lang='lat' dir='ltr'><strong>ita</strong></span> <span class='ocrx_word' id='word_1_59' title='bbox 1783 2060 1994 2145; x_wconf 91' lang='lat' dir='ltr'><strong>completum</strong></span> <span class='ocrx_word' id='word_1_60' title='bbox 2023 2079 2102 2125; x_wconf 86' lang='lat' dir='ltr'><strong>esse</strong></span> <span class='ocrx_word' id='word_1_61' title='bbox 2131 2060 2234 2145; x_wconf 90' lang='lat' dir='ltr'><strong>quale</strong></span> 
     </span>
     <span class='ocr_line' id='line_1_7' title="bbox 754 2172 2234 2263; baseline 0.001 -25"><span class='ocrx_word' id='word_1_62' title='bbox 754 2172 844 2239; x_wconf 91' lang='lat' dir='ltr'><strong>sicut</strong></span> <span class='ocrx_word' id='word_1_63' title='bbox 860 2173 987 2240; x_wconf 87' lang='lat' dir='ltr'><strong>albedo</strong></span> <span class='ocrx_word' id='word_1_64' title='bbox 1004 2174 1059 2239; x_wconf 92' lang='lat' dir='ltr'><strong>vel</strong></span> <span class='ocrx_word' id='word_1_65' title='bbox 1080 2172 1236 2252; x_wconf 88' lang='lat' dir='ltr'><strong>scientia,</strong></span> <span class='ocrx_word' id='word_1_66' title='bbox 1258 2184 1375 2239; x_wconf 90' lang='lat' dir='ltr'><strong>tamen</strong></span> <span class='ocrx_word' id='word_1_67' title='bbox 1399 2173 1575 2259; x_wconf 89' lang='lat' dir='ltr'><strong>quaelibet</strong></span> <span class='ocrx_word' id='word_1_68' title='bbox 1600 2175 1712 2240; x_wconf 85' lang='lat' dir='ltr'><strong>forma</strong></span> <span class='ocrx_word' id='word_1_69' title='bbox 1733 2175 1887 2241; x_wconf 87' lang='lat' dir='ltr'><strong>existens</strong></span> <span class='ocrx_word' id='word_1_70' title='bbox 1912 2176 1947 2241; x_wconf 91' lang='lat' dir='ltr'><strong>in</strong></span> <span class='ocrx_word' id='word_1_71' title='bbox 1971 2196 2102 2263; x_wconf 85' lang='lat' dir='ltr'><strong>genere</strong></span> <span class='ocrx_word' id='word_1_72' title='bbox 2126 2176 2234 2260; x_wconf 88' lang='lat' dir='ltr'><strong>quali-</strong></span> 
     </span>
     <span class='ocr_line' id='line_1_8' title="bbox 753 2287 2232 2379; baseline -0.001 -24"><span class='ocrx_word' id='word_1_73' title='bbox 753 2287 833 2355; x_wconf 88' lang='lat' dir='ltr'><strong>tatis</strong></span> <span class='ocrx_word' id='word_1_74' title='bbox 851 2289 910 2354; x_wconf 93' lang='lat' dir='ltr'><strong>dat</strong></span> <span class='ocrx_word' id='word_1_75' title='bbox 927 2310 1006 2355; x_wconf 89' lang='lat' dir='ltr'><strong>esse</strong></span> <span class='ocrx_word' id='word_1_76' title='bbox 1023 2289 1125 2375; x_wconf 91' lang='lat' dir='ltr'><strong>quale</strong></span> <span class='ocrx_word' id='word_1_77' title='bbox 1153 2287 1354 2375; x_wconf 89' lang='lat' dir='ltr'><strong>simpliciter</strong></span> <span class='ocrx_word' id='word_1_78' title='bbox 1371 2300 1405 2355; x_wconf 93' lang='lat' dir='ltr'><strong>et</strong></span> <span class='ocrx_word' id='word_1_79' title='bbox 1431 2291 1613 2377; x_wconf 87' lang='lat' dir='ltr'><strong>complete,</strong></span> <span class='ocrx_word' id='word_1_80' title='bbox 1631 2290 1721 2357; x_wconf 87' lang='lat' dir='ltr'><strong>sicut</strong></span> <span class='ocrx_word' id='word_1_81' title='bbox 1746 2290 1893 2378; x_wconf 80' lang='lat' dir='ltr'><strong>nigredo</strong></span> <span class='ocrx_word' id='word_1_82' title='bbox 1917 2292 1976 2357; x_wconf 89' lang='lat' dir='ltr'><strong>dat</strong></span> <span class='ocrx_word' id='word_1_83' title='bbox 2000 2313 2079 2358; x_wconf 90' lang='lat' dir='ltr'><strong>esse</strong></span> <span class='ocrx_word' id='word_1_84' title='bbox 2095 2291 2232 2379; x_wconf 87' lang='lat' dir='ltr'><strong>nigrum</strong></span> 
     </span>
     <span class='ocr_line' id='line_1_9' title="bbox 755 2405 2233 2492; baseline 0.001 -21"><span class='ocrx_word' id='word_1_85' title='bbox 755 2405 928 2491; x_wconf 89' lang='lat' dir='ltr'><strong>complete</strong></span> <span class='ocrx_word' id='word_1_86' title='bbox 963 2405 1059 2490; x_wconf 95' lang='lat' dir='ltr'><strong>quod</strong></span> <span class='ocrx_word' id='word_1_87' title='bbox 1094 2415 1147 2471; x_wconf 90' lang='lat' dir='ltr'><strong>est</strong></span> <span class='ocrx_word' id='word_1_88' title='bbox 1181 2426 1261 2471; x_wconf 87' lang='lat' dir='ltr'><strong>esse</strong></span> <span class='ocrx_word' id='word_1_89' title='bbox 1297 2406 1399 2491; x_wconf 91' lang='lat' dir='ltr'><strong>quale</strong></span> <span class='ocrx_word' id='word_1_90' title='bbox 1430 2405 1640 2492; x_wconf 88' lang='lat' dir='ltr'><strong>simpliciter,</strong></span> <span class='ocrx_word' id='word_1_91' title='bbox 1673 2407 1753 2473; x_wconf 90' lang='lat' dir='ltr'><strong>licet</strong></span> <span class='ocrx_word' id='word_1_92' title='bbox 1784 2407 1868 2473; x_wconf 89' lang='lat' dir='ltr'><strong>illud</strong></span> <span class='ocrx_word' id='word_1_93' title='bbox 1900 2429 1978 2474; x_wconf 89' lang='lat' dir='ltr'><strong>esse</strong></span> <span class='ocrx_word' id='word_1_94' title='bbox 2010 2429 2081 2473; x_wconf 91' lang='lat' dir='ltr'><strong>non</strong></span> <span class='ocrx_word' id='word_1_95' title='bbox 2113 2407 2156 2472; x_wconf 93' lang='lat' dir='ltr'><strong>sit</strong></span> <span class='ocrx_word' id='word_1_96' title='bbox 2188 2408 2233 2473; x_wconf 92' lang='lat' dir='ltr'><strong>ita</strong></span> 
     </span>
     <span class='ocr_line' id='line_1_10' title="bbox 753 2520 2233 2611; baseline 0.001 -24"><span class='ocrx_word' id='word_1_97' title='bbox 753 2521 965 2606; x_wconf 89' lang='lat' dir='ltr'><strong>completum</strong></span> <span class='ocrx_word' id='word_1_98' title='bbox 993 2529 1027 2586; x_wconf 90' lang='lat' dir='ltr'><strong>et</strong></span> <span class='ocrx_word' id='word_1_99' title='bbox 1054 2521 1247 2607; x_wconf 87' lang='lat' dir='ltr'><strong>perfectum</strong></span> <span class='ocrx_word' id='word_1_100' title='bbox 1276 2520 1366 2587; x_wconf 92' lang='lat' dir='ltr'><strong>sicut</strong></span> <span class='ocrx_word' id='word_1_101' title='bbox 1391 2542 1469 2588; x_wconf 88' lang='lat' dir='ltr'><strong>esse</strong></span> <span class='ocrx_word' id='word_1_102' title='bbox 1497 2523 1624 2587; x_wconf 87' lang='lat' dir='ltr'><strong>album.</strong></span> <span class='ocrx_word' id='word_1_103' title='bbox 1642 2521 1738 2611; x_wconf 90' lang='lat' dir='ltr'><strong>Ergo</strong></span> <span class='ocrx_word' id='word_1_104' title='bbox 1755 2544 1776 2587; x_wconf 90' lang='lat' dir='ltr'><strong>a</strong></span> <span class='ocrx_word' id='word_1_105' title='bbox 1803 2522 1903 2587; x_wconf 89' lang='lat' dir='ltr'><strong>simili</strong></span> <span class='ocrx_word' id='word_1_106' title='bbox 1929 2522 2106 2607; x_wconf 88' lang='lat' dir='ltr'><strong>quaelibet</strong></span> <span class='ocrx_word' id='word_1_107' title='bbox 2122 2524 2233 2588; x_wconf 89' lang='lat' dir='ltr'><strong>forma</strong></span> 
     </span>
     <span class='ocr_line' id='line_1_11' title="bbox 752 2635 2232 2726; baseline 0.001 -24"><span class='ocrx_word' id='word_1_108' title='bbox 752 2635 789 2703; x_wconf 91' lang='lat' dir='ltr'><strong>in</strong></span> <span class='ocrx_word' id='word_1_109' title='bbox 826 2657 957 2726; x_wconf 84' lang='lat' dir='ltr'><strong>genere</strong></span> <span class='ocrx_word' id='word_1_110' title='bbox 996 2635 1211 2703; x_wconf 88' lang='lat' dir='ltr'><strong>substantiae</strong></span> <span class='ocrx_word' id='word_1_111' title='bbox 1248 2636 1402 2703; x_wconf 86' lang='lat' dir='ltr'><strong>existens</strong></span> <span class='ocrx_word' id='word_1_112' title='bbox 1438 2638 1498 2703; x_wconf 89' lang='lat' dir='ltr'><strong>dat</strong></span> <span class='ocrx_word' id='word_1_113' title='bbox 1537 2638 1711 2724; x_wconf 91' lang='lat' dir='ltr'><strong>complete</strong></span> <span class='ocrx_word' id='word_1_114' title='bbox 1750 2660 1828 2704; x_wconf 92' lang='lat' dir='ltr'><strong>esse</strong></span> <span class='ocrx_word' id='word_1_115' title='bbox 1877 2649 1956 2704; x_wconf 88' lang='lat' dir='ltr'><strong>actu</strong></span> <span class='ocrx_word' id='word_1_116' title='bbox 2002 2638 2232 2704; x_wconf 89' lang='lat' dir='ltr'><strong>substantiam</strong></span> 
     </span>
     <span class='ocr_line' id='line_1_12' title="bbox 754 2752 2233 2841; baseline 0.003 -24"><span class='ocrx_word' id='word_1_117' title='bbox 754 2752 915 2838; x_wconf 82' lang='lat' dir='ltr'><strong>aliquam,</strong></span> <span class='ocrx_word' id='word_1_118' title='bbox 932 2752 1013 2819; x_wconf 91' lang='lat' dir='ltr'><strong>licet</strong></span> <span class='ocrx_word' id='word_1_119' title='bbox 1042 2774 1114 2818; x_wconf 93' lang='lat' dir='ltr'><strong>non</strong></span> <span class='ocrx_word' id='word_1_120' title='bbox 1147 2752 1191 2819; x_wconf 89' lang='lat' dir='ltr'><strong>sit</strong></span> <span class='ocrx_word' id='word_1_121' title='bbox 1218 2752 1291 2819; x_wconf 76' lang='lat' dir='ltr'><strong>ita²</strong></span> <span class='ocrx_word' id='word_1_122' title='bbox 1322 2754 1496 2840; x_wconf 91' lang='lat' dir='ltr'><strong>completa</strong></span> <span class='ocrx_word' id='word_1_123' title='bbox 1523 2765 1558 2820; x_wconf 91' lang='lat' dir='ltr'><strong>et</strong></span> <span class='ocrx_word' id='word_1_124' title='bbox 1589 2755 1745 2841; x_wconf 85' lang='lat' dir='ltr'><strong>perfecta</strong></span> <span class='ocrx_word' id='word_1_125' title='bbox 1772 2754 1967 2820; x_wconf 90' lang='lat' dir='ltr'><strong>substantia</strong></span> <span class='ocrx_word' id='word_1_126' title='bbox 1991 2754 2081 2820; x_wconf 91' lang='lat' dir='ltr'><strong>sicut</strong></span> <span class='ocrx_word' id='word_1_127' title='bbox 2106 2756 2233 2821; x_wconf 91' lang='lat' dir='ltr'><strong>multae</strong></span> 
     </span>
     <span class='ocr_line' id='line_1_13' title="bbox 754 2868 2233 2956; baseline 0.002 -24"><span class='ocrx_word' id='word_1_128' title='bbox 754 2868 850 2935; x_wconf 90' lang='lat' dir='ltr'><strong>aliae.</strong></span> <span class='ocrx_word' id='word_1_129' title='bbox 884 2868 956 2935; x_wconf 90' lang='lat' dir='ltr'><strong>Sed</strong></span> <span class='ocrx_word' id='word_1_130' title='bbox 989 2868 1074 2933; x_wconf 93' lang='lat' dir='ltr'><strong>illud</strong></span> <span class='ocrx_word' id='word_1_131' title='bbox 1104 2870 1200 2954; x_wconf 91' lang='lat' dir='ltr'><strong>quod</strong></span> <span class='ocrx_word' id='word_1_132' title='bbox 1235 2868 1376 2935; x_wconf 85' lang='lat' dir='ltr'><strong>advenit</strong></span> <span class='ocrx_word' id='word_1_133' title='bbox 1407 2869 1510 2936; x_wconf 91' lang='lat' dir='ltr'><strong>alicui</strong></span> <span class='ocrx_word' id='word_1_134' title='bbox 1542 2870 1637 2955; x_wconf 93' lang='lat' dir='ltr'><strong>quod</strong></span> <span class='ocrx_word' id='word_1_135' title='bbox 1669 2881 1722 2937; x_wconf 90' lang='lat' dir='ltr'><strong>est</strong></span> <span class='ocrx_word' id='word_1_136' title='bbox 1754 2872 1928 2956; x_wconf 92' lang='lat' dir='ltr'><strong>complete</strong></span> <span class='ocrx_word' id='word_1_137' title='bbox 1960 2870 2156 2936; x_wconf 86' lang='lat' dir='ltr'><strong>substantia</strong></span> <span class='ocrx_word' id='word_1_138' title='bbox 2180 2881 2233 2936; x_wconf 89' lang='lat' dir='ltr'><strong>est</strong></span> 
     </span>
     <span class='ocr_line' id='line_1_14' title="bbox 753 2983 1256 3073; baseline 0 -24"><span class='ocrx_word' id='word_1_139' title='bbox 753 2983 928 3051; x_wconf 88' lang='lat' dir='ltr'><strong>accidens.</strong></span> <span class='ocrx_word' id='word_1_140' title='bbox 953 2984 1049 3073; x_wconf 89' lang='lat' dir='ltr'><strong>Ergo</strong></span> <span class='ocrx_word' id='word_1_141' title='bbox 1074 2994 1108 3051; x_wconf 89' lang='lat' dir='ltr'><strong>et</strong></span> <span class='ocrx_word' id='word_1_142' title='bbox 1131 2995 1256 3052; x_wconf 90' lang='lat' dir='ltr'><strong>cetera.</strong></span> 
     </span>
    </p>

    <p class='ocr_par' dir='ltr' id='par_1_3' title="bbox 749 3099 2233 4931">
     <span class='ocr_line' id='line_1_15' title="bbox 844 3099 2233 3188; baseline 0.002 -23"><span class='ocrx_word' id='word_1_143' title='bbox 844 3099 1039 3167; x_wconf 77' lang='lat' dir='ltr'><strong>Praemisso</strong></span> <span class='ocrx_word' id='word_1_144' title='bbox 1068 3100 1199 3167; x_wconf 79' lang='lat' dir='ltr'><strong>etiam⁸</strong></span> <span class='ocrx_word' id='word_1_145' title='bbox 1225 3112 1377 3187; x_wconf 90' lang='lat' dir='ltr'><strong>possunt</strong></span> <span class='ocrx_word' id='word_1_146' title='bbox 1405 3101 1616 3167; x_wconf 78' lang='lat' dir='ltr'><strong>manifestari</strong></span> <span class='ocrx_word' id='word_1_147' title='bbox 1644 3102 1706 3183; x_wconf 91' lang='lat' dir='ltr'><strong>sic,</strong></span> <span class='ocrx_word' id='word_1_148' title='bbox 1735 3102 1900 3188; x_wconf 92' lang='lat' dir='ltr'><strong>quoniam</strong></span> <span class='ocrx_word' id='word_1_149' title='bbox 1929 3105 2017 3170; x_wconf 89' lang='lat' dir='ltr'><strong>haec</strong></span> <span class='ocrx_word' id='word_1_150' title='bbox 2045 3114 2098 3169; x_wconf 90' lang='lat' dir='ltr'><strong>est</strong></span> <span class='ocrx_word' id='word_1_151' title='bbox 2126 3125 2233 3169; x_wconf 88' lang='lat' dir='ltr'><strong>causa</strong></span> 
     </span>
     <span class='ocr_line' id='line_1_16' title="bbox 755 3215 2231 3304; baseline 0.002 -23"><span class='ocrx_word' id='word_1_152' title='bbox 755 3236 862 3301; x_wconf 88' lang='lat' dir='ltr'><strong>quare</strong></span> <span class='ocrx_word' id='word_1_153' title='bbox 878 3237 921 3283; x_wconf 82' lang='lat' dir='ltr'><strong>ex</strong></span> <span class='ocrx_word' id='word_1_154' title='bbox 937 3215 1081 3282; x_wconf 88' lang='lat' dir='ltr'><strong>materia</strong></span> <span class='ocrx_word' id='word_1_155' title='bbox 1097 3226 1132 3283; x_wconf 89' lang='lat' dir='ltr'><strong>et</strong></span> <span class='ocrx_word' id='word_1_156' title='bbox 1147 3218 1259 3283; x_wconf 89' lang='lat' dir='ltr'><strong>forma</strong></span> <span class='ocrx_word' id='word_1_157' title='bbox 1275 3217 1313 3283; x_wconf 90' lang='lat' dir='ltr'><strong>fit</strong></span> <span class='ocrx_word' id='word_1_158' title='bbox 1335 3239 1443 3283; x_wconf 93' lang='lat' dir='ltr'><strong>unum</strong></span> <span class='ocrx_word' id='word_1_159' title='bbox 1468 3217 1670 3304; x_wconf 88' lang='lat' dir='ltr'><strong>simpliciter</strong></span> <span class='ocrx_word' id='word_1_160' title='bbox 1693 3217 1766 3285; x_wconf 91' lang='lat' dir='ltr'><strong>sive</strong></span> <span class='ocrx_word' id='word_1_161' title='bbox 1791 3240 1854 3304; x_wconf 88' lang='lat' dir='ltr'><strong>per</strong></span> <span class='ocrx_word' id='word_1_162' title='bbox 1877 3241 1916 3285; x_wconf 90' lang='lat' dir='ltr'><strong>se</strong></span> <span class='ocrx_word' id='word_1_163' title='bbox 1933 3230 1967 3285; x_wconf 92' lang='lat' dir='ltr'><strong>et</strong></span> <span class='ocrx_word' id='word_1_164' title='bbox 1992 3219 2231 3300; x_wconf 88' lang='lat' dir='ltr'><strong>essentialiter,</strong></span> 
     </span>
     <span class='ocr_line' id='line_1_17' title="bbox 753 3330 2233 3423; baseline 0.003 -26"><span class='ocrx_word' id='word_1_165' title='bbox 753 3332 834 3417; x_wconf 92' lang='lat' dir='ltr'><strong>quia</strong></span> <span class='ocrx_word' id='word_1_166' title='bbox 864 3330 1009 3399; x_wconf 87' lang='lat' dir='ltr'><strong>materia</strong></span> <span class='ocrx_word' id='word_1_167' title='bbox 1039 3333 1084 3399; x_wconf 91' lang='lat' dir='ltr'><strong>de</strong></span> <span class='ocrx_word' id='word_1_168' title='bbox 1115 3353 1154 3399; x_wconf 91' lang='lat' dir='ltr'><strong>se</strong></span> <span class='ocrx_word' id='word_1_169' title='bbox 1193 3354 1265 3398; x_wconf 95' lang='lat' dir='ltr'><strong>non</strong></span> <span class='ocrx_word' id='word_1_170' title='bbox 1297 3333 1380 3400; x_wconf 90' lang='lat' dir='ltr'><strong>dicit</strong></span> <span class='ocrx_word' id='word_1_171' title='bbox 1414 3333 1564 3419; x_wconf 84' lang='lat' dir='ltr'><strong>aliquam</strong></span> <span class='ocrx_word' id='word_1_172' title='bbox 1599 3334 1778 3401; x_wconf 87' lang='lat' dir='ltr'><strong>entitatem</strong></span> <span class='ocrx_word' id='word_1_173' title='bbox 1817 3337 1988 3401; x_wconf 86' lang='lat' dir='ltr'><strong>actualem</strong></span> <span class='ocrx_word' id='word_1_174' title='bbox 2028 3335 2062 3400; x_wconf 92' lang='lat' dir='ltr'><strong>in</strong></span> <span class='ocrx_word' id='word_1_175' title='bbox 2101 3357 2233 3423; x_wconf 87' lang='lat' dir='ltr'><strong>genere</strong></span> 
     </span>
     <span class='ocr_line' id='line_1_18' title="bbox 753 3446 2232 3538; baseline 0.001 -23"><span class='ocrx_word' id='word_1_176' title='bbox 753 3446 980 3528; x_wconf 88' lang='lat' dir='ltr'><strong>substantiae,</strong></span> <span class='ocrx_word' id='word_1_177' title='bbox 1013 3448 1077 3515; x_wconf 91' lang='lat' dir='ltr'><strong>sed</strong></span> <span class='ocrx_word' id='word_1_178' title='bbox 1108 3449 1221 3515; x_wconf 90' lang='lat' dir='ltr'><strong>solum</strong></span> <span class='ocrx_word' id='word_1_179' title='bbox 1253 3448 1501 3535; x_wconf 90' lang='lat' dir='ltr'><strong>potentialem;</strong></span> <span class='ocrx_word' id='word_1_180' title='bbox 1534 3461 1587 3516; x_wconf 90' lang='lat' dir='ltr'><strong>est</strong></span> <span class='ocrx_word' id='word_1_181' title='bbox 1621 3450 1713 3517; x_wconf 87' lang='lat' dir='ltr'><strong>enim</strong></span> <span class='ocrx_word' id='word_1_182' title='bbox 1738 3450 1890 3517; x_wconf 90' lang='lat' dir='ltr'><strong>medium</strong></span> <span class='ocrx_word' id='word_1_183' title='bbox 1926 3451 2015 3518; x_wconf 85' lang='lat' dir='ltr'><strong>inter</strong></span> <span class='ocrx_word' id='word_1_184' title='bbox 2045 3472 2131 3538; x_wconf 92' lang='lat' dir='ltr'><strong>pure</strong></span> <span class='ocrx_word' id='word_1_185' title='bbox 2160 3473 2232 3518; x_wconf 95' lang='lat' dir='ltr'><strong>non</strong></span> 
     </span>
     <span class='ocr_line' id='line_1_19' title="bbox 753 3562 2232 3644; baseline 0.001 -13"><span class='ocrx_word' id='word_1_186' title='bbox 753 3584 817 3631; x_wconf 84' lang='lat' dir='ltr'><strong>ens</strong></span> <span class='ocrx_word' id='word_1_187' title='bbox 834 3575 868 3631; x_wconf 86' lang='lat' dir='ltr'><strong>et</strong></span> <span class='ocrx_word' id='word_1_188' title='bbox 895 3562 985 3631; x_wconf 90' lang='lat' dir='ltr'><strong>inter</strong></span> <span class='ocrx_word' id='word_1_189' title='bbox 1008 3575 1089 3631; x_wconf 89' lang='lat' dir='ltr'><strong>actu</strong></span> <span class='ocrx_word' id='word_1_190' title='bbox 1117 3586 1201 3644; x_wconf 89' lang='lat' dir='ltr'><strong>ens;</strong></span> <span class='ocrx_word' id='word_1_191' title='bbox 1227 3576 1262 3632; x_wconf 88' lang='lat' dir='ltr'><strong>et</strong></span> <span class='ocrx_word' id='word_1_192' title='bbox 1288 3565 1369 3632; x_wconf 90' lang='lat' dir='ltr'><strong>ideo</strong></span> <span class='ocrx_word' id='word_1_193' title='bbox 1398 3565 1488 3632; x_wconf 89' lang='lat' dir='ltr'><strong>sicut</strong></span> <span class='ocrx_word' id='word_1_194' title='bbox 1512 3566 1601 3633; x_wconf 91' lang='lat' dir='ltr'><strong>inter</strong></span> <span class='ocrx_word' id='word_1_195' title='bbox 1629 3567 1808 3633; x_wconf 87' lang='lat' dir='ltr'><strong>materiam</strong></span> <span class='ocrx_word' id='word_1_196' title='bbox 1836 3578 1871 3634; x_wconf 89' lang='lat' dir='ltr'><strong>et</strong></span> <span class='ocrx_word' id='word_1_197' title='bbox 1897 3589 1968 3633; x_wconf 91' lang='lat' dir='ltr'><strong>non</strong></span> <span class='ocrx_word' id='word_1_198' title='bbox 1993 3588 2071 3633; x_wconf 90' lang='lat' dir='ltr'><strong>esse</strong></span> <span class='ocrx_word' id='word_1_199' title='bbox 2089 3566 2232 3633; x_wconf 91' lang='lat' dir='ltr'><strong>omnino</strong></span> 
     </span>
     <span class='ocr_line' id='line_1_20' title="bbox 752 3679 2232 3766; baseline 0.001 -20"><span class='ocrx_word' id='word_1_200' title='bbox 752 3679 880 3766; x_wconf 90' lang='lat' dir='ltr'><strong>aliquid</strong></span> <span class='ocrx_word' id='word_1_201' title='bbox 907 3680 1052 3747; x_wconf 85' lang='lat' dir='ltr'><strong>inferius</strong></span> <span class='ocrx_word' id='word_1_202' title='bbox 1076 3702 1148 3748; x_wconf 90' lang='lat' dir='ltr'><strong>non</strong></span> <span class='ocrx_word' id='word_1_203' title='bbox 1176 3691 1229 3748; x_wconf 90' lang='lat' dir='ltr'><strong>est</strong></span> <span class='ocrx_word' id='word_1_204' title='bbox 1255 3682 1419 3763; x_wconf 88' lang='lat' dir='ltr'><strong>medium,</strong></span> <span class='ocrx_word' id='word_1_205' title='bbox 1448 3682 1495 3747; x_wconf 90' lang='lat' dir='ltr'><strong>ita</strong></span> <span class='ocrx_word' id='word_1_206' title='bbox 1522 3683 1625 3749; x_wconf 89' lang='lat' dir='ltr'><strong>etiam</strong></span> <span class='ocrx_word' id='word_1_207' title='bbox 1657 3683 1747 3750; x_wconf 91' lang='lat' dir='ltr'><strong>inter</strong></span> <span class='ocrx_word' id='word_1_208' title='bbox 1773 3683 1951 3750; x_wconf 87' lang='lat' dir='ltr'><strong>materiam</strong></span> <span class='ocrx_word' id='word_1_209' title='bbox 1985 3694 2019 3749; x_wconf 88' lang='lat' dir='ltr'><strong>et</strong></span> <span class='ocrx_word' id='word_1_210' title='bbox 2048 3705 2127 3750; x_wconf 88' lang='lat' dir='ltr'><strong>esse</strong></span> <span class='ocrx_word' id='word_1_211' title='bbox 2153 3682 2232 3748; x_wconf 91' lang='lat' dir='ltr'><strong>sim-</strong></span> 
     </span>
     <span class='ocr_line' id='line_1_21' title="bbox 751 3794 2232 3887; baseline 0.001 -25"><span class='ocrx_word' id='word_1_212' title='bbox 751 3794 887 3884; x_wconf 90' lang='lat' dir='ltr'><strong>pliciter</strong></span> <span class='ocrx_word' id='word_1_213' title='bbox 913 3798 959 3863; x_wconf 88' lang='lat' dir='ltr'><strong>ad</strong></span> <span class='ocrx_word' id='word_1_214' title='bbox 986 3796 1148 3885; x_wconf 88' lang='lat' dir='ltr'><strong>superius</strong></span> <span class='ocrx_word' id='word_1_215' title='bbox 1176 3820 1249 3864; x_wconf 93' lang='lat' dir='ltr'><strong>non</strong></span> <span class='ocrx_word' id='word_1_216' title='bbox 1276 3809 1329 3865; x_wconf 92' lang='lat' dir='ltr'><strong>est</strong></span> <span class='ocrx_word' id='word_1_217' title='bbox 1356 3798 1508 3865; x_wconf 91' lang='lat' dir='ltr'><strong>medium</strong></span> <span class='ocrx_word' id='word_1_218' title='bbox 1523 3797 1545 3864; x_wconf 80' lang='lat'><strong>⁴.</strong></span> <span class='ocrx_word' id='word_1_219' title='bbox 1575 3800 1725 3886; x_wconf 89' lang='lat' dir='ltr'><strong>Oportet</strong></span> <span class='ocrx_word' id='word_1_220' title='bbox 1748 3820 1834 3887; x_wconf 85' lang='lat' dir='ltr'><strong>ergo</strong></span> <span class='ocrx_word' id='word_1_221' title='bbox 1859 3800 1954 3885; x_wconf 92' lang='lat' dir='ltr'><strong>quod</strong></span> <span class='ocrx_word' id='word_1_222' title='bbox 1979 3798 2093 3865; x_wconf 89' lang='lat' dir='ltr'><strong>omnis</strong></span> <span class='ocrx_word' id='word_1_223' title='bbox 2118 3800 2232 3866; x_wconf 86' lang='lat' dir='ltr'><strong>forma</strong></span> 
     </span>
     <span class='ocr_line' id='line_1_22' title="bbox 751 3913 2233 4001; baseline 0.002 -23"><span class='ocrx_word' id='word_1_224' title='bbox 751 3923 1072 4000; x_wconf 91' lang='lat' dir='ltr'><strong>quantumcumque</strong></span> <span class='ocrx_word' id='word_1_225' title='bbox 1106 3913 1322 4000; x_wconf 89' lang='lat' dir='ltr'><strong>imperfecta,</strong></span> <span class='ocrx_word' id='word_1_226' title='bbox 1354 3914 1384 3981; x_wconf 86' lang='lat' dir='ltr'><strong>si</strong></span> <span class='ocrx_word' id='word_1_227' title='bbox 1420 3916 1615 3982; x_wconf 91' lang='lat' dir='ltr'><strong>secundum</strong></span> <span class='ocrx_word' id='word_1_228' title='bbox 1647 3915 1881 3982; x_wconf 89' lang='lat' dir='ltr'><strong>actualitatem</strong></span> <span class='ocrx_word' id='word_1_229' title='bbox 1913 3938 2017 4001; x_wconf 91' lang='lat' dir='ltr'><strong>quam</strong></span> <span class='ocrx_word' id='word_1_230' title='bbox 2057 3927 2139 3981; x_wconf 90' lang='lat' dir='ltr'><strong>nata</strong></span> <span class='ocrx_word' id='word_1_231' title='bbox 2179 3927 2233 3983; x_wconf 92' lang='lat' dir='ltr'><strong>est</strong></span> 
     </span>
     <span class='ocr_line' id='line_1_23' title="bbox 750 4029 2231 4119; baseline 0.001 -24"><span class='ocrx_word' id='word_1_232' title='bbox 750 4029 880 4096; x_wconf 89' lang='lat' dir='ltr'><strong>habere</strong></span> <span class='ocrx_word' id='word_1_233' title='bbox 903 4030 1098 4097; x_wconf 91' lang='lat' dir='ltr'><strong>secundum</strong></span> <span class='ocrx_word' id='word_1_234' title='bbox 1121 4052 1159 4097; x_wconf 93' lang='lat' dir='ltr'><strong>se</strong></span> <span class='ocrx_word' id='word_1_235' title='bbox 1180 4030 1224 4097; x_wconf 91' lang='lat' dir='ltr'><strong>sit</strong></span> <span class='ocrx_word' id='word_1_236' title='bbox 1244 4031 1279 4096; x_wconf 92' lang='lat' dir='ltr'><strong>in</strong></span> <span class='ocrx_word' id='word_1_237' title='bbox 1304 4032 1456 4112; x_wconf 91' lang='lat' dir='ltr'><strong>materia,</strong></span> <span class='ocrx_word' id='word_1_238' title='bbox 1480 4043 1513 4098; x_wconf 93' lang='lat' dir='ltr'><strong>et</strong></span> <span class='ocrx_word' id='word_1_239' title='bbox 1534 4053 1605 4098; x_wconf 93' lang='lat' dir='ltr'><strong>non</strong></span> <span class='ocrx_word' id='word_1_240' title='bbox 1633 4032 1746 4098; x_wconf 94' lang='lat' dir='ltr'><strong>solum</strong></span> <span class='ocrx_word' id='word_1_241' title='bbox 1770 4032 1814 4098; x_wconf 91' lang='lat' dir='ltr'><strong>sit</strong></span> <span class='ocrx_word' id='word_1_242' title='bbox 1841 4031 1875 4097; x_wconf 92' lang='lat' dir='ltr'><strong>in</strong></span> <span class='ocrx_word' id='word_1_243' title='bbox 1904 4031 1981 4118; x_wconf 89' lang='lat' dir='ltr'><strong>ipsa</strong></span> <span class='ocrx_word' id='word_1_244' title='bbox 2004 4032 2039 4098; x_wconf 91' lang='lat' dir='ltr'><strong>in</strong></span> <span class='ocrx_word' id='word_1_245' title='bbox 2064 4031 2231 4119; x_wconf 86' lang='lat' dir='ltr'><strong>potentia,</strong></span> 
     </span>
     <span class='ocr_line' id='line_1_24' title="bbox 752 4144 2231 4237; baseline 0.001 -25"><span class='ocrx_word' id='word_1_246' title='bbox 752 4146 846 4230; x_wconf 93' lang='lat' dir='ltr'><strong>quod</strong></span> <span class='ocrx_word' id='word_1_247' title='bbox 864 4144 949 4213; x_wconf 83' lang='lat' dir='ltr'><strong>det⁶</strong></span> <span class='ocrx_word' id='word_1_248' title='bbox 973 4146 1138 4213; x_wconf 90' lang='lat' dir='ltr'><strong>materiae</strong></span> <span class='ocrx_word' id='word_1_249' title='bbox 1160 4169 1240 4214; x_wconf 90' lang='lat' dir='ltr'><strong>esse</strong></span> <span class='ocrx_word' id='word_1_250' title='bbox 1264 4146 1472 4234; x_wconf 88' lang='lat' dir='ltr'><strong>simpliciter,</strong></span> <span class='ocrx_word' id='word_1_251' title='bbox 1500 4159 1535 4214; x_wconf 93' lang='lat' dir='ltr'><strong>et</strong></span> <span class='ocrx_word' id='word_1_252' title='bbox 1562 4149 1657 4234; x_wconf 90' lang='lat' dir='ltr'><strong>quod</strong></span> <span class='ocrx_word' id='word_1_253' title='bbox 1681 4148 1882 4214; x_wconf 91' lang='lat' dir='ltr'><strong>huiusmodi</strong></span> <span class='ocrx_word' id='word_1_254' title='bbox 1905 4148 2017 4213; x_wconf 85' lang='lat' dir='ltr'><strong>forma</strong></span> <span class='ocrx_word' id='word_1_255' title='bbox 2041 4148 2075 4214; x_wconf 96' lang='lat' dir='ltr'><strong>in</strong></span> <span class='ocrx_word' id='word_1_256' title='bbox 2099 4170 2231 4237; x_wconf 88' lang='lat' dir='ltr'><strong>genere</strong></span> 
     </span>
     <span class='ocr_line' id='line_1_25' title="bbox 751 4262 2230 4353; baseline 0.003 -26"><span class='ocrx_word' id='word_1_257' title='bbox 751 4262 968 4329; x_wconf 88' lang='lat' dir='ltr'><strong>substantiae</strong></span> <span class='ocrx_word' id='word_1_258' title='bbox 991 4262 1035 4329; x_wconf 87' lang='lat' dir='ltr'><strong>sit</strong></span> <span class='ocrx_word' id='word_1_259' title='bbox 1059 4275 1157 4330; x_wconf 90' lang='lat' dir='ltr'><strong>actus</strong></span> <span class='ocrx_word' id='word_1_260' title='bbox 1182 4275 1217 4331; x_wconf 91' lang='lat' dir='ltr'><strong>et</strong></span> <span class='ocrx_word' id='word_1_261' title='bbox 1240 4265 1352 4330; x_wconf 89' lang='lat' dir='ltr'><strong>forma</strong></span> <span class='ocrx_word' id='word_1_262' title='bbox 1376 4264 1576 4351; x_wconf 87' lang='lat' dir='ltr'><strong>simpliciter</strong></span> <span class='ocrx_word' id='word_1_263' title='bbox 1600 4263 1691 4330; x_wconf 92' lang='lat' dir='ltr'><strong>sicut</strong></span> <span class='ocrx_word' id='word_1_264' title='bbox 1713 4275 1746 4331; x_wconf 92' lang='lat' dir='ltr'><strong>et</strong></span> <span class='ocrx_word' id='word_1_265' title='bbox 1770 4264 1846 4351; x_wconf 86' lang='lat' dir='ltr'><strong>ipsa</strong></span> <span class='ocrx_word' id='word_1_266' title='bbox 1870 4264 2013 4330; x_wconf 86' lang='lat' dir='ltr'><strong>materia</strong></span> <span class='ocrx_word' id='word_1_267' title='bbox 2036 4264 2072 4329; x_wconf 94' lang='lat' dir='ltr'><strong>in</strong></span> <span class='ocrx_word' id='word_1_268' title='bbox 2097 4286 2230 4353; x_wconf 87' lang='lat' dir='ltr'><strong>genere</strong></span> 
     </span>
     <span class='ocr_line' id='line_1_26' title="bbox 750 4369 2232 4467; baseline 0.002 -24"><span class='ocrx_word' id='word_1_269' title='bbox 750 4378 966 4446; x_wconf 87' lang='lat' dir='ltr'><strong>substantiae</strong></span> <span class='ocrx_word' id='word_1_270' title='bbox 989 4390 1043 4446; x_wconf 91' lang='lat' dir='ltr'><strong>est</strong></span> <span class='ocrx_word' id='word_1_271' title='bbox 1066 4380 1224 4466; x_wconf 89' lang='lat' dir='ltr'><strong>potentia</strong></span> <span class='ocrx_word' id='word_1_272' title='bbox 1248 4369 1475 4467; x_wconf 77' lang='lat' dir='ltr'><strong>simpliciter⁰</strong></span> <span class='ocrx_word' id='word_1_273' title='bbox 1499 4391 1532 4447; x_wconf 93' lang='lat' dir='ltr'><strong>et</strong></span> <span class='ocrx_word' id='word_1_274' title='bbox 1557 4392 1683 4447; x_wconf 88' lang='lat' dir='ltr'><strong>cetera.</strong></span> <span class='ocrx_word' id='word_1_275' title='bbox 1708 4381 1752 4447; x_wconf 92' lang='lat' dir='ltr'><strong>Et</strong></span> <span class='ocrx_word' id='word_1_276' title='bbox 1775 4380 1969 4447; x_wconf 89' lang='lat' dir='ltr'><strong>secundum</strong></span> <span class='ocrx_word' id='word_1_277' title='bbox 1993 4383 2064 4448; x_wconf 90' lang='lat' dir='ltr'><strong>hoc</strong></span> <span class='ocrx_word' id='word_1_278' title='bbox 2088 4381 2232 4447; x_wconf 87' lang='lat' dir='ltr'><strong>materia</strong></span> 
     </span>
     <span class='ocr_line' id='line_1_27' title="bbox 750 4494 2232 4584; baseline 0.001 -24"><span class='ocrx_word' id='word_1_279' title='bbox 750 4515 822 4561; x_wconf 93' lang='lat' dir='ltr'><strong>non</strong></span> <span class='ocrx_word' id='word_1_280' title='bbox 838 4494 923 4561; x_wconf 91' lang='lat' dir='ltr'><strong>dicit</strong></span> <span class='ocrx_word' id='word_1_281' title='bbox 938 4494 1067 4581; x_wconf 89' lang='lat' dir='ltr'><strong>aliquid</strong></span> <span class='ocrx_word' id='word_1_282' title='bbox 1093 4496 1301 4562; x_wconf 89' lang='lat' dir='ltr'><strong>actualitatis</strong></span> <span class='ocrx_word' id='word_1_283' title='bbox 1329 4497 1392 4563; x_wconf 91' lang='lat' dir='ltr'><strong>sed</strong></span> <span class='ocrx_word' id='word_1_284' title='bbox 1409 4519 1530 4583; x_wconf 91' lang='lat' dir='ltr'><strong>puram</strong></span> <span class='ocrx_word' id='word_1_285' title='bbox 1559 4497 1773 4583; x_wconf 84' lang='lat' dir='ltr'><strong>potentiam3</strong></span> <span class='ocrx_word' id='word_1_286' title='bbox 1803 4509 1945 4584; x_wconf 87' lang='lat' dir='ltr'><strong>propter</strong></span> <span class='ocrx_word' id='word_1_287' title='bbox 1969 4497 2064 4583; x_wconf 93' lang='lat' dir='ltr'><strong>quod</strong></span> <span class='ocrx_word' id='word_1_288' title='bbox 2088 4520 2131 4564; x_wconf 88' lang='lat' dir='ltr'><strong>ex</strong></span> <span class='ocrx_word' id='word_1_289' title='bbox 2156 4497 2232 4582; x_wconf 90' lang='lat' dir='ltr'><strong>ipsa</strong></span> 
     </span>
     <span class='ocr_line' id='line_1_28' title="bbox 751 4612 2231 4700; baseline 0.001 -24"><span class='ocrx_word' id='word_1_290' title='bbox 751 4630 830 4676; x_wconf 93' lang='lat' dir='ltr'><strong>cum</strong></span> <span class='ocrx_word' id='word_1_291' title='bbox 857 4631 1079 4696; x_wconf 88' lang='lat' dir='ltr'><strong>quacumque</strong></span> <span class='ocrx_word' id='word_1_292' title='bbox 1106 4613 1219 4677; x_wconf 85' lang='lat' dir='ltr'><strong>forma</strong></span> <span class='ocrx_word' id='word_1_293' title='bbox 1246 4612 1465 4678; x_wconf 87' lang='lat' dir='ltr'><strong>substantiali</strong></span> <span class='ocrx_word' id='word_1_294' title='bbox 1496 4613 1533 4678; x_wconf 90' lang='lat' dir='ltr'><strong>fit</strong></span> <span class='ocrx_word' id='word_1_295' title='bbox 1563 4635 1671 4679; x_wconf 92' lang='lat' dir='ltr'><strong>unum</strong></span> <span class='ocrx_word' id='word_1_296' title='bbox 1700 4613 1911 4699; x_wconf 87' lang='lat' dir='ltr'><strong>simpliciter.</strong></span> <span class='ocrx_word' id='word_1_297' title='bbox 1941 4614 2022 4680; x_wconf 93' lang='lat' dir='ltr'><strong>Hoc</strong></span> <span class='ocrx_word' id='word_1_298' title='bbox 2045 4624 2140 4699; x_wconf 91' lang='lat' dir='ltr'><strong>patet</strong></span> <span class='ocrx_word' id='word_1_299' title='bbox 2169 4635 2231 4700; x_wconf 89' lang='lat' dir='ltr'><strong>per</strong></span> 
     </span>
     <span class='ocr_line' id='line_1_29' title="bbox 751 4724 2230 4813; baseline 0.001 -21"><span class='ocrx_word' id='word_1_300' title='bbox 751 4724 1070 4794; x_wconf 86' lang='lat' dir='ltr'><strong>Commentatorem</strong></span> <span class='ocrx_word' id='word_1_301' title='bbox 1088 4730 1135 4813; x_wconf 83' lang='lat' dir='ltr'><strong>(l)</strong></span> <span class='ocrx_word' id='word_1_302' title='bbox 1163 4728 1199 4793; x_wconf 91' lang='lat' dir='ltr'><strong>in</strong></span> <span class='ocrx_word' id='word_1_303' title='bbox 1216 4729 1261 4795; x_wconf 92' lang='lat' dir='ltr'><strong>de</strong></span> <span class='ocrx_word' id='word_1_304' title='bbox 1288 4728 1483 4795; x_wconf 88' lang='lat' dir='ltr'><strong>substantia</strong></span> <span class='ocrx_word' id='word_1_305' title='bbox 1500 4728 1594 4794; x_wconf 90' lang='lat' dir='ltr'><strong>orbis</strong></span> <span class='ocrx_word' id='word_1_306' title='bbox 1611 4729 1806 4796; x_wconf 90' lang='lat' dir='ltr'><strong>dicentem:</strong></span> <span class='ocrx_word' id='word_1_307' title='bbox 1840 4758 1851 4784; x_wconf 68' lang='grc' dir='ltr'><strong>α</strong></span> <span class='ocrx_word' id='word_1_308' title='bbox 1874 4729 2081 4795; x_wconf 87' lang='lat' dir='ltr'><strong>Aristoteles</strong></span> <span class='ocrx_word' id='word_1_309' title='bbox 2098 4729 2230 4794; x_wconf 92' lang='lat' dir='ltr'><strong>invenit</strong></span> 
     </span>
     <span class='ocr_line' id='line_1_30' title="bbox 749 4842 2231 4931; baseline 0.002 -24"><span class='ocrx_word' id='word_1_310' title='bbox 749 4842 1073 4910; x_wconf 87' lang='lat' dir='ltr'><strong>transmutationem</strong></span> <span class='ocrx_word' id='word_1_311' title='bbox 1101 4843 1360 4911; x_wconf 89' lang='lat' dir='ltr'><strong>individuorum</strong></span> <span class='ocrx_word' id='word_1_312' title='bbox 1391 4844 1427 4910; x_wconf 91' lang='lat' dir='ltr'><strong>in</strong></span> <span class='ocrx_word' id='word_1_313' title='bbox 1459 4844 1749 4931; x_wconf 90' lang='lat' dir='ltr'><strong>dispositionibus</strong></span> <span class='ocrx_word' id='word_1_314' title='bbox 1777 4867 1867 4930; x_wconf 91' lang='lat' dir='ltr'><strong>quae</strong></span> <span class='ocrx_word' id='word_1_315' title='bbox 1892 4844 2024 4911; x_wconf 85' lang='lat' dir='ltr'><strong>faciunt</strong></span> <span class='ocrx_word' id='word_1_316' title='bbox 2052 4843 2231 4910; x_wconf 91' lang='lat' dir='ltr'><strong>individua</strong></span> 
     </span>
    </p>
   </div>
   <div class='ocr_carea' id='block_1_3' title="bbox 751 5179 2230 5344">
    <p class='ocr_par' dir='ltr' id='par_1_4' title="bbox 751 5179 2230 5344">
     <span class='ocr_line' id='line_1_31' title="bbox 822 5179 2230 5255; baseline 0.001 -18"><span class='ocrx_word' id='word_1_317' title='bbox 822 5183 831 5215; x_wconf 93' lang='lat'><strong>¹</strong></span> <span class='ocrx_word' id='word_1_318' title='bbox 850 5179 1023 5254; x_wconf 89' lang='lat' dir='ltr'><strong>simpliciter</strong></span> <span class='ocrx_word' id='word_1_319' title='bbox 1041 5184 1110 5238; x_wconf 83' lang='lat' dir='ltr'><strong>add.</strong></span> <span class='ocrx_word' id='word_1_320' title='bbox 1129 5185 1160 5239; x_wconf 92' lang='lat' dir='ltr'><strong>P.</strong></span> <span class='ocrx_word' id='word_1_321' title='bbox 1176 5216 1208 5223; x_wconf 96' lang='lat'>-</span> <span class='ocrx_word' id='word_1_322' title='bbox 1223 5185 1233 5216; x_wconf 84' lang='lat'><strong>²</strong></span> <span class='ocrx_word' id='word_1_323' title='bbox 1252 5202 1307 5239; x_wconf 90' lang='lat' dir='ltr'><strong>om.</strong></span> <span class='ocrx_word' id='word_1_324' title='bbox 1328 5186 1358 5240; x_wconf 87' lang='lat' dir='ltr'><strong>P.</strong></span> <span class='ocrx_word' id='word_1_325' title='bbox 1379 5218 1412 5224; x_wconf 96' lang='lat'><em>-</em></span> <span class='ocrx_word' id='word_1_326' title='bbox 1431 5186 1442 5217; x_wconf 81' lang='lat'><strong>³</strong></span> <span class='ocrx_word' id='word_1_327' title='bbox 1462 5192 1559 5239; x_wconf 90' lang='lat' dir='ltr'><strong>autem</strong></span> <span class='ocrx_word' id='word_1_328' title='bbox 1579 5185 1610 5238; x_wconf 91' lang='lat' dir='ltr'><strong>P.</strong></span> <span class='ocrx_word' id='word_1_329' title='bbox 1632 5217 1665 5224; x_wconf 92' lang='lat'>—</span> <span class='ocrx_word' id='word_1_330' title='bbox 1686 5188 1695 5217; x_wconf 86' lang='lat'>⁴</span> <span class='ocrx_word' id='word_1_331' title='bbox 1715 5184 1756 5239; x_wconf 92' lang='lat' dir='ltr'><strong>ita</strong></span> <span class='ocrx_word' id='word_1_332' title='bbox 1775 5184 1863 5239; x_wconf 90' lang='lat' dir='ltr'><strong>etiam</strong></span> <span class='ocrx_word' id='word_1_333' title='bbox 1878 5216 1908 5225; x_wconf 91' lang='lat'>—</span> <span class='ocrx_word' id='word_1_334' title='bbox 1924 5184 2062 5255; x_wconf 88' lang='lat' dir='ltr'><strong>medium]</strong></span> <span class='ocrx_word' id='word_1_335' title='bbox 2076 5203 2131 5239; x_wconf 86' lang='lat' dir='ltr'><strong>om.</strong></span> <span class='ocrx_word' id='word_1_336' title='bbox 2151 5184 2182 5241; x_wconf 90' lang='lat' dir='ltr'><strong>P.</strong></span> <span class='ocrx_word' id='word_1_337' title='bbox 2197 5216 2230 5226; x_wconf 89' lang='lat'>-</span> 
     </span>
     <span class='ocr_line' id='line_1_32' title="bbox 751 5270 1621 5344; baseline 0.002 -19"><span class='ocrx_word' id='word_1_338' title='bbox 751 5270 762 5303; x_wconf 81' lang='lat'>⁸</span> <span class='ocrx_word' id='word_1_339' title='bbox 774 5270 864 5325; x_wconf 89' lang='lat' dir='ltr'><strong>debet</strong></span> <span class='ocrx_word' id='word_1_340' title='bbox 877 5271 945 5326; x_wconf 79' lang='lat' dir='ltr'><strong>add.</strong></span> <span class='ocrx_word' id='word_1_341' title='bbox 959 5289 1057 5344; x_wconf 85' lang='lat' dir='ltr'><strong>marg.</strong></span> <span class='ocrx_word' id='word_1_342' title='bbox 1071 5272 1101 5325; x_wconf 93' lang='lat' dir='ltr'><strong>P.</strong></span> <span class='ocrx_word' id='word_1_343' title='bbox 1117 5304 1149 5312; x_wconf 95' lang='lat'><em>-</em></span> <span class='ocrx_word' id='word_1_344' title='bbox 1164 5272 1263 5327; x_wconf 79' lang='lat' dir='ltr'><strong>⁶sicut</strong></span> <span class='ocrx_word' id='word_1_345' title='bbox 1278 5305 1311 5312; x_wconf 90' lang='lat'>—</span> <span class='ocrx_word' id='word_1_346' title='bbox 1325 5272 1507 5344; x_wconf 90' lang='lat' dir='ltr'><strong>simpliciter]</strong></span> <span class='ocrx_word' id='word_1_347' title='bbox 1521 5291 1576 5328; x_wconf 90' lang='lat' dir='ltr'><strong>om.</strong></span> <span class='ocrx_word' id='word_1_348' title='bbox 1590 5274 1621 5327; x_wconf 87' lang='lat' dir='ltr'><strong>P.</strong></span> 
     </span>
    </p>
   </div>
   <div class='ocr_carea' id='block_1_4' title="bbox 749 5501 2231 6110">
    <p class='ocr_par' dir='ltr' id='par_1_5' title="bbox 749 5501 2231 6110">
     <span class='ocr_line' id='line_1_33' title="bbox 840 5501 2230 5578; baseline 0.003 -21"><span class='ocrx_word' id='word_1_349' title='bbox 840 5505 879 5569; x_wconf 84' lang='lat' dir='ltr'><strong>(l)</strong></span> <span class='ocrx_word' id='word_1_350' title='bbox 899 5501 1072 5558; x_wconf 80' lang='lat' dir='ltr'><strong>Averrois</strong></span> <span class='ocrx_word' id='word_1_351' title='bbox 1091 5504 1136 5557; x_wconf 91' lang='lat' dir='ltr'><strong>De</strong></span> <span class='ocrx_word' id='word_1_352' title='bbox 1154 5504 1324 5558; x_wconf 81' lang='lat' dir='ltr'><strong>substantia</strong></span> <span class='ocrx_word' id='word_1_353' title='bbox 1344 5505 1431 5572; x_wconf 84' lang='lat' dir='ltr'><strong>orbis,</strong></span> <span class='ocrx_word' id='word_1_354' title='bbox 1451 5522 1475 5560; x_wconf 90' lang='lat' dir='ltr'><strong>c.</strong></span> <span class='ocrx_word' id='word_1_355' title='bbox 1491 5503 1763 5573; x_wconf 74' lang='lat' dir='ltr'><strong>1(Venetiis,15t›o,</strong></span> <span class='ocrx_word' id='word_1_356' title='bbox 1782 5503 1802 5559; x_wconf 83' lang='lat' dir='ltr'><strong>f.</strong></span> <span class='ocrx_word' id='word_1_357' title='bbox 1816 5508 1833 5560; x_wconf 85' lang='lat'><strong>3</strong></span> <span class='ocrx_word' id='word_1_358' title='bbox 1846 5506 1961 5572; x_wconf 76' lang='lat' dir='ltr'><strong>Ra-Rb).</strong></span> <span class='ocrx_word' id='word_1_359' title='bbox 1978 5529 1989 5556; x_wconf 71' lang='grc' dir='ltr'><strong>α</strong></span> <span class='ocrx_word' id='word_1_360' title='bbox 2006 5507 2044 5561; x_wconf 87' lang='lat' dir='ltr'><strong>Et</strong></span> <span class='ocrx_word' id='word_1_361' title='bbox 2062 5506 2130 5561; x_wconf 93' lang='lat' dir='ltr'><strong>dico</strong></span> <span class='ocrx_word' id='word_1_362' title='bbox 2150 5508 2230 5578; x_wconf 94' lang='lat' dir='ltr'><strong>quod</strong></span> 
     </span>
     <span class='ocr_line' id='line_1_34' title="bbox 750 5588 2231 5668; baseline 0.002 -24"><span class='ocrx_word' id='word_1_363' title='bbox 750 5588 952 5645; x_wconf 84' lang='lat' dir='ltr'><strong>Aristoteles...</strong></span> <span class='ocrx_word' id='word_1_364' title='bbox 965 5589 1076 5645; x_wconf 90' lang='lat' dir='ltr'><strong>invenit</strong></span> <span class='ocrx_word' id='word_1_365' title='bbox 1089 5592 1164 5645; x_wconf 89' lang='lat' dir='ltr'><strong>hanc</strong></span> <span class='ocrx_word' id='word_1_366' title='bbox 1177 5593 1450 5647; x_wconf 85' lang='lat' dir='ltr'><strong>transmutationem</strong></span> <span class='ocrx_word' id='word_1_367' title='bbox 1465 5593 1580 5647; x_wconf 92' lang='lat' dir='ltr'><strong>duobus</strong></span> <span class='ocrx_word' id='word_1_368' title='bbox 1594 5592 1706 5647; x_wconf 90' lang='lat' dir='ltr'><strong>modis:</strong></span> <span class='ocrx_word' id='word_1_369' title='bbox 1727 5601 1777 5647; x_wconf 91' lang='lat' dir='ltr'><strong>aut</strong></span> <span class='ocrx_word' id='word_1_370' title='bbox 1795 5594 2068 5650; x_wconf 88' lang='lat' dir='ltr'><strong>transmutationem</strong></span> <span class='ocrx_word' id='word_1_371' title='bbox 2083 5596 2110 5649; x_wconf 92' lang='lat' dir='ltr'><strong>in</strong></span> <span class='ocrx_word' id='word_1_372' title='bbox 2131 5596 2231 5668; x_wconf 92' lang='lat' dir='ltr'><strong>dispo.</strong></span> 
     </span>
     <span class='ocr_line' id='line_1_35' title="bbox 749 5676 2230 5755; baseline 0.005 -22"><span class='ocrx_word' id='word_1_373' title='bbox 749 5676 906 5733; x_wconf 90' lang='lat' dir='ltr'><strong>sitionibus</strong></span> <span class='ocrx_word' id='word_1_374' title='bbox 919 5678 1091 5734; x_wconf 86' lang='lat' dir='ltr'><strong>extrinsecis</strong></span> <span class='ocrx_word' id='word_1_375' title='bbox 1110 5697 1127 5733; x_wconf 89' lang='lat' dir='ltr'><strong>a</strong></span> <span class='ocrx_word' id='word_1_376' title='bbox 1147 5680 1361 5751; x_wconf 89' lang='lat' dir='ltr'><strong>quidditatibus</strong></span> <span class='ocrx_word' id='word_1_377' title='bbox 1380 5681 1609 5736; x_wconf 83' lang='lat' dir='ltr'><strong>substantiarum</strong></span> <span class='ocrx_word' id='word_1_378' title='bbox 1629 5682 1816 5737; x_wconf 84' lang='lat' dir='ltr'><strong>existentium</strong></span> <span class='ocrx_word' id='word_1_379' title='bbox 1836 5702 1889 5755; x_wconf 90' lang='lat' dir='ltr'><strong>per</strong></span> <span class='ocrx_word' id='word_1_380' title='bbox 1908 5703 1940 5739; x_wconf 89' lang='lat' dir='ltr'><strong>se</strong></span> <span class='ocrx_word' id='word_1_381' title='bbox 1993 5693 2043 5739; x_wconf 86' lang='lat' dir='ltr'><strong>aut</strong></span> <span class='ocrx_word' id='word_1_382' title='bbox 2056 5693 2230 5740; x_wconf 89' lang='lat' dir='ltr'><strong>transmuta-</strong></span> 
     </span>
     <span class='ocr_line' id='line_1_36' title="bbox 749 5764 2230 5842; baseline 0.007 -23"><span class='ocrx_word' id='word_1_383' title='bbox 749 5764 859 5820; x_wconf 89' lang='lat' dir='ltr'><strong>tionem</strong></span> <span class='ocrx_word' id='word_1_384' title='bbox 883 5765 912 5820; x_wconf 87' lang='lat' dir='ltr'><strong>in</strong></span> <span class='ocrx_word' id='word_1_385' title='bbox 935 5765 1188 5838; x_wconf 80' lang='lat' dir='ltr'><strong>dispositionibuS,</strong></span> <span class='ocrx_word' id='word_1_386' title='bbox 1211 5785 1286 5839; x_wconf 89' lang='lat' dir='ltr'><strong>quae</strong></span> <span class='ocrx_word' id='word_1_387' title='bbox 1310 5768 1422 5822; x_wconf 86' lang='lat' dir='ltr'><strong>faciunt</strong></span> <span class='ocrx_word' id='word_1_388' title='bbox 1446 5769 1597 5824; x_wconf 88' lang='lat' dir='ltr'><strong>individua</strong></span> <span class='ocrx_word' id='word_1_389' title='bbox 1611 5769 1785 5824; x_wconf 84' lang='lat' dir='ltr'><strong>deferentia</strong></span> <span class='ocrx_word' id='word_1_390' title='bbox 1806 5771 1886 5842; x_wconf 88' lang='lat' dir='ltr'><strong>ipsas</strong></span> <span class='ocrx_word' id='word_1_391' title='bbox 1906 5774 2092 5827; x_wconf 87' lang='lat' dir='ltr'><strong>transmutari</strong></span> <span class='ocrx_word' id='word_1_392' title='bbox 2112 5774 2230 5829; x_wconf 89' lang='lat' dir='ltr'><strong>nomine</strong></span> 
     </span>
     <span class='ocr_line' id='line_1_37' title="bbox 750 5852 2230 5930; baseline 0.006 -23"><span class='ocrx_word' id='word_1_393' title='bbox 750 5860 780 5907; x_wconf 92' lang='lat' dir='ltr'><strong>et</strong></span> <span class='ocrx_word' id='word_1_394' title='bbox 801 5852 992 5910; x_wconf 87' lang='lat' dir='ltr'><strong>definitione:</strong></span> <span class='ocrx_word' id='word_1_395' title='bbox 1015 5871 1091 5925; x_wconf 85' lang='lat' dir='ltr'><strong>quae</strong></span> <span class='ocrx_word' id='word_1_396' title='bbox 1113 5857 1317 5910; x_wconf 87' lang='lat' dir='ltr'><strong>transmutatio</strong></span> <span class='ocrx_word' id='word_1_397' title='bbox 1341 5856 1447 5911; x_wconf 86' lang='lat' dir='ltr'><strong>dicitur</strong></span> <span class='ocrx_word' id='word_1_398' title='bbox 1469 5858 1631 5926; x_wconf 65' lang='lat' dir='ltr'><strong>generatio</strong></span> <span class='ocrx_word' id='word_1_399' title='bbox 1654 5868 1684 5912; x_wconf 88' lang='lat' dir='ltr'><strong>et</strong></span> <span class='ocrx_word' id='word_1_400' title='bbox 1707 5859 1894 5930; x_wconf 86' lang='lat' dir='ltr'><strong>corruptio</strong></span> <span class='ocrx_word' id='word_1_401' title='bbox 1918 5860 2064 5915; x_wconf 87' lang='lat' dir='ltr'><strong>Differunt</strong></span> <span class='ocrx_word' id='word_1_402' title='bbox 2084 5871 2180 5916; x_wconf 84' lang='lat' dir='ltr'><strong>autem</strong></span> <span class='ocrx_word' id='word_1_403' title='bbox 2201 5862 2230 5916; x_wconf 92' lang='lat' dir='ltr'><strong>in</strong></span> 
     </span>
     <span class='ocr_line' id='line_1_38' title="bbox 749 5940 2229 6018; baseline 0.007 -24"><span class='ocrx_word' id='word_1_404' title='bbox 749 5940 815 6007; x_wconf 90' lang='lat' dir='ltr'><strong>hoc,</strong></span> <span class='ocrx_word' id='word_1_405' title='bbox 828 5942 968 6013; x_wconf 89' lang='lat' dir='ltr'><strong>quoniam</strong></span> <span class='ocrx_word' id='word_1_406' title='bbox 981 5941 1092 5996; x_wconf 90' lang='lat' dir='ltr'><strong>invenit</strong></span> <span class='ocrx_word' id='word_1_407' title='bbox 1105 5944 1378 5998; x_wconf 88' lang='lat' dir='ltr'><strong>transmutationem</strong></span> <span class='ocrx_word' id='word_1_408' title='bbox 1392 5944 1609 6000; x_wconf 88' lang='lat' dir='ltr'><strong>individuorum</strong></span> <span class='ocrx_word' id='word_1_409' title='bbox 1623 5945 1652 5999; x_wconf 91' lang='lat' dir='ltr'><strong>in</strong></span> <span class='ocrx_word' id='word_1_410' title='bbox 1666 5946 1727 6001; x_wconf 91' lang='lat' dir='ltr'><strong>suis</strong></span> <span class='ocrx_word' id='word_1_411' title='bbox 1747 5947 1919 6001; x_wconf 84' lang='lat' dir='ltr'><strong>substantiis</strong></span> <span class='ocrx_word' id='word_1_412' title='bbox 1942 5966 2049 6018; x_wconf 82' lang='lat' dir='ltr'><strong>cogere</strong></span> <span class='ocrx_word' id='word_1_413' title='bbox 2064 5949 2229 6004; x_wconf 87' lang='lat' dir='ltr'><strong>subiectum</strong></span> 
     </span>
     <span class='ocr_line' id='line_1_39' title="bbox 749 6028 2229 6110; baseline 0.006 -27"><span class='ocrx_word' id='word_1_414' title='bbox 749 6045 809 6084; x_wconf 90' lang='lat' dir='ltr'><strong>non</strong></span> <span class='ocrx_word' id='word_1_415' title='bbox 822 6045 889 6084; x_wconf 85' lang='lat' dir='ltr'><strong>esse</strong></span> <span class='ocrx_word' id='word_1_416' title='bbox 902 6047 955 6084; x_wconf 88' lang='lat' dir='ltr'><strong>ens</strong></span> <span class='ocrx_word' id='word_1_417' title='bbox 967 6028 997 6085; x_wconf 91' lang='lat' dir='ltr'><strong>iu</strong></span> <span class='ocrx_word' id='word_1_418' title='bbox 1010 6037 1086 6098; x_wconf 90' lang='lat' dir='ltr'><strong>actu,</strong></span> <span class='ocrx_word' id='word_1_419' title='bbox 1100 6038 1130 6085; x_wconf 91' lang='lat' dir='ltr'><strong>et</strong></span> <span class='ocrx_word' id='word_1_420' title='bbox 1143 6048 1201 6085; x_wconf 91' lang='lat' dir='ltr'><strong>non</strong></span> <span class='ocrx_word' id='word_1_421' title='bbox 1215 6031 1323 6086; x_wconf 90' lang='lat' dir='ltr'><strong>habere</strong></span> <span class='ocrx_word' id='word_1_422' title='bbox 1338 6031 1471 6102; x_wconf 83' lang='lat' dir='ltr'><strong>formam,</strong></span> <span class='ocrx_word' id='word_1_423' title='bbox 1491 6052 1549 6106; x_wconf 86' lang='lat' dir='ltr'><strong>qua</strong></span> <span class='ocrx_word' id='word_1_424' title='bbox 1568 6033 1788 6089; x_wconf 83' lang='lat' dir='ltr'><strong>substantiatur.</strong></span> <span class='ocrx_word' id='word_1_425' title='bbox 1809 6035 1839 6088; x_wconf 85' lang='lat' dir='ltr'><strong>Si</strong></span> <span class='ocrx_word' id='word_1_426' title='bbox 1860 6035 1936 6090; x_wconf 91' lang='lat' dir='ltr'><strong>enim</strong></span> <span class='ocrx_word' id='word_1_427' title='bbox 1955 6037 2078 6110; x_wconf 83' lang='lat' dir='ltr'><strong>haberet</strong></span> <span class='ocrx_word' id='word_1_428' title='bbox 2097 6037 2229 6106; x_wconf 81' lang='lat' dir='ltr'><strong>sormam,</strong></span> 
     </span>
    </p>
   </div>
   <div class='ocr_carea' id='block_1_5' title="bbox 0 0 3354 7992">
    <p class='ocr_par' dir='ltr' id='par_1_6' title="bbox 0 0 3354 7992">
     <span class='ocr_line' id='line_1_40' title="bbox 0 0 3354 7992; baseline 0 0"><span class='ocrx_word' id='word_1_429' title='bbox 0 0 3354 7992; x_wconf 95' lang='lat' dir='ltr'><strong> </strong></span> 
     </span>
    </p>
   </div>
  </div>
 </body>
</html>
