<?xml version="1.0" encoding="UTF-8"?>
<!DOCTYPE html PUBLIC "-//W3C//DTD XHTML 1.0 Transitional//EN"
    "http://www.w3.org/TR/xhtml1/DTD/xhtml1-transitional.dtd">
<html xmlns="http://www.w3.org/1999/xhtml" xml:lang="en" lang="en">
 <head>
  <title>
</title>
<meta http-equiv="Content-Type" content="text/html;charset=utf-8" />
  <meta name='ocr-system' content='tesseract 3.04.00' />
  <meta name='ocr-capabilities' content='ocr_page ocr_carea ocr_par ocr_line ocrx_word'/>
</head>
<body>
  <div class='ocr_page' id='page_1' title='image "./lesquatrepremie00wulfgoog_0045.png"; bbox 0 0 6700 7992; ppageno 0'>
   <div class='ocr_carea' id='block_1_1' title="bbox 1336 1336 2396 1541">
    <p class='ocr_par' dir='ltr' id='par_1_1' title="bbox 1336 1336 2396 1541">
     <span class='ocr_line' id='line_1_1' title="bbox 2293 1336 2311 1393; baseline 0 0"><span class='ocrx_word' id='word_1_1' title='bbox 2293 1336 2311 1393; x_wconf 75' lang='lat' dir='ltr'><em>s</em></span> 
     </span>
     <span class='ocr_line' id='line_1_2' title="bbox 1336 1468 2396 1541; baseline -0.008 -15"><span class='ocrx_word' id='word_1_2' title='bbox 1336 1472 1489 1527; x_wconf 81' lang='lat' dir='ltr'>PRlMUM</span> <span class='ocrx_word' id='word_1_3' title='bbox 1519 1470 1819 1541; x_wconf 78' lang='lat' dir='ltr'>Quoumssarun,</span> <span class='ocrx_word' id='word_1_4' title='bbox 1848 1470 1884 1540; x_wconf 83' lang='lat' dir='ltr'>Q.</span> <span class='ocrx_word' id='word_1_5' title='bbox 1913 1468 1982 1521; x_wconf 86' lang='lat' dir='ltr'>vru</span> <span class='ocrx_word' id='word_1_6' title='bbox 2367 1470 2396 1519; x_wconf 79' lang='lat'>2¹</span> 
     </span>
    </p>
   </div>
   <div class='ocr_carea' id='block_1_2' title="bbox 927 1644 2402 2087">
    <p class='ocr_par' dir='ltr' id='par_1_2' title="bbox 927 1644 2402 2087">
     <span class='ocr_line' id='line_1_3' title="bbox 1017 1644 2401 1734; baseline -0.007 -15"><span class='ocrx_word' id='word_1_7' title='bbox 1017 1655 1212 1732; x_wconf 86' lang='lat' dir='ltr'>Praeterea,</span> <span class='ocrx_word' id='word_1_8' title='bbox 1237 1653 1282 1717; x_wconf 93' lang='lat' dir='ltr'>de</span> <span class='ocrx_word' id='word_1_9' title='bbox 1306 1651 1440 1716; x_wconf 86' lang='lat' dir='ltr'>ratione</span> <span class='ocrx_word' id='word_1_10' title='bbox 1464 1649 1567 1716; x_wconf 88' lang='lat' dir='ltr'>activi</span> <span class='ocrx_word' id='word_1_11' title='bbox 1590 1662 1644 1716; x_wconf 89' lang='lat' dir='ltr'>est</span> <span class='ocrx_word' id='word_1_12' title='bbox 1667 1651 1762 1734; x_wconf 93' lang='lat' dir='ltr'>quod</span> <span class='ocrx_word' id='word_1_13' title='bbox 1786 1647 2044 1714; x_wconf 90' lang='lat' dir='ltr'>similitudinem</span> <span class='ocrx_word' id='word_1_14' title='bbox 2068 1667 2166 1712; x_wconf 88' lang='lat' dir='ltr'>suam</span> <span class='ocrx_word' id='word_1_15' title='bbox 2192 1644 2342 1713; x_wconf 90' lang='lat' dir='ltr'>efficiat¹</span> <span class='ocrx_word' id='word_1_16' title='bbox 2366 1645 2401 1710; x_wconf 93' lang='lat' dir='ltr'>in</span> 
     </span>
     <span class='ocr_line' id='line_1_4' title="bbox 929 1760 2402 1856; baseline -0.007 -21"><span class='ocrx_word' id='word_1_17' title='bbox 929 1769 1072 1856; x_wconf 88' lang='lat' dir='ltr'>passivo</span> <span class='ocrx_word' id='word_1_18' title='bbox 1089 1790 1152 1855; x_wconf 90' lang='lat' dir='ltr'>per</span> <span class='ocrx_word' id='word_1_19' title='bbox 1171 1789 1274 1853; x_wconf 93' lang='lat' dir='ltr'>quam</span> <span class='ocrx_word' id='word_1_20' title='bbox 1292 1766 1468 1852; x_wconf 89' lang='lat' dir='ltr'>passivum</span> <span class='ocrx_word' id='word_1_21' title='bbox 1486 1767 1696 1832; x_wconf 82' lang='lat' dir='ltr'>assimilatur</span> <span class='ocrx_word' id='word_1_22' title='bbox 1711 1765 1850 1853; x_wconf 88' lang='lat' dir='ltr'>agenti:</span> <span class='ocrx_word' id='word_1_23' title='bbox 1876 1763 2040 1850; x_wconf 88' lang='lat' dir='ltr'>quicquid</span> <span class='ocrx_word' id='word_1_24' title='bbox 2065 1762 2156 1828; x_wconf 90' lang='lat' dir='ltr'>enim</span> <span class='ocrx_word' id='word_1_25' title='bbox 2182 1761 2228 1842; x_wconf 85' lang='lat' dir='ltr'>stt,</span> <span class='ocrx_word' id='word_1_26' title='bbox 2246 1761 2283 1826; x_wconf 84' lang='lat' dir='ltr'>fit</span> <span class='ocrx_word' id='word_1_27' title='bbox 2298 1783 2319 1825; x_wconf 94' lang='lat' dir='ltr'>a</span> <span class='ocrx_word' id='word_1_28' title='bbox 2336 1760 2402 1825; x_wconf 90' lang='lat' dir='ltr'>sibi</span> 
     </span>
     <span class='ocr_line' id='line_1_5' title="bbox 927 1875 2402 1968; baseline -0.006 -17"><span class='ocrx_word' id='word_1_29' title='bbox 927 1885 1038 1952; x_wconf 86' lang='lat' dir='ltr'>simili.</span> <span class='ocrx_word' id='word_1_30' title='bbox 1064 1885 1204 1951; x_wconf 84' lang='lat' dir='ltr'>Sedde</span> <span class='ocrx_word' id='word_1_31' title='bbox 1229 1883 1287 1949; x_wconf 92' lang='lat' dir='ltr'>illo</span> <span class='ocrx_word' id='word_1_32' title='bbox 1311 1884 1406 1968; x_wconf 93' lang='lat' dir='ltr'>quod</span> <span class='ocrx_word' id='word_1_33' title='bbox 1431 1894 1483 1949; x_wconf 90' lang='lat' dir='ltr'>est</span> <span class='ocrx_word' id='word_1_34' title='bbox 1507 1905 1613 1948; x_wconf 90' lang='lat' dir='ltr'>unum</span> <span class='ocrx_word' id='word_1_35' title='bbox 1640 1892 1674 1948; x_wconf 92' lang='lat' dir='ltr'>et</span> <span class='ocrx_word' id='word_1_36' title='bbox 1697 1882 1788 1947; x_wconf 89' lang='lat' dir='ltr'>idem</span> <span class='ocrx_word' id='word_1_37' title='bbox 1813 1882 2007 1948; x_wconf 85' lang='lat' dir='ltr'>secundum</span> <span class='ocrx_word' id='word_1_38' title='bbox 2024 1902 2096 1947; x_wconf 86' lang='lat' dir='ltr'>rem</span> <span class='ocrx_word' id='word_1_39' title='bbox 2113 1900 2185 1943; x_wconf 94' lang='lat' dir='ltr'>non</span> <span class='ocrx_word' id='word_1_40' title='bbox 2201 1887 2318 1963; x_wconf 86' lang='lat' dir='ltr'>potest</span> <span class='ocrx_word' id='word_1_41' title='bbox 2334 1875 2402 1943; x_wconf 89' lang='lat' dir='ltr'>dici</span> 
     </span>
     <span class='ocr_line' id='line_1_6' title="bbox 929 1998 1483 2087; baseline -0.007 -20"><span class='ocrx_word' id='word_1_42' title='bbox 929 2002 1024 2087; x_wconf 91' lang='lat' dir='ltr'>quod</span> <span class='ocrx_word' id='word_1_43' title='bbox 1041 2023 1079 2066; x_wconf 91' lang='lat' dir='ltr'>se</span> <span class='ocrx_word' id='word_1_44' title='bbox 1096 2000 1209 2086; x_wconf 91' lang='lat' dir='ltr'>ipsum</span> <span class='ocrx_word' id='word_1_45' title='bbox 1227 1999 1293 2065; x_wconf 88' lang='lat' dir='ltr'>sibi</span> <span class='ocrx_word' id='word_1_46' title='bbox 1305 1998 1483 2065; x_wconf 73' lang='lat' dir='ltr'>assimilet.</span> 
     </span>
    </p>
   </div>
   <div class='ocr_carea' id='block_1_3' title="bbox 1488 2465 1842 2548">
    <p class='ocr_par' dir='ltr' id='par_1_3' title="bbox 1488 2465 1842 2548">
     <span class='ocr_line' id='line_1_7' title="bbox 1488 2465 1842 2548; baseline -0.011 -16"><span class='ocrx_word' id='word_1_47' title='bbox 1488 2465 1730 2548; x_wconf 72' lang='lat' dir='ltr'>Quaestio</span> <span class='ocrx_word' id='word_1_48' title='bbox 1757 2465 1842 2529; x_wconf 88' lang='lat' dir='ltr'>vm.</span> 
     </span>
    </p>
   </div>
   <div class='ocr_carea' id='block_1_4' title="bbox 1032 2696 2304 2798">
    <p class='ocr_par' dir='ltr' id='par_1_4' title="bbox 1032 2696 2304 2798">
     <span class='ocr_line' id='line_1_8' title="bbox 1032 2696 2304 2798; baseline -0.005 -20"><span class='ocrx_word' id='word_1_49' title='bbox 1032 2702 1176 2778; x_wconf 83' lang='lat' dir='ltr'><em>Utrum</em></span> <span class='ocrx_word' id='word_1_50' title='bbox 1198 2698 1418 2775; x_wconf 80' lang='lat' dir='ltr'>intellectus</span> <span class='ocrx_word' id='word_1_51' title='bbox 1431 2699 1563 2797; x_wconf 77' lang='lat' dir='ltr'><em>possit</em></span> <span class='ocrx_word' id='word_1_52' title='bbox 1579 2698 1703 2773; x_wconf 85' lang='lat' dir='ltr'>simul</span> <span class='ocrx_word' id='word_1_53' title='bbox 1726 2696 1948 2798; x_wconf 77' lang='lat' dir='ltr'>intelligere</span> <span class='ocrx_word' id='word_1_54' title='bbox 1963 2699 2088 2798; x_wconf 78' lang='lat' dir='ltr'>pluro</span> <span class='ocrx_word' id='word_1_55' title='bbox 2109 2704 2155 2772; x_wconf 83' lang='lat' dir='ltr'>ut</span> <span class='ocrx_word' id='word_1_56' title='bbox 2167 2699 2304 2798; x_wconf 77' lang='lat' dir='ltr'>plura.</span> 
     </span>
    </p>
   </div>
   <div class='ocr_carea' id='block_1_5' title="bbox 927 3053 2428 4527">
    <p class='ocr_par' dir='ltr' id='par_1_5' title="bbox 927 3053 2405 4067">
     <span class='ocr_line' id='line_1_9' title="bbox 1017 3053 2403 3139; baseline -0.001 -19"><span class='ocrx_word' id='word_1_57' title='bbox 1017 3057 1145 3120; x_wconf 88' lang='lat' dir='ltr'>Postea</span> <span class='ocrx_word' id='word_1_58' title='bbox 1173 3056 1404 3139; x_wconf 77' lang='lat' dir='ltr'>quaerebatur</span> <span class='ocrx_word' id='word_1_59' title='bbox 1435 3055 1593 3119; x_wconf 89' lang='lat' dir='ltr'>secundo</span> <span class='ocrx_word' id='word_1_60' title='bbox 1609 3053 1629 3132; x_wconf 83' lang='lat'>²,</span> <span class='ocrx_word' id='word_1_61' title='bbox 1660 3066 1771 3118; x_wconf 88' lang='lat' dir='ltr'>utrum</span> <span class='ocrx_word' id='word_1_62' title='bbox 1803 3053 1999 3119; x_wconf 87' lang='lat' dir='ltr'>intellectus</span> <span class='ocrx_word' id='word_1_63' title='bbox 2033 3054 2144 3139; x_wconf 87' lang='lat' dir='ltr'>possit</span> <span class='ocrx_word' id='word_1_64' title='bbox 2175 3053 2276 3118; x_wconf 89' lang='lat' dir='ltr'>simul</span> <span class='ocrx_word' id='word_1_65' title='bbox 2307 3053 2403 3120; x_wconf 90' lang='lat' dir='ltr'>intel-</span> 
     </span>
     <span class='ocr_line' id='line_1_10' title="bbox 928 3170 2405 3259; baseline -0.001 -22"><span class='ocrx_word' id='word_1_66' title='bbox 928 3172 1033 3259; x_wconf 83' lang='lat' dir='ltr'><strong>ligere</strong></span> <span class='ocrx_word' id='word_1_67' title='bbox 1063 3172 1159 3257; x_wconf 87' lang='lat' dir='ltr'>plura</span> <span class='ocrx_word' id='word_1_68' title='bbox 1187 3182 1224 3235; x_wconf 92' lang='lat' dir='ltr'>ut</span> <span class='ocrx_word' id='word_1_69' title='bbox 1251 3172 1359 3255; x_wconf 89' lang='lat' dir='ltr'>plura.</span> <span class='ocrx_word' id='word_1_70' title='bbox 1388 3170 1430 3234; x_wconf 88' lang='lat' dir='ltr'>Et</span> <span class='ocrx_word' id='word_1_71' title='bbox 1459 3170 1612 3257; x_wconf 85' lang='lat' dir='ltr'>arguitur</span> <span class='ocrx_word' id='word_1_72' title='bbox 1639 3171 1734 3254; x_wconf 91' lang='lat' dir='ltr'>quod</span> <span class='ocrx_word' id='word_1_73' title='bbox 1763 3170 1823 3247; x_wconf 86' lang='lat' dir='ltr'>sic,</span> <span class='ocrx_word' id='word_1_74' title='bbox 1849 3170 1928 3255; x_wconf 90' lang='lat' dir='ltr'>quia</span> <span class='ocrx_word' id='word_1_75' title='bbox 1952 3170 2042 3235; x_wconf 89' lang='lat' dir='ltr'>sicut</span> <span class='ocrx_word' id='word_1_76' title='bbox 2066 3192 2104 3236; x_wconf 90' lang='lat' dir='ltr'>se</span> <span class='ocrx_word' id='word_1_77' title='bbox 2134 3172 2240 3235; x_wconf 92' lang='lat' dir='ltr'>habet</span> <span class='ocrx_word' id='word_1_78' title='bbox 2263 3171 2405 3236; x_wconf 91' lang='lat' dir='ltr'>materia</span> 
     </span>
     <span class='ocr_line' id='line_1_11' title="bbox 928 3284 2403 3372; baseline -0.001 -21"><span class='ocrx_word' id='word_1_79' title='bbox 928 3287 1038 3372; x_wconf 85' lang='lat' dir='ltr'>prima</span> <span class='ocrx_word' id='word_1_80' title='bbox 1055 3298 1217 3371; x_wconf 85' lang='lat' dir='ltr'>respectu</span> <span class='ocrx_word' id='word_1_81' title='bbox 1235 3284 1512 3351; x_wconf 83' lang='lat' dir='ltr'>substantialium</span> <span class='ocrx_word' id='word_1_82' title='bbox 1538 3286 1724 3350; x_wconf 86' lang='lat' dir='ltr'>formarum</span> <span class='ocrx_word' id='word_1_83' title='bbox 1750 3284 1986 3365; x_wconf 85' lang='lat' dir='ltr'>materialium,</span> <span class='ocrx_word' id='word_1_84' title='bbox 2004 3285 2051 3350; x_wconf 92' lang='lat' dir='ltr'>ita</span> <span class='ocrx_word' id='word_1_85' title='bbox 2074 3284 2269 3351; x_wconf 81' lang='lat' dir='ltr'>intellectus</span> <span class='ocrx_word' id='word_1_86' title='bbox 2294 3285 2403 3371; x_wconf 90' lang='lat' dir='ltr'>possi-</span> 
     </span>
     <span class='ocr_line' id='line_1_12' title="bbox 927 3400 2404 3488; baseline -0.001 -20"><span class='ocrx_word' id='word_1_87' title='bbox 927 3403 1005 3468; x_wconf 92' lang='lat' dir='ltr'>bilis</span> <span class='ocrx_word' id='word_1_88' title='bbox 1034 3413 1195 3487; x_wconf 85' lang='lat' dir='ltr'>respectu</span> <span class='ocrx_word' id='word_1_89' title='bbox 1224 3401 1438 3466; x_wconf 85' lang='lat' dir='ltr'>formarum³</span> <span class='ocrx_word' id='word_1_90' title='bbox 1465 3400 1739 3488; x_wconf 84' lang='lat' dir='ltr'>intelligibilium.</span> <span class='ocrx_word' id='word_1_91' title='bbox 1771 3401 1842 3466; x_wconf 87' lang='lat' dir='ltr'>Sed</span> <span class='ocrx_word' id='word_1_92' title='bbox 1873 3401 2016 3465; x_wconf 91' lang='lat' dir='ltr'>materia</span> <span class='ocrx_word' id='word_1_93' title='bbox 2045 3401 2154 3486; x_wconf 90' lang='lat' dir='ltr'>prima</span> <span class='ocrx_word' id='word_1_94' title='bbox 2181 3412 2298 3486; x_wconf 90' lang='lat' dir='ltr'>potest</span> <span class='ocrx_word' id='word_1_95' title='bbox 2325 3423 2404 3466; x_wconf 89' lang='lat' dir='ltr'>esse</span> 
     </span>
     <span class='ocr_line' id='line_1_13' title="bbox 928 3516 2404 3603; baseline -0.001 -19"><span class='ocrx_word' id='word_1_96' title='bbox 928 3519 1028 3584; x_wconf 90' lang='lat' dir='ltr'>simul</span> <span class='ocrx_word' id='word_1_97' title='bbox 1057 3530 1092 3583; x_wconf 92' lang='lat' dir='ltr'>et</span> <span class='ocrx_word' id='word_1_98' title='bbox 1119 3518 1153 3582; x_wconf 91' lang='lat' dir='ltr'>in</span> <span class='ocrx_word' id='word_1_99' title='bbox 1179 3529 1257 3583; x_wconf 90' lang='lat' dir='ltr'>actu</span> <span class='ocrx_word' id='word_1_100' title='bbox 1283 3518 1348 3581; x_wconf 91' lang='lat' dir='ltr'>sub</span> <span class='ocrx_word' id='word_1_101' title='bbox 1373 3516 1491 3581; x_wconf 84' lang='lat' dir='ltr'>formis</span> <span class='ocrx_word' id='word_1_102' title='bbox 1516 3516 1673 3601; x_wconf 88' lang='lat' dir='ltr'>pluribus</span> <span class='ocrx_word' id='word_1_103' title='bbox 1698 3516 1994 3596; x_wconf 83' lang='lat' dir='ltr'>substantialibus,</span> <span class='ocrx_word' id='word_1_104' title='bbox 2012 3517 2205 3582; x_wconf 87' lang='lat' dir='ltr'>secundum</span> <span class='ocrx_word' id='word_1_105' title='bbox 2230 3527 2404 3603; x_wconf 89' lang='lat' dir='ltr'>ponentes</span> 
     </span>
     <span class='ocr_line' id='line_1_14' title="bbox 928 3631 2404 3722; baseline 0 -24"><span class='ocrx_word' id='word_1_106' title='bbox 928 3636 1058 3722; x_wconf 89' lang='lat' dir='ltr'>gradus</span> <span class='ocrx_word' id='word_1_107' title='bbox 1076 3633 1109 3698; x_wconf 90' lang='lat' dir='ltr'>in</span> <span class='ocrx_word' id='word_1_108' title='bbox 1127 3633 1247 3699; x_wconf 86' lang='lat' dir='ltr'>formis</span> <span class='ocrx_word' id='word_1_109' title='bbox 1272 3636 1329 3715; x_wconf 85' lang='lat' dir='ltr'>(l).</span> <span class='ocrx_word' id='word_1_110' title='bbox 1348 3631 1441 3720; x_wconf 87' lang='lat' dir='ltr'>Ergo</span> <span class='ocrx_word' id='word_1_111' title='bbox 1467 3632 1620 3697; x_wconf 88' lang='lat' dir='ltr'>similiter</span> <span class='ocrx_word' id='word_1_112' title='bbox 1644 3631 1840 3697; x_wconf 88' lang='lat' dir='ltr'>intellectus</span> <span class='ocrx_word' id='word_1_113' title='bbox 1865 3632 2041 3717; x_wconf 85' lang='lat' dir='ltr'>possibilis</span> <span class='ocrx_word' id='word_1_114' title='bbox 2066 3632 2193 3718; x_wconf 91' lang='lat' dir='ltr'>poterit</span> <span class='ocrx_word' id='word_1_115' title='bbox 2209 3654 2286 3698; x_wconf 91' lang='lat' dir='ltr'>esse</span> <span class='ocrx_word' id='word_1_116' title='bbox 2303 3633 2404 3698; x_wconf 86' lang='lat' dir='ltr'>simul</span> 
     </span>
     <span class='ocr_line' id='line_1_15' title="bbox 928 3746 2402 3842; baseline 0 -28"><span class='ocrx_word' id='word_1_117' title='bbox 928 3760 962 3814; x_wconf 91' lang='lat' dir='ltr'>et</span> <span class='ocrx_word' id='word_1_118' title='bbox 986 3750 1019 3814; x_wconf 90' lang='lat' dir='ltr'>in</span> <span class='ocrx_word' id='word_1_119' title='bbox 1045 3761 1124 3815; x_wconf 88' lang='lat' dir='ltr'>actu</span> <span class='ocrx_word' id='word_1_120' title='bbox 1150 3749 1305 3834; x_wconf 86' lang='lat' dir='ltr'>pluribus</span> <span class='ocrx_word' id='word_1_121' title='bbox 1329 3747 1448 3812; x_wconf 86' lang='lat' dir='ltr'>formis</span> <span class='ocrx_word' id='word_1_122' title='bbox 1473 3746 1758 3842; x_wconf 79' lang='lat' dir='ltr'>intelligibilibus</span> <span class='ocrx_word' id='word_1_123' title='bbox 1772 3748 1984 3813; x_wconf 80' lang='lat' dir='ltr'>informatus.</span> <span class='ocrx_word' id='word_1_124' title='bbox 2001 3748 2073 3814; x_wconf 87' lang='lat' dir='ltr'>Sed</span> <span class='ocrx_word' id='word_1_125' title='bbox 2090 3770 2170 3814; x_wconf 90' lang='lat' dir='ltr'>cum</span> <span class='ocrx_word' id='word_1_126' title='bbox 2185 3759 2238 3815; x_wconf 90' lang='lat' dir='ltr'>est</span> <span class='ocrx_word' id='word_1_127' title='bbox 2261 3749 2297 3813; x_wconf 93' lang='lat' dir='ltr'>in</span> <span class='ocrx_word' id='word_1_128' title='bbox 2322 3760 2402 3815; x_wconf 90' lang='lat' dir='ltr'>actu</span> 
     </span>
     <span class='ocr_line' id='line_1_16' title="bbox 928 3862 2404 3953; baseline 0 -24"><span class='ocrx_word' id='word_1_129' title='bbox 928 3867 1122 3931; x_wconf 86' lang='lat' dir='ltr'>secundum</span> <span class='ocrx_word' id='word_1_130' title='bbox 1147 3865 1296 3949; x_wconf 86' lang='lat' dir='ltr'>aliquam</span> <span class='ocrx_word' id='word_1_131' title='bbox 1328 3864 1474 3928; x_wconf 88' lang='lat' dir='ltr'>formam</span> <span class='ocrx_word' id='word_1_132' title='bbox 1499 3862 1758 3950; x_wconf 89' lang='lat' dir='ltr'>intelligibilem,</span> <span class='ocrx_word' id='word_1_133' title='bbox 1784 3864 1979 3929; x_wconf 88' lang='lat' dir='ltr'>secundum</span> <span class='ocrx_word' id='word_1_134' title='bbox 2004 3863 2094 3928; x_wconf 86' lang='lat' dir='ltr'>illam</span> <span class='ocrx_word' id='word_1_135' title='bbox 2119 3863 2285 3953; x_wconf 87' lang='lat' dir='ltr'>intelligit.</span> <span class='ocrx_word' id='word_1_136' title='bbox 2312 3864 2404 3953; x_wconf 89' lang='lat' dir='ltr'>Ergo</span> 
     </span>
     <span class='ocr_line' id='line_1_17' title="bbox 928 3978 1339 4067; baseline -0.005 -21"><span class='ocrx_word' id='word_1_137' title='bbox 928 3980 1029 4046; x_wconf 91' lang='lat' dir='ltr'>simul</span> <span class='ocrx_word' id='word_1_138' title='bbox 1046 3982 1152 4045; x_wconf 88' lang='lat' dir='ltr'>multa</span> <span class='ocrx_word' id='word_1_139' title='bbox 1172 3978 1339 4067; x_wconf 84' lang='lat' dir='ltr'>intelligit.</span> 
     </span>
    </p>

    <p class='ocr_par' dir='ltr' id='par_1_6' title="bbox 928 4093 2428 4298">
     <span class='ocr_line' id='line_1_18' title="bbox 1017 4093 2428 4184; baseline -0.001 -22"><span class='ocrx_word' id='word_1_140' title='bbox 1017 4095 1237 4162; x_wconf 88' lang='lat' dir='ltr'>Contrarium</span> <span class='ocrx_word' id='word_1_141' title='bbox 1263 4095 1408 4173; x_wconf 87' lang='lat' dir='ltr'>videtur,</span> <span class='ocrx_word' id='word_1_142' title='bbox 1434 4094 1515 4179; x_wconf 94' lang='lat' dir='ltr'>quia</span> <span class='ocrx_word' id='word_1_143' title='bbox 1549 4093 1630 4159; x_wconf 82' lang='lat' dir='ltr'>dicit</span> <span class='ocrx_word' id='word_1_144' title='bbox 1656 4095 1892 4180; x_wconf 83' lang='lat' dir='ltr'>Philosophus</span> <span class='ocrx_word' id='word_1_145' title='bbox 1909 4097 1955 4178; x_wconf 76' lang='lat'>(2)</span> <span class='ocrx_word' id='word_1_146' title='bbox 1983 4097 2077 4179; x_wconf 92' lang='lat' dir='ltr'>quod</span> <span class='ocrx_word' id='word_1_147' title='bbox 2103 4096 2275 4184; x_wconf 87' lang='lat' dir='ltr'>contingit</span> <span class='ocrx_word' id='word_1_148' title='bbox 2299 4098 2428 4161; x_wconf 87' lang='lat' dir='ltr'>multa-</span> 
     </span>
     <span class='ocr_line' id='line_1_19' title="bbox 928 4209 2296 4298; baseline 0.001 -23"><span class='ocrx_word' id='word_1_149' title='bbox 928 4211 1017 4277; x_wconf 87' lang='lat' dir='ltr'>scire</span> <span class='ocrx_word' id='word_1_150' title='bbox 1034 4211 1068 4276; x_wconf 93' lang='lat' dir='ltr'>in</span> <span class='ocrx_word' id='word_1_151' title='bbox 1086 4211 1216 4289; x_wconf 91' lang='lat' dir='ltr'>habitu,</span> <span class='ocrx_word' id='word_1_152' title='bbox 1234 4233 1306 4276; x_wconf 93' lang='lat' dir='ltr'>non</span> <span class='ocrx_word' id='word_1_153' title='bbox 1324 4222 1438 4275; x_wconf 88' lang='lat' dir='ltr'>autem</span> <span class='ocrx_word' id='word_1_154' title='bbox 1457 4209 1629 4295; x_wconf 79' lang='lat' dir='ltr'>contingit</span> <span class='ocrx_word' id='word_1_155' title='bbox 1645 4210 1751 4275; x_wconf 91' lang='lat' dir='ltr'>multa</span> <span class='ocrx_word' id='word_1_156' title='bbox 1769 4209 1962 4298; x_wconf 91' lang='lat' dir='ltr'>intelligere</span> <span class='ocrx_word' id='word_1_157' title='bbox 1979 4211 2077 4276; x_wconf 92' lang='lat' dir='ltr'>simul</span> <span class='ocrx_word' id='word_1_158' title='bbox 2097 4223 2131 4277; x_wconf 88' lang='lat' dir='ltr'>et</span> <span class='ocrx_word' id='word_1_159' title='bbox 2155 4211 2189 4277; x_wconf 91' lang='lat' dir='ltr'>in</span> <span class='ocrx_word' id='word_1_160' title='bbox 2207 4222 2296 4278; x_wconf 90' lang='lat' dir='ltr'>actu.</span> 
     </span>
    </p>

    <p class='ocr_par' dir='ltr' id='par_1_7' title="bbox 929 4325 2406 4527">
     <span class='ocr_line' id='line_1_20' title="bbox 1019 4325 2403 4413; baseline 0.001 -21"><span class='ocrx_word' id='word_1_161' title='bbox 1019 4328 1231 4413; x_wconf 85' lang='lat' dir='ltr'>Respondeo</span> <span class='ocrx_word' id='word_1_162' title='bbox 1250 4326 1435 4391; x_wconf 88' lang='lat' dir='ltr'>dicendum</span> <span class='ocrx_word' id='word_1_163' title='bbox 1455 4327 1549 4411; x_wconf 92' lang='lat' dir='ltr'>quod</span> <span class='ocrx_word' id='word_1_164' title='bbox 1567 4325 1759 4412; x_wconf 91' lang='lat' dir='ltr'>intelligere</span> <span class='ocrx_word' id='word_1_165' title='bbox 1780 4325 1974 4392; x_wconf 88' lang='lat' dir='ltr'>intellectus</span> <span class='ocrx_word' id='word_1_166' title='bbox 1999 4326 2082 4391; x_wconf 91' lang='lat' dir='ltr'>nihil</span> <span class='ocrx_word' id='word_1_167' title='bbox 2107 4326 2200 4392; x_wconf 86' lang='lat' dir='ltr'>aliud</span> <span class='ocrx_word' id='word_1_168' title='bbox 2225 4340 2278 4393; x_wconf 90' lang='lat' dir='ltr'>est</span> <span class='ocrx_word' id='word_1_169' title='bbox 2302 4350 2403 4413; x_wconf 94' lang='lat' dir='ltr'>quam</span> 
     </span>
     <span class='ocr_line' id='line_1_21' title="bbox 929 4440 2406 4527; baseline 0 -19"><span class='ocrx_word' id='word_1_170' title='bbox 929 4455 1028 4508; x_wconf 89' lang='lat' dir='ltr'>actus</span> <span class='ocrx_word' id='word_1_171' title='bbox 1045 4464 1115 4527; x_wconf 90' lang='lat' dir='ltr'>quo</span> <span class='ocrx_word' id='word_1_172' title='bbox 1132 4441 1306 4526; x_wconf 86' lang='lat' dir='ltr'>perficitur</span> <span class='ocrx_word' id='word_1_173' title='bbox 1322 4441 1527 4507; x_wconf 87' lang='lat' dir='ltr'>intellectus.</span> <span class='ocrx_word' id='word_1_174' title='bbox 1545 4440 1755 4506; x_wconf 87' lang='lat' dir='ltr'>Huiusmodi</span> <span class='ocrx_word' id='word_1_175' title='bbox 1773 4454 1887 4507; x_wconf 88' lang='lat' dir='ltr'>autem</span> <span class='ocrx_word' id='word_1_176' title='bbox 1905 4453 2003 4506; x_wconf 90' lang='lat' dir='ltr'>actus</span> <span class='ocrx_word' id='word_1_177' title='bbox 2020 4443 2126 4507; x_wconf 92' lang='lat' dir='ltr'>habet</span> <span class='ocrx_word' id='word_1_178' title='bbox 2144 4443 2290 4508; x_wconf 89' lang='lat' dir='ltr'>formam</span> <span class='ocrx_word' id='word_1_179' title='bbox 2304 4443 2317 4478; x_wconf 89' lang='lat'><strong>⁴</strong></span> <span class='ocrx_word' id='word_1_180' title='bbox 2332 4442 2406 4509; x_wconf 86' lang='lat' dir='ltr'>sive</span> 
     </span>
    </p>
   </div>
   <div class='ocr_carea' id='block_1_6' title="bbox 929 4556 2526 4645">
    <p class='ocr_par' dir='ltr' id='par_1_8' title="bbox 929 4556 2526 4645">
     <span class='ocr_line' id='line_1_22' title="bbox 929 4556 2526 4645; baseline 0.002 -23"><span class='ocrx_word' id='word_1_181' title='bbox 929 4556 1084 4643; x_wconf 90' lang='lat' dir='ltr'>speciem</span> <span class='ocrx_word' id='word_1_182' title='bbox 1101 4560 1144 4623; x_wconf 91' lang='lat' dir='ltr'>ab</span> <span class='ocrx_word' id='word_1_183' title='bbox 1163 4558 1302 4623; x_wconf 91' lang='lat' dir='ltr'>obiecto</span> <span class='ocrx_word' id='word_1_184' title='bbox 1319 4556 1393 4622; x_wconf 83' lang='lat' dir='ltr'>sive</span> <span class='ocrx_word' id='word_1_185' title='bbox 1411 4556 1625 4644; x_wconf 89' lang='lat' dir='ltr'>intelligibili.</span> <span class='ocrx_word' id='word_1_186' title='bbox 1643 4558 1746 4622; x_wconf 91' lang='lat' dir='ltr'>Unde</span> <span class='ocrx_word' id='word_1_187' title='bbox 1764 4558 1807 4621; x_wconf 87' lang='lat' dir='ltr'>ab</span> <span class='ocrx_word' id='word_1_188' title='bbox 1824 4578 2038 4641; x_wconf 91' lang='lat' dir='ltr'>unoquoque</span> <span class='ocrx_word' id='word_1_189' title='bbox 2055 4569 2135 4623; x_wconf 89' lang='lat' dir='ltr'>ente</span> <span class='ocrx_word' id='word_1_190' title='bbox 2152 4560 2246 4643; x_wconf 91' lang='lat' dir='ltr'>quod</span> <span class='ocrx_word' id='word_1_191' title='bbox 2267 4570 2321 4624; x_wconf 92' lang='lat' dir='ltr'>est</span> <span class='ocrx_word' id='word_1_192' title='bbox 2344 4580 2407 4645; x_wconf 88' lang='lat' dir='ltr'>per</span> <span class='ocrx_word' id='word_1_193' title='bbox 2523 4635 2526 4642; x_wconf 27' lang='lat'>¹</span> 
     </span>
    </p>
   </div>
   <div class='ocr_carea' id='block_1_7' title="bbox 928 4671 2405 4876">
    <p class='ocr_par' dir='ltr' id='par_1_9' title="bbox 928 4671 2405 4876">
     <span class='ocr_line' id='line_1_23' title="bbox 929 4671 2405 4761; baseline 0.001 -24"><span class='ocrx_word' id='word_1_194' title='bbox 929 4694 967 4738; x_wconf 91' lang='lat' dir='ltr'>se</span> <span class='ocrx_word' id='word_1_195' title='bbox 992 4672 1204 4761; x_wconf 86' lang='lat' dir='ltr'>intelligibile</span> <span class='ocrx_word' id='word_1_196' title='bbox 1229 4684 1264 4738; x_wconf 92' lang='lat' dir='ltr'>et</span> <span class='ocrx_word' id='word_1_197' title='bbox 1287 4671 1463 4737; x_wconf 85' lang='lat' dir='ltr'>obiectum</span> <span class='ocrx_word' id='word_1_198' title='bbox 1488 4672 1684 4737; x_wconf 91' lang='lat' dir='ltr'>intellectus</span> <span class='ocrx_word' id='word_1_199' title='bbox 1709 4684 1872 4737; x_wconf 88' lang='lat' dir='ltr'>causatur</span> <span class='ocrx_word' id='word_1_200' title='bbox 1895 4672 1930 4737; x_wconf 91' lang='lat' dir='ltr'>in</span> <span class='ocrx_word' id='word_1_201' title='bbox 1955 4672 2131 4738; x_wconf 86' lang='lat' dir='ltr'>intellectu</span> <span class='ocrx_word' id='word_1_202' title='bbox 2159 4684 2258 4739; x_wconf 87' lang='lat' dir='ltr'>actus</span> <span class='ocrx_word' id='word_1_203' title='bbox 2286 4673 2405 4740; x_wconf 92' lang='lat' dir='ltr'>intelli·</span> 
     </span>
     <span class='ocr_line' id='line_1_24' title="bbox 928 4786 2163 4876; baseline -0.002 -22"><span class='ocrx_word' id='word_1_204' title='bbox 928 4788 1035 4876; x_wconf 89' lang='lat' dir='ltr'>gendi</span> <span class='ocrx_word' id='word_1_205' title='bbox 1051 4788 1239 4854; x_wconf 85' lang='lat' dir='ltr'>formaliter</span> <span class='ocrx_word' id='word_1_206' title='bbox 1256 4799 1290 4854; x_wconf 90' lang='lat' dir='ltr'>et</span> <span class='ocrx_word' id='word_1_207' title='bbox 1315 4786 1544 4853; x_wconf 87' lang='lat' dir='ltr'>essentialiter</span> <span class='ocrx_word' id='word_1_208' title='bbox 1561 4810 1581 4852; x_wconf 87' lang='lat' dir='ltr'>a</span> <span class='ocrx_word' id='word_1_209' title='bbox 1597 4808 1820 4872; x_wconf 87' lang='lat' dir='ltr'>quocumque</span> <span class='ocrx_word' id='word_1_210' title='bbox 1840 4787 1907 4853; x_wconf 92' lang='lat' dir='ltr'>alio</span> <span class='ocrx_word' id='word_1_211' title='bbox 1927 4787 2095 4873; x_wconf 77' lang='lat' dir='ltr'>differens</span> <span class='ocrx_word' id='word_1_212' title='bbox 2108 4788 2163 4853; x_wconf 67' lang='lat'>⁶...</span> 
     </span>
    </p>
   </div>
   <div class='ocr_carea' id='block_1_8' title="bbox 928 5098 2406 5243">
    <p class='ocr_par' dir='ltr' id='par_1_10' title="bbox 928 5098 2406 5243">
     <span class='ocr_line' id='line_1_25' title="bbox 939 5098 2406 5185; baseline 0.001 -31"><span class='ocrx_word' id='word_1_213' title='bbox 939 5177 944 5185; x_wconf 28' lang='grc' dir='ltr'>ι</span> <span class='ocrx_word' id='word_1_214' title='bbox 1020 5104 1028 5133; x_wconf 95' lang='lat'><strong>¹</strong></span> <span class='ocrx_word' id='word_1_215' title='bbox 1041 5101 1175 5172; x_wconf 86' lang='lat' dir='ltr'>perficiat</span> <span class='ocrx_word' id='word_1_216' title='bbox 1188 5101 1218 5154; x_wconf 92' lang='lat' dir='ltr'>P.</span> <span class='ocrx_word' id='word_1_217' title='bbox 1229 5132 1263 5140; x_wconf 96' lang='lat'><em>-</em></span> <span class='ocrx_word' id='word_1_218' title='bbox 1277 5101 1287 5132; x_wconf 78' lang='lat'>²</span> <span class='ocrx_word' id='word_1_219' title='bbox 1300 5100 1343 5153; x_wconf 92' lang='lat' dir='ltr'>sic</span> <span class='ocrx_word' id='word_1_220' title='bbox 1357 5100 1390 5151; x_wconf 92' lang='lat' dir='ltr'>V.</span> <span class='ocrx_word' id='word_1_221' title='bbox 1405 5132 1438 5138; x_wconf 98' lang='lat'>—</span> <span class='ocrx_word' id='word_1_222' title='bbox 1452 5100 1463 5130; x_wconf 80' lang='lat'>⁸</span> <span class='ocrx_word' id='word_1_223' title='bbox 1477 5099 1670 5153; x_wconf 87' lang='lat' dir='ltr'>materialium</span> <span class='ocrx_word' id='word_1_224' title='bbox 1684 5131 1717 5138; x_wconf 98' lang='lat'><strong>—</strong></span> <span class='ocrx_word' id='word_1_225' title='bbox 1728 5098 1897 5169; x_wconf 85' lang='lat' dir='ltr'>formarum]</span> <span class='ocrx_word' id='word_1_226' title='bbox 1912 5118 1967 5152; x_wconf 87' lang='lat' dir='ltr'>om.</span> <span class='ocrx_word' id='word_1_227' title='bbox 1981 5100 2011 5155; x_wconf 89' lang='lat' dir='ltr'>P.</span> <span class='ocrx_word' id='word_1_228' title='bbox 2024 5133 2056 5139; x_wconf 85' lang='lat'>—</span> <span class='ocrx_word' id='word_1_229' title='bbox 2072 5103 2082 5133; x_wconf 91' lang='lat'><strong>⁴</strong></span> <span class='ocrx_word' id='word_1_230' title='bbox 2095 5100 2189 5155; x_wconf 85' lang='lat' dir='ltr'>forma</span> <span class='ocrx_word' id='word_1_231' title='bbox 2203 5102 2234 5157; x_wconf 92' lang='lat' dir='ltr'>P.</span> <span class='ocrx_word' id='word_1_232' title='bbox 2249 5134 2282 5143; x_wconf 89' lang='lat'>—-</span> <span class='ocrx_word' id='word_1_233' title='bbox 2298 5103 2406 5156; x_wconf 68' lang='lat' dir='ltr'>haddi·</span> 
     </span>
     <span class='ocr_line' id='line_1_26' title="bbox 928 5190 1036 5243; baseline 0 -1"><span class='ocrx_word' id='word_1_234' title='bbox 928 5190 1036 5243; x_wconf 83' lang='lat' dir='ltr'>dimus.</span> 
     </span>
    </p>
   </div>
   <div class='ocr_carea' id='block_1_9' title="bbox 928 5383 2404 5552">
    <p class='ocr_par' dir='ltr' id='par_1_11' title="bbox 928 5383 2404 5552">
     <span class='ocr_line' id='line_1_27' title="bbox 1018 5383 2404 5463; baseline 0 -16"><span class='ocrx_word' id='word_1_235' title='bbox 1018 5397 1056 5459; x_wconf 84' lang='lat' dir='ltr'>(ll</span> <span class='ocrx_word' id='word_1_236' title='bbox 1072 5392 1117 5447; x_wconf 81' lang='lat' dir='ltr'>cf.</span> <span class='ocrx_word' id='word_1_237' title='bbox 1133 5393 1240 5461; x_wconf 85' lang='lat' dir='ltr'>Quodl.</span> <span class='ocrx_word' id='word_1_238' title='bbox 1256 5392 1293 5458; x_wconf 80' lang='grc' dir='ltr'>ΙΙ,</span> <span class='ocrx_word' id='word_1_239' title='bbox 1307 5410 1333 5463; x_wconf 92' lang='lat' dir='ltr'>q.</span> <span class='ocrx_word' id='word_1_240' title='bbox 1349 5395 1372 5445; x_wconf 84' lang='lat'>7.</span> <span class='ocrx_word' id='word_1_241' title='bbox 1382 5383 1419 5430; x_wconf 60' lang='grc'>’-</span> <span class='ocrx_word' id='word_1_242' title='bbox 1433 5395 1471 5455; x_wconf 76' lang='lat'>(2)</span> <span class='ocrx_word' id='word_1_243' title='bbox 1486 5391 1698 5444; x_wconf 78' lang='lat' dir='ltr'>Aristotelis</span> <span class='ocrx_word' id='word_1_244' title='bbox 1721 5392 1908 5461; x_wconf 75' lang='lat' dir='ltr'>Topioormn,</span> <span class='ocrx_word' id='word_1_245' title='bbox 1922 5393 1938 5446; x_wconf 91' lang='lat' dir='ltr'>l.</span> <span class='ocrx_word' id='word_1_246' title='bbox 1954 5393 1989 5457; x_wconf 88' lang='lat' dir='ltr'>tl,</span> <span class='ocrx_word' id='word_1_247' title='bbox 2003 5412 2027 5447; x_wconf 88' lang='lat' dir='ltr'>c.</span> <span class='ocrx_word' id='word_1_248' title='bbox 2044 5397 2076 5446; x_wconf 89' lang='lat'>10</span> <span class='ocrx_word' id='word_1_249' title='bbox 2096 5393 2152 5453; x_wconf 74' lang='lat' dir='ltr'>ted.</span> <span class='ocrx_word' id='word_1_250' title='bbox 2173 5394 2297 5460; x_wconf 75' lang='lat' dir='ltr'>bekker,</span> <span class='ocrx_word' id='word_1_251' title='bbox 2311 5394 2367 5447; x_wconf 93' lang='lat' dir='ltr'>vol.</span> <span class='ocrx_word' id='word_1_252' title='bbox 2382 5395 2404 5461; x_wconf 91' lang='lat' dir='ltr'>l,</span> 
     </span>
     <span class='ocr_line' id='line_1_28' title="bbox 928 5473 1877 5552; baseline -0.002 -18"><span class='ocrx_word' id='word_1_253' title='bbox 928 5501 955 5552; x_wconf 82' lang='lat' dir='ltr'>p.</span> <span class='ocrx_word' id='word_1_254' title='bbox 978 5484 1048 5537; x_wconf 70' lang='lat'>114).</span> <span class='ocrx_word' id='word_1_255' title='bbox 1067 5473 1219 5532; x_wconf 62' lang='grc' dir='ltr'>’ὓπίσασθαι</span> <span class='ocrx_word' id='word_1_256' title='bbox 1240 5477 1287 5544; x_wconf 84' lang='grc' dir='ltr'>μὲν</span> <span class='ocrx_word' id='word_1_257' title='bbox 1308 5479 1359 5549; x_wconf 78' lang='grc' dir='ltr'>γὰρ</span> <span class='ocrx_word' id='word_1_258' title='bbox 1371 5473 1504 5548; x_wconf 80' lang='grc' dir='ltr'>ἐνδέχεται</span> <span class='ocrx_word' id='word_1_259' title='bbox 1521 5475 1618 5539; x_wconf 75' lang='grc' dir='ltr'>πολλά,</span> <span class='ocrx_word' id='word_1_260' title='bbox 1637 5477 1793 5531; x_wconf 79' lang='grc' dir='ltr'>διανοεῖσθαι</span> <span class='ocrx_word' id='word_1_261' title='bbox 1810 5475 1877 5532; x_wconf 76' lang='grc' dir='ltr'>δὀὔ.</span> 
     </span>
    </p>
   </div>
   <div class='ocr_carea' id='block_1_10' title="bbox 0 0 3354 7989">
    <p class='ocr_par' dir='ltr' id='par_1_12' title="bbox 0 0 3354 7989">
     <span class='ocr_line' id='line_1_29' title="bbox 0 0 3354 7989; baseline 0 0"><span class='ocrx_word' id='word_1_262' title='bbox 0 0 3354 7989; x_wconf 95' lang='lat' dir='ltr'> </span> 
     </span>
    </p>
   </div>
  </div>
 </body>
</html>
