6700 7992
1171 1461 1322 1530 bunun
1348 1471 1646 1545 Quonuennun,
1672 1472 1708 1543 Q.
1733 1470 1804 1526 xm

1310 1967 1551 2052 Qunasno
1577 1967 1663 2033 iun.

901 2195 1009 2294 Qnis
1027 2194 1190 2270 ittornm
1206 2194 1383 2295 grauius
1396 2198 1541 2292 peccat
1557 2193 1629 2294 qni
1645 2192 1815 2268 simulat
1831 2190 2086 2267 sanctitatem

1207 2328 1312 2402 uitae
1324 2332 1493 2426 propter
1509 2327 1656 2400 bonnm
1675 2326 1772 2401 ntite

810 2463 870 2538 vet
898 2462 964 2538 itte
991 2462 1062 2564 qni
1088 2461 1256 2537 simulat
1282 2460 1535 2535 sanctitatem
1558 2465 1727 2558 propter
1753 2460 1899 2534 bonnm
1926 2457 2167 2534 honorabile.

841 2815 970 2880 Postea
998 2815 1231 2899 quaerebatur
1258 2812 1351 2896 aliud
1378 2823 1541 2898 respectu
1568 2811 1671 2878 fictae
1699 2810 1780 2878 vel¹
1813 2809 2013 2897 apparentis
2037 2808 2228 2877 sanctitatis

753 2929 915 2996 videlicet
931 2929 1009 3014 quis
1026 2928 1160 2995 illorum
1187 2928 1329 3017 gravius
1349 2940 1475 3014 peccat
1503 2938 1536 2994 et
1553 2927 1650 3014 peior
1674 2938 1728 2994 est
1751 2926 1922 2994 dicendus
1946 2927 2005 3013 qui
2028 2926 2230 3013 hypocrizat

701 3071 707 3082 ·
753 3047 808 3112 vel
825 3044 965 3111 simulat
981 3045 1201 3111 sanctitatem
1218 3044 1309 3109 vitae
1326 3055 1468 3129 propter
1483 3045 1615 3109 bonum
1632 3043 1716 3109 utile
1732 3053 1770 3108 ut
1783 3041 1796 3077 ²
1810 3042 1973 3109 videlicet
1989 3064 2031 3110 ex
2047 3044 2117 3110 hoc
2133 3044 2229 3128 quod

752 3172 897 3228 sanctus
925 3171 1104 3245 reputatur
1121 3160 1236 3244 aliqua
1263 3162 1358 3225 bona
1382 3159 1584 3244 temporalia
1609 3168 1855 3243 consequatur,
1879 3159 1935 3225 vel
1957 3159 2014 3225 ille
2038 3159 2097 3244 qui
2120 3161 2229 3245 hypo·

754 3277 860 3344 crizat
875 3288 909 3342 et
925 3276 1063 3341 simulat
1079 3275 1298 3341 sanctitatem
1315 3287 1458 3360 propter
1474 3276 1606 3339 bonum
1622 3274 1829 3340 honorabile
1849 3285 1887 3340 ut
1909 3273 2070 3341 videlicet
2093 3297 2136 3342 ex
2159 3277 2230 3342 hoc

754 3392 849 3477 quod
880 3403 1024 3458 sanctus
1056 3401 1236 3477 reputatur
1266 3391 1311 3454 ab
1347 3389 1549 3455 hominibus
1580 3391 1779 3456 honoretur.
1811 3389 1854 3455 Et
1893 3391 2104 3479 arguebatur
2133 3390 2230 3475 quod

751 3507 935 3594 hypocrita
959 3507 1126 3572 simulans
1145 3504 1157 3541 ⁸
1179 3504 1397 3572 sanctitatem
1422 3505 1514 3571 vitae
1538 3515 1682 3591 propter
1704 3506 1838 3571 bonum
1862 3505 1944 3572 utile
1968 3504 2083 3572 minus
2106 3516 2231 3592 peccet

753 3643 858 3708 quam
874 3623 1042 3689 simulans
1059 3632 1202 3707 propter
1217 3624 1350 3687 bonum
1366 3619 1584 3687 honorabile.
1595 3619 1688 3704 Quia
1705 3622 1900 3687 secundum
1917 3621 2170 3708 Philosophum
2183 3625 2230 3708 (1)

684 3815 687 3821 ¹
753 3759 850 3805 nono
873 3738 1085 3818 Ethicorum‚
1103 3737 1162 3823 qui
1186 3737 1325 3803 simulat
1348 3758 1388 3803 se
1411 3737 1541 3803 habere
1566 3735 1752 3802 amicitiam
1776 3737 1820 3802 ad
1845 3737 1994 3822 aliquem
2010 3748 2153 3825 propter
2167 3738 2231 3805 vir·

752 3864 871 3936 tutem,
889 3874 969 3920 cum
985 3865 1102 3920 tamen
1118 3875 1192 3919 non
1208 3853 1261 3920 sie
1278 3865 1370 3919 amet
1386 3853 1450 3918 sed
1474 3852 1612 3918 simulat
1635 3873 1674 3918 se
1699 3851 1751 3919 sic
1774 3873 1901 3934 amare,
1920 3853 2032 3943 magis
2053 3865 2106 3921 cst
2129 3875 2232 3921 accu-

753 3971 888 4036 sandus
914 3992 1017 4055 quam
1047 3969 1105 4054 qui
1132 3969 1341 4034 numismata
1362 3967 1573 4054 corrumpit;
1605 3969 1669 4034 sed
1692 3967 1866 4034 numisma
1889 3989 2117 4056 corrumpens
2148 3970 2231 4037 illud

756 4087 946 4171 corrumpit
977 4095 1122 4170 propter
1151 4086 1284 4151 bunum
1315 4084 1408 4151 utile.
1440 4083 1535 4172 Ergo
1567 4084 1626 4168 qui
1657 4083 1796 4149 simulat
1822 4105 1861 4150 se
1887 4085 2018 4152 habere
2045 4085 2232 4153 amicitiam

755 4201 851 4286 quod
874 4211 927 4267 est
950 4203 1080 4266 habere
1103 4199 1263 4267 virtutem
1299 4210 1442 4286 propter
1474 4201 1608 4265 bunum
1631 4198 1737 4265 moris
1760 4200 1816 4266 vel
1839 4200 2033 4268 honestatis
2057 4200 2156 4287 peior
2179 4212 2232 4268 est

756 4338 799 4384 eo
823 4316 882 4403 qui
905 4316 1042 4382 simulat
1065 4337 1104 4382 se
1128 4317 1258 4382 habere
1282 4315 1434 4400 aliquam
1457 4315 1677 4381 sanctitatem
1702 4326 1846 4402 propter
1865 4317 1998 4382 bonum
2022 4316 2115 4383 utile.

844 4433 985 4499 Contra
999 4431 1202 4499 Secundum
1219 4430 1472 4517 Philosophum
1485 4435 1532 4516 (2)
1547 4430 1693 4516 qnanto⁴
1705 4430 1907 4497 Ethicorum
1921 4454 1928 4497 :
1942 4431 2089 4499 iactator
2099 4432 2233 4499 maiora

756 4548 984 4615 existentibus
1001 4549 1142 4636 fingens
1159 4546 1270 4635 gratia
1293 4546 1425 4635 gloriae
1448 4546 1504 4612 vel
1528 4545 1671 4612 honoris
1696 4566 1768 4611 non
1793 4557 1846 4613 est
1863 4548 1964 4614 valde
1985 4548 2231 4635 vituperabihs‚

756 4664 961 4750 inquantum
993 4666 997 4747 Ι
1029 4663 1162 4730 scilicet
1190 4662 1301 4751 gloria
1332 4672 1366 4728 et
1397 4663 1513 4728 honor
1544 4663 1675 4727 habent
1702 4662 1889 4747 quamdam
1921 4663 2124 4730 affinitatem
2153 4685 2232 4731 cum
2259 4650 2426 4779 foffoepffl

757 4782 862 4847 rebus
886 4779 1044 4846 honestis
1068 4788 1213 4865 propter
1228 4799 1316 4863 quas
1347 4777 1469 4844 merito
1493 4777 1601 4862 aliqui
1620 4777 1807 4844 laudantur
1833 4789 1868 4845 et
1894 4780 2119 4846 honorantur.
2148 4779 2233 4866 Qui·

757 4917 907 4982 cumque
934 4906 1051 4962 autem
1078 4895 1184 4960 iactat
1210 4915 1249 4960 se
1272 4893 1384 4983 gratia
1417 4893 1553 4983 argenti
1585 4893 1641 4960 vel
1672 4892 1924 4980 cuiuscumque
1957 4897 2053 4981 quod
2085 4906 2233 4986 argento

847 5209 922 5263 ¹seu
940 5207 972 5264 P.
991 5237 1025 5247 -
1045 5207 1098 5263 ’et
1110 5207 1141 5262 P.
1161 5238 1194 5248 -
1213 5206 1412 5262 'assimulans
1429 5206 1461 5263 P.
1475 5209 1509 5245 -'-
1522 5207 1533 5238 ⁴
1545 5221 1624 5260 nono
1638 5204 1700 5261 PV.

848 5469 886 5532 (1)
907 5464 1121 5519 Aristotelis
1135 5464 1311 5517 Ethicorum
1324 5463 1600 5526 Nicomacheorum,
1613 5462 1631 5515 l.
1646 5462 1696 5530 IX,
1710 5480 1734 5517 c.
1748 5465 1765 5517 3
1779 5462 1836 5530 (ed.
1848 5463 1972 5531 Bekker‚
1986 5466 2233 5540 v01.11,p.1165t.

756 5544 839 5607 ”ow
853 5550 900 5617 aiv
912 5548 957 5605 οὖν
969 5552 1113 5622 διαψευσθῇ
1125 5569 1164 5611 τις
1176 5551 1221 5604 καὶ
1233 5547 1356 5622 ὑπολάβῃ
1369 5552 1497 5620 φιλεῖσθαι
1514 5548 1556 5602 διὰ
1567 5546 1599 5602 τὸ
1617 5546 1691 5613 ἦθος,
1711 5548 1793 5615 μηθὲν
1808 5553 1930 5604 τοιοῦτον
1947 5548 2049 5608 ἐκείνου
2059 5553 2233 5625 arpinum,

759 5632 851 5688 ἑαυτὸν
864 5629 962 5704 aitupt’
975 5629 1015 5686 ἄν’
1033 5632 1095 5687 ὅταν
1107 5632 1184 5686 δ’ὑπὸ
1202 5639 1250 5697 τῆς
1267 5631 1368 5686 ἐκείνου
1383 5630 1588 5702 προσποιήσεως
1607 5630 1740 5701 ἁπαταθῇ,
1758 5631 1858 5686 δίκαιον
1870 5631 1991 5704 ἐγκαλῆν
2008 5642 2049 5708 τῷ
2059 5635 2233 5706 haim,

759 5717 918 5784 καὶμᾶλλον
934 5713 950 5781 ἢ
963 5722 1017 5776 τοῖς
1033 5715 1064 5769 τὸ
1076 5714 1193 5782 νόμισμα
1209 5713 1417 5784 κιβδηλεύουσιν,
1430 5712 1485 5784 ὅσῳ
1502 5715 1563 5783 περὶ
1575 5711 1733 5783 τιμιώτερον
1745 5714 1761 5779 ἡ
1774 5714 1930 5788 κακουργία.
1945 5751 1977 5758 -
1998 5724 2037 5787 (2)
2058 5721 2141 5790 loia,
2155 5724 2172 5777 l.
2186 5725 2234 5787 IV,

760 5808 893 5877 c.13[al.
909 5810 951 5876 15]
967 5808 1024 5872 ted.
1039 5809 1163 5871 Bekkcr,
1177 5826 1204 5878 p.
1220 5810 1308 5870 1127).
1327 5801 1355 5860 ‘0
1373 5804 1401 5858 tt
1421 5806 1503 5870 μειζω
1521 5809 1574 5857 τῶν
1591 5801 1767 5874 ὑπαρχόντων
1784 5803 2014 5873 προσποιούμενος
2032 5809 2144 5874 μηθενὸς
2159 5809 2235 5866 ἕνεκα

760 5893 853 5966 φαύλῳ
866 5892 913 5961 μὲν
926 5891 1009 5948 ἔοικεν
1021 5891 1063 5960 (οὐ
1075 5894 1126 5966 γὰρ
1142 5891 1172 5947 ἂν
1185 5887 1276 5964 ἔχαιρε
1291 5900 1330 5965 τῷ
1343 5893 1450 5963 ψεύδει),
1465 5890 1574 5960 μάταιος
1587 5890 1615 5945 δὲ
1628 5890 1744 5962 φαίνεται
1763 5893 1864 5958 μᾶλλον
1876 5890 1892 5958 ἢ
1905 5893 1997 5955 κακός.
2012 5894 2034 5949 al
2045 5896 2145 5952 δ’ἕνεκά
2156 5918 2233 5963 τινος,

760 5975 775 6028 ὁ
789 5975 836 6043 μὲν
847 5974 924 6042 δόξης
936 5973 952 6041 ἢ
965 5982 1044 6043 τιμῆς
1056 5973 1087 6030 οὐ
1100 5974 1156 6030 λίαν
1169 5974 1276 6045 ψεκτός,
1289 5975 1326 6036 ὡς
1338 5974 1353 6028 ὁ
1366 5973 1481 6038 ἀλαζών,
1494 5973 1509 6027 ὁ
1521 5973 1549 6027 δὲ
1561 5972 1697 6046 ἀργυρίου,
1711 5971 1727 6038 ἢ
1740 5971 1789 6027 ὅσα
1801 5973 1837 6035 εἷς
1849 5973 1983 6048 ἀργύριον,
1994 5976 2233 6052 ἀσχημονέστερος.
