6700 7992
1203 1434 1380 1491 reamun
1409 1433 1710 1506 Quoutma'run
1739 1434 1775 1505 Q.
1804 1432 1846 1488 111
2215 1434 2267 1487 ³07

788 1633 855 1671 esse
878 1625 908 1670 et
928 1615 1058 1670 essentia
1080 1632 1139 1669 non
1162 1613 1300 1668 differunt
1322 1630 1362 1679 re,
1384 1612 1453 1667 ideo
1475 1628 1563 1667 unum
1588 1629 1646 1666 non
1670 1619 1786 1666 creatur
1808 1611 1889 1683 prius
1913 1609 1971 1666 alio
1995 1628 2049 1665 nec
2072 1627 2160 1666 unum
2184 1628 2268 1683 prae·

790 1713 869 1768 cedit
888 1714 967 1767 aliud
987 1712 1100 1785 origine
1120 1713 1168 1766 vel
1187 1711 1329 1783 dignitate
1349 1710 1511 1766 secundum
1531 1726 1601 1764 rem.

876 1810 952 1864 Illud
972 1819 1070 1864 autem
1090 1809 1169 1882 quod
1188 1809 1295 1864 dicitur
1314 1809 1415 1879 quinto
1438 1808 1474 1862 de
1495 1806 1608 1860 Divinis
1627 1806 1803 1861 Nominibus
1822 1814 1852 1861 et
1874 1815 1979 1879 quarta
2002 1805 2204 1879 propositione
2230 1805 2267 1861 de

789 1909 894 1964 Causis
916 1916 1015 1981 potest
1035 1908 1158 1979 intelligi
1178 1916 1207 1961 et
1226 1906 1411 1961 secundum¹
1431 1904 1597 1977 platonicos
1619 1913 1649 1959 et
1668 1904 1855 1960 secundum¹
1877 1905 2099 1977 peripateticos.

1301 2343 1312 2361 ο
1349 2271 1617 2343 Quaestio
1649 2272 1709 2326 111

1441 2430 1604 2485 (unumst

1005 2612 1113 2667 Utrum
1134 2616 1247 2665 tratura
1266 2615 1405 2686 arigalica
1423 2615 1464 2668 sit
1481 2614 1642 2685 composita
1661 2631 1697 2666 ex
1715 2610 1846 2665 rrtcrteria
1864 2613 1894 2664 et
1906 2607 2013 2679 forma
2029 2612 2076 2676 (l).

875 2863 1006 2918 Postea⁸
1038 2864 1255 2934 quaerebatur‘
1286 2883 1375 2919 unum
1408 2865 1445 2920 de
1477 2866 1635 2920 creatura⁶
1666 2863 1744 2918 circa
1774 2870 1908 2917 naturam
1946 2859 2120 2932 angelicam,
2151 2860 2265 2916 scilicet

787 2969 883 3016 utrum
903 2968 981 3015 esset
995 2961 1161 3032 composita
1181 2978 1217 3015 ex
1236 2963 1357 3017 materia
1378 2971 1407 3018 et
1426 2962 1530 3018 forma.
1550 2963 1586 3016 Et
1606 2962 1737 3034 arguitur
1755 2960 1836 3033 quod
1855 2960 1907 3028 sic,
1927 2959 1994 3031 quia
2014 2968 2118 3015 natura
2130 2960 2266 3031 angelica

787 3060 953 3132 composita
974 3060 1045 3113 est⁸
1073 3076 1109 3112 ex
1131 3068 1199 3113 actu
1221 3068 1251 3114 et
1274 3061 1416 3132 potentia,
1438 3079 1504 3117 cum
1527 3079 1585 3115 non
1608 3060 1646 3116 sit
1668 3059 1709 3114 ita
1732 3060 1857 3131 simplex
1881 3059 1957 3113 sicut
1979 3059 2068 3113 Deus
2096 3059 2156 3114 Sed
2182 3067 2266 3113 actus

787 3166 816 3212 et
836 3157 968 3229 potentia
987 3164 1063 3223 sunt,
1081 3165 1114 3210 ut
1132 3156 1257 3224 videtur,
1277 3157 1372 3212 forma
1391 3167 1421 3213 et
1440 3158 1570 3213 materia.
1590 3159 1669 3229 Ergo
1689 3166 1718 3211 et
1737 3166 1845 3211 cetera.

875 3255 995 3310 Contra.
1009 3253 1153 3325 Operatio
1166 3256 1175 3286 ⁷
1193 3263 1315 3309 naturae
1329 3257 1482 3327 angelicae
1497 3258 1563 3310 est⁸
1582 3255 1701 3310 omnino
1715 3254 1915 3309 immaterialis
1926 3256 1945 3322 ⁸,
1964 3255 2078 3310 scilicet
2092 3254 2264 3326 intelligere.

786 3354 865 3424 Ergo
885 3361 915 3406 et
933 3361 1037 3406 natura
1058 3352 1141 3407 cuius
1159 3362 1205 3406 est
1225 3355 1368 3424 operatio

875 3451 1062 3522 Respondeo.
1091 3451 1198 3504 Dicunt
1227 3450 1345 3522 quidam
1374 3461 1507 3505 naturam
1536 3451 1700 3523 angelicam
1726 3468 1792 3504 esse
1817 3450 2011 3522 compositam
2040 3468 2076 3504 ex
2095 3450 2219 3504 materia
2245 3452 2249 3518 Ι

786 3556 816 3602 et
836 3547 940 3601 forma.
960 3548 1058 3602 Primo
1081 3548 1148 3619 quia
1169 3549 1266 3619 angeli
1289 3549 1440 3620 patiuntur
1459 3550 1495 3602 ab
1515 3549 1583 3620 igne
1603 3548 1737 3602 infernali
1758 3556 1787 3601 et
1806 3547 1906 3619 passio
1925 3566 1985 3602 non
1999 3548 2119 3601 estsine
2134 3548 2265 3602 materia.

787 3646 926 3700 Secundo
952 3646 1018 3718 quia
1044 3656 1110 3700 sunt
1142 3646 1305 3700 mutabiles
1334 3648 1366 3700 ln
1392 3647 1471 3701 omni
1497 3656 1594 3701 autem
1619 3663 1651 3700 re
1680 3645 1811 3700 mutabili
1837 3653 1955 3717 oportet
1973 3663 2084 3716 ponere
2104 3646 2265 3700 materiam.

788 3745 866 3815 Ergo
886 3753 916 3798 et
941 3753 1048 3798 cetera.
1069 3744 1157 3815 Quod
1183 3753 1280 3798 autem
1305 3746 1362 3798 sint
1387 3744 1543 3798 mutabiles
1566 3752 1657 3816 patet,
1678 3745 1746 3815 quia
1771 3744 1851 3798 solus
1872 3745 1952 3797 Deus
1972 3752 2017 3797 est
2035 3743 2224 3798 immutabilis
2237 3746 2265 3798 ¹⁰.

785 3842 865 3912 Ergo
897 3850 926 3895 et
957 3851 1064 3896 cetera.
1093 3841 1202 3895 Dicunt
1227 3850 1326 3896 tamen
1360 3842 1438 3913 quod
1463 3841 1586 3896 materia
1610 3842 1771 3914 spiritualis
1796 3842 1967 3913 angelorum
1996 3850 2042 3895 est
2072 3841 2206 3896 subtilior
2237 3850 2266 3896 et

786 3938 914 3992 nobilior
933 3958 1020 4010 quam
1040 3940 1163 3993 materia
1182 3940 1379 4011 corporalium
1400 3948 1429 3994 et
1448 3949 1502 4004 est,
1521 3949 1552 3994 ut
1572 3940 1681 4006 dicunt,
1700 3939 1894 3993 indivisibilis.
1917 3939 1977 3993 Sed
2001 3939 2057 3993 ista
2078 3957 2136 3993 non
2158 3940 2266 3994 valent.

875 4037 922 4091 Ad
949 4037 1031 4091 cuius
1051 4037 1229 4091 evidentiam
1249 4037 1401 4091 sciendum
1421 4038 1500 4109 quod
1521 4055 1607 4091 omne
1627 4037 1707 4108 quod
1726 4038 1816 4091 habet
1837 4037 1980 4091 rationem
2003 4038 2155 4110 potentiae
2177 4039 2266 4092 habet

786 4134 884 4205 aliquo
907 4135 997 4188 modo
1022 4135 1165 4189 rationem
1188 4135 1336 4189 materiae.
1360 4136 1396 4190 Et
1421 4135 1498 4202 ideo,
1524 4135 1600 4189 sicut
1625 4144 1670 4190 est
1696 4135 1804 4206 duplex
1829 4135 1970 4206 potentia,
1996 4135 2109 4189 scilicet
2134 4136 2266 4208 potentia

785 4249 858 4302 pura
871 4235 890 4264 ¹¹
910 4250 987 4303 quae
1006 4241 1051 4286 est
1068 4232 1105 4285 ad
1125 4242 1222 4286 actum
1236 4233 1408 4304 simpliciter
1422 4233 1470 4304 qui
1486 4233 1507 4264 ¹²
1524 4241 1568 4286 est
1586 4232 1680 4286 forma
1693 4232 1902 4297 substantialis,
1915 4241 1944 4286 et
1958 4233 2090 4304 potentia
2103 4232 2265 4287 secundum

786 4329 855 4400 quid
870 4347 945 4400 quae
965 4338 1011 4383 est
1030 4329 1067 4383 ad
1087 4338 1184 4384 actum
1204 4329 1365 4385 secundum
1380 4330 1449 4402 quid
1470 4330 1519 4402 qui
1533 4332 1553 4363 ¹⁸
1572 4339 1617 4384 est
1636 4329 1731 4384 forma
1748 4330 1955 4397 accidentalis;
1976 4330 2016 4385 ita
2035 4330 2123 4384 etiam
2143 4331 2266 4385 materia

786 4427 942 4500 dupliciter
968 4427 1082 4482 dicitur.
1110 4428 1186 4481 Nam
1215 4427 1337 4481 materia
1369 4427 1474 4482 dicitnr
1502 4436 1532 4482 et
1562 4427 1695 4498 potentia
1723 4446 1797 4499 pura
1819 4445 1895 4499 quae
1920 4436 1966 4482 est
1988 4438 2126 4499 respectu
2151 4428 2265 4483 formae

784 4525 995 4592 substantialis
1017 4534 1046 4579 et
1069 4526 1143 4579 haec
1165 4525 1284 4597 proprie
1298 4525 1403 4580 dicitur
1425 4525 1549 4580 materia
1578 4533 1607 4579 et
1635 4526 1721 4596 hyle3
1750 4532 1779 4579 et
1806 4525 1913 4579 dicitur
1937 4526 2025 4579 etiam
2051 4527 2173 4580 materia
2198 4527 2265 4580 sub·

784 4623 893 4678 stantia
918 4641 971 4677 ens
998 4632 1065 4677 actu
1090 4623 1262 4695 simpliciter
1290 4624 1428 4690 existenS,
1455 4632 1552 4677 tamen
1581 4623 1610 4677 in
1638 4624 1772 4694 potentia
1801 4623 1839 4677 ad
1863 4631 1961 4678 actum
1987 4623 2210 4692 accidentalem,
2236 4632 2266 4679 et

784 4722 859 4776 haec
889 4720 1009 4792 proprie
1040 4720 1146 4775 dicitur
1177 4720 1350 4777 subiectum.
1375 4720 1498 4776 Materia
1524 4738 1596 4792 ergo
1625 4737 1702 4794 quae
1730 4728 1776 4775 est
1791 4724 1811 4754 ¹⁴
1839 4720 1971 4793 potentia
1996 4721 2158 4776 secundum
2188 4722 2266 4793 quid,

783 4818 949 4874 subiectum
980 4818 1094 4873 scilicet
1126 4818 1296 4887 accidentis,
1325 4826 1369 4873 est
1402 4819 1431 4873 in
1463 4819 1586 4891 angelis,
1617 4818 1687 4890 quia
1711 4818 1876 4873 substantia
1901 4836 2001 4874 eorum
2028 4828 2073 4874 est
2099 4819 2266 4875 subiectum

784 4916 947 4990 aliquorum
971 4916 1177 4971 accidentium.
1196 4916 1256 4972 Sed
1278 4915 1400 4972 materia
1427 4934 1502 4989 quae
1530 4925 1575 4971 est
1603 4916 1774 4989 susceptiva
1796 4916 1909 4972 formae
1927 4917 2129 4972 substantialis
2148 4926 2178 4972 et
2196 4935 2266 4990 pars

784 5014 967 5070 substantiae
987 5015 1171 5087 compositae
1190 5032 1248 5068 non
1268 5023 1367 5087 potest
1386 5032 1453 5070 esse
1471 5014 1500 5069 in
1520 5014 1643 5086 angelis.

873 5113 940 5168 Hoc
959 5119 1058 5167 autern
1078 5120 1161 5184 patet
1179 5111 1289 5185 duplici
1309 5112 1431 5168 ratione.
1451 5144 1484 5153 —
1510 5112 1608 5167 Prima
1634 5112 1701 5168 talis
1728 5121 1782 5170 est.
1809 5113 2023 5185 Quaecumque
2048 5112 2266 5168 communicant

784 5210 815 5266 in
839 5209 963 5265 materia
988 5227 1064 5281 quae
1090 5218 1136 5264 est
1160 5209 1326 5265 subiectum
1355 5209 1469 5266 formae
1488 5209 1690 5266 substantialis
1709 5218 1776 5266 sunt
1801 5210 1840 5265 ad
1865 5209 1991 5266 invicem
2022 5210 2266 5279 transmutabilia,

875 5418 926 5469 ¹et
945 5414 1117 5484 secundum]
1138 5416 1184 5469 vel
1205 5414 1238 5470 C.
1258 5447 1291 5455 —
1311 5416 1322 5448 ²
1341 5433 1396 5470 orn.
1416 5416 1446 5470 P.
1460 5447 1494 5456 --
1513 5415 1570 5469 ⁸ln
1590 5415 1750 5487 exemplari
1769 5415 1897 5488 spatium
1916 5415 2003 5470 unius
2021 5416 2175 5470 columnae
2194 5416 2264 5469 add.

784 5520 882 5574 marg.
901 5515 937 5556 aa
950 5520 988 5556 nr.
1002 5503 1039 5570 S;
1060 5503 1140 5556 inter
1158 5501 1370 5574 peripateticos
1388 5507 1418 5558 et
1435 5504 1543 5557 Postea
1562 5503 1694 5574 spatium
1714 5520 1843 5557 vacrcum
1863 5503 2022 5557 intercedit
2038 5503 2130 5556 etiam
2151 5503 2183 5556 in
2201 5505 2265 5558 cod.

783 5591 813 5646 S.
833 5621 867 5631 —
887 5591 1126 5660 ‘quaerebantur
1140 5590 1172 5643 C.
1193 5621 1225 5630 -
1246 5592 1258 5622 ⁵
1271 5590 1308 5644 de
1322 5593 1466 5659 creatura]
1481 5590 1508 5643 in
1524 5589 1646 5662 speciali
1661 5589 1694 5645 C.
1714 5622 1748 5630 -
1767 5589 1956 5663 ‘composita
1970 5592 2026 5660 est]
2039 5599 2085 5645 est
2098 5591 2264 5664 composita

783 5678 817 5732 C.
837 5709 871 5718 -
892 5677 1088 5749 ⁷compositio
1109 5676 1142 5731 C.
1164 5709 1195 5716 -
1216 5678 1364 5749 ⁸expunx.
1385 5679 1418 5733 C.
1438 5709 1472 5718 -
1491 5679 1570 5730 ⁸0m.
1590 5677 1629 5744 S;
1648 5678 1717 5731 add.
1737 5690 1772 5731 2⁰
1792 5696 1830 5732 m.
1850 5679 1889 5745 S;
1915 5677 2034 5733 omnino
2053 5678 2263 5749 immaterialis]

783 5765 880 5819 omnia
896 5764 928 5833 C.
949 5796 983 5804 -
1005 5767 1025 5797 ¹⁰
1038 5764 1235 5819 immutabiles
1249 5766 1282 5818 in
1295 5764 1485 5819 immutabilis
1498 5782 1575 5820 corr.
1590 5765 1623 5821 C.
1642 5797 1676 5805 -
1698 5767 1717 5797 ¹¹
1731 5765 1865 5837 potentia
1884 5767 1967 5838 pura]
1987 5782 2059 5837 pura
2078 5767 2211 5837 potentia
2230 5765 2264 5821 C.

783 5883 817 5891 —
840 5852 860 5885 ²²
873 5869 950 5925 quae
963 5852 996 5906 P.
1016 5883 1048 5892 -
1071 5853 1091 5884 ¹⁸
1105 5868 1180 5923 quae
1200 5852 1231 5905 P.
1251 5883 1284 5892 —
1307 5854 1326 5884 ¹¹
1339 5850 1368 5906 in
1387 5853 1457 5906 add.
1478 5852 1512 5907 C.

876 6033 916 6098 (1)
935 6029 995 6085 etr.
1015 6047 1064 6102 pp.
1085 6031 1210 6084 179-186.

2322 3425 2387 3480 cod.
2402 3426 2427 3480 C

2299 3495 2348 3550 fol.
2362 3500 2397 3552 95
2411 3499 2453 3551 Vb
