6700 7992
1031 1447 1083 1498 208
1387 1443 1578 1499 MAGISTRI
1616 1443 1837 1500 GODEFRlDl
1865 1444 1917 1498 DE
1946 1442 2144 1500 FONTIBUS

1031 1623 1186 1713 magistri
1203 1629 1261 1708 (l),
1286 1635 1320 1690 et
1354 1606 1442 1691 inter
1472 1625 1549 1690 illos
1584 1624 1798 1711 antiquiores
1826 1637 1860 1691 et
1894 1623 2058 1705 iuniores
2089 1626 2185 1710 quod
2217 1624 2380 1691 nesciunt
2414 1624 2508 1690 illurn

1031 1740 1221 1820 articulum,
1246 1763 1288 1806 ex
1316 1762 1386 1826 quo
1418 1762 1541 1807 omnes
1564 1741 1731 1827 praedicti
1760 1740 1860 1826 sequi
1884 1740 2056 1822 dicuntur,
2085 1740 2236 1806 Parisius
2260 1740 2417 1807 habitum
2442 1762 2507 1827 pro

1031 1857 1167 1923 haeresi
1205 1858 1258 1922 vel
1295 1879 1420 1923 errore.
1456 1856 1580 1922 Mirum
1612 1870 1665 1923 est
1696 1879 1782 1945 ergo
1815 1858 1993 1942 quomodo
2029 1878 2120 1922 unus
2157 1857 2263 1923 homo
2299 1856 2423 1924 asserit
2456 1856 2508 1924 sic

843 1962 1009 2090 foffigVVa
1031 1972 1170 2058 publice
1209 1972 1285 2038 illos
1324 1973 1486 2039 articulos
1521 1972 1556 2038 in
1591 1994 1630 2039 se
1668 1974 1723 2039 vel
1759 1973 1793 2038 in
1833 1972 1899 2039 sibi
1930 1972 2098 2056 similibus
2133 1972 2328 2054 damnatos
2360 1974 2365 2059 1
2398 1983 2433 2038 et
2463 1972 2508 2038 ad

1032 2110 1195 2175 magnam
1227 2088 1403 2154 infamiam
1432 2089 1656 2175 plurimorum
1690 2111 1763 2154 non
1795 2090 1908 2155 solum
1940 2089 1974 2154 in
2004 2088 2133 2176 Anglia
2165 2090 2228 2155 sed
2260 2089 2508 2175 undecumque

1030 2204 1212 2270 denuntiat
1236 2204 1558 2271 excommunicatos
1582 2227 1705 2271 omnes
1730 2206 1788 2290 qui
1812 2206 1961 2290 aliquam
1988 2226 2031 2271 ex
2054 2204 2119 2271 illis
2143 2205 2197 2271 vel
2219 2225 2343 2272 omnes
2367 2205 2506 2272 docent.

1009 2311 1080 2385 Ἐκ
1103 2322 1174 2387 hoc
1198 2331 1313 2387 autem
1338 2322 1443 2387 modo
1469 2320 1657 2387 damnandi
1682 2321 1876 2388 immineret
1898 2322 2033 2410 grande
2054 2320 2256 2406 periculum.

1118 2436 1182 2501 His
1220 2448 1337 2503 tamen
1375 2436 1458 2502 visis
1504 2447 1620 2523 potest
1666 2448 1786 2523 patere
1825 2438 2004 2522 quomodo
2043 2447 2096 2503 est
2135 2437 2422 2522 respondendum
2462 2437 2507 2503 ad

1029 2552 1268 2638 quaestionem
1294 2552 1519 2639 propositam.
1547 2555 1636 2618 Nam
1665 2575 1744 2619 cum
1770 2554 1945 2638 quaeritur
1971 2565 2086 2618 utrum
2110 2574 2292 2619 erroneum
2321 2552 2365 2618 sit
2389 2552 2507 2621 dicere

1029 2669 1124 2752 quod
1152 2690 1281 2754 corpus
1313 2669 1440 2735 Christi
1473 2669 1540 2754 [sit]
1573 2681 1745 2735 mortuum
1777 2682 1811 2735 et
1842 2691 1971 2755 corpus
1999 2668 2142 2735 latronis
2166 2681 2341 2734 mortuum
2366 2669 2506 2735 fuerunt

1028 2804 1178 2869 corpora
1216 2784 1419 2871 aequivoce,
1451 2797 1510 2851 aut
1542 2785 1658 2851 dicere
1690 2787 1785 2871 quod
1825 2807 1974 2871 corpora
2014 2807 2134 2851 eorum
2177 2786 2318 2851 fuerunt
2356 2805 2505 2871 corpora

1028 2899 1178 2967 univoce
1210 2901 1253 2965 sit
1285 2922 1478 2981 erroneum,
1512 2912 1563 2967 est
1595 2902 1784 2967 dicendum
1816 2902 1911 2986 quod
1938 2922 2122 2967 erroneum
2151 2901 2286 2967 videtur
2309 2922 2390 2968 esse
2421 2900 2505 2966 illud

1028 3038 1091 3101 per
1114 3018 1208 3100 quod
1237 3017 1393 3082 deviatur
1419 3040 1439 3082 a
1466 3017 1673 3083 rectitudine
1703 3018 1778 3083 viae
1807 3039 1995 3103 perquam
2030 3018 2182 3084 tenditur
2205 3018 2249 3082 ad
2273 3017 2389 3083 finem.
2415 3018 2504 3083 Cum

1027 3153 1112 3219 ergo
1137 3134 1181 3196 ad
1209 3133 1354 3199 salutem
1384 3121 1560 3199 aeternam
1588 3156 1679 3218 quae
1707 3144 1760 3200 est
1787 3133 1866 3198 finis
1896 3144 2026 3214 noster,
2054 3134 2289 3223 procedamus
2322 3156 2384 3220 per
2414 3133 2505 3199 viam

1027 3249 1282 3314 credendorum
1301 3261 1334 3314 et
1358 3250 1584 3336 agendorum,
1614 3250 1696 3315 illud
1721 3271 1783 3335 per
1807 3251 1901 3335 quod
1926 3250 2083 3315 deviatur
2110 3271 2130 3314 a
2154 3248 2362 3316 rectitudine
2386 3248 2504 3316 iudicii

1027 3376 1061 3428 et
1089 3362 1123 3429 in
1152 3365 1337 3430 credendis
1365 3367 1419 3430 vel
1445 3365 1601 3453 agendis,
1627 3387 1810 3431 erroneum
1835 3366 1975 3452 proprie
1993 3376 2109 3451 potest
2125 3364 2205 3432 dici.
2224 3365 2371 3431 Falsitas
2388 3377 2504 3433 autem

1027 3478 1120 3544 circa
1159 3481 1335 3547 credenda
1370 3493 1403 3547 et
1443 3480 1533 3547 circa
1573 3483 1711 3568 agenda
1742 3482 1943 3547 necessaria
1981 3483 2025 3547 ad
2057 3482 2204 3547 salutem
2244 3502 2265 3546 a
2296 3480 2503 3548 rectitudine

1003 3669 1006 3678 Ι
1026 3595 1130 3661 huius
1145 3594 1221 3662 viae
1246 3596 1386 3663 deviare
1403 3596 1484 3662 lacit
1501 3609 1535 3663 et
1559 3597 1609 3662 sic
1633 3619 1756 3664 errare.
1783 3598 1824 3663 Et
1849 3598 1929 3663 ideo
1953 3596 2086 3662 salsitas
2111 3596 2145 3661 in
2170 3597 2297 3663 talibus
2317 3619 2503 3665 erroneum

1026 3711 1165 3798 proprie
1196 3712 1377 3793 iudicatur,
1402 3712 1437 3777 in
1463 3713 1537 3779 aliis
1561 3726 1675 3780 autem
1702 3713 1903 3809 simpliciter
1933 3713 2065 3779 salsitas
2090 3713 2216 3780 dicitur
2240 3725 2273 3778 et
2297 3734 2369 3779 non
2397 3735 2501 3794 error,

1025 3827 1105 3913 quia
1127 3850 1189 3916 per
1212 3829 1303 3893 illam
1329 3851 1401 3894 non
1425 3828 1476 3896 sic
1500 3829 1746 3895 arectitudine
1770 3830 1846 3896 viae
1870 3830 1973 3895 nohis
1997 3828 2220 3895 necessariae
2244 3828 2425 3896 deviamus
2449 3831 2502 3896 vel

1024 3946 1236 4010 oberramus.
1259 3945 1352 4010 Talis
1378 3945 1489 4011 auteur
1516 3967 1662 4011 erronea
1679 3945 1811 4012 falsitas
1836 3945 1865 4010 si
1883 3945 2105 4031 pertinaciter
2121 3945 2331 4011 defendatur
2346 3946 2502 4013 haeresis

1024 4060 1149 4126 dicitur
1175 4072 1208 4127 et
1233 4061 1445 4128 haereticum
1475 4061 1566 4127 facit,
1592 4062 1680 4128 Cum
1706 4060 1810 4149 igitur
1837 4063 1881 4127 de
1907 4060 2118 4127 necessitate
2144 4060 2266 4126 salutis
2290 4060 2334 4126 sit
2358 4041 2501 4129 credere

1024 4175 1200 4242 Christum
1224 4198 1305 4242 vere
1329 4187 1363 4243 et
1390 4177 1591 4243 naturaliter
1615 4186 1799 4256 mortuum,
1824 4186 1857 4242 et
1886 4176 1988 4242 etiam
2018 4197 2059 4241 ea
2087 4198 2177 4261 quae
2204 4175 2295 4243 circa
2323 4175 2500 4244 veritatem

1022 4301 1166 4358 naturae
1193 4294 1368 4358 humanae
1396 4292 1430 4357 in
1457 4292 1598 4357 Christo
1630 4303 1699 4357 tam
1735 4292 1814 4357 vivo
1842 4314 1944 4378 quam
1976 4303 2112 4358 mortuo
2142 4292 2186 4356 ad
2215 4290 2395 4358 veritatem
2420 4291 2500 4359 fidei

1022 4407 1227 4493 pertineant,
1260 4420 1294 4473 et
1329 4409 1435 4473 altera
1474 4408 1643 4474 dictarum
1680 4408 1894 4493 positionum
1936 4418 1988 4473 est
2023 4408 2121 4487 falsa,
2157 4417 2295 4493 oportet
2326 4409 2424 4492 quod
2459 4408 2502 4474 sit

1021 4523 1158 4589 realiter
1187 4545 1343 4589 erronea.
1373 4523 1444 4589 Sed
1475 4524 1641 4607 quamdiu
1669 4546 1742 4588 non
1775 4534 1827 4589 est
1855 4523 1999 4589 evidens
2028 4533 2062 4589 et
2090 4523 2311 4589 manifestum
2340 4545 2431 4608 quae
2458 4523 2502 4589 sit

1021 4638 1086 4718 illa,
1125 4660 1382 4724 quamcumque
1414 4639 1623 4726 positionem
1656 4640 1691 4704 in
1732 4640 1930 4704 huiusmodi
1963 4650 2088 4705 tenens
2126 4660 2197 4704 non
2239 4639 2344 4705 debet
2381 4660 2500 4705 errans

1020 4754 1175 4834 iudicari,
1204 4777 1270 4821 nec
1295 4755 1396 4821 etiam
1422 4768 1512 4821 errat
1536 4778 1652 4821 errore
1677 4755 1757 4821 dico
1785 4755 1959 4841 culpabili,
1982 4756 2046 4820 sed
2070 4776 2187 4821 errore
2215 4754 2366 4840 poenali,
2392 4754 2499 4822 etsie

1020 4870 1177 4936 excusari
1194 4871 1297 4937 etiam
1313 4882 1428 4957 potest
1444 4871 1520 4936 sine
1537 4871 1692 4956 periculo
1710 4871 1743 4936 in
1760 4871 1829 4936 fide
1846 4883 1881 4937 et
1900 4873 2033 4955 absque
2051 4881 2197 4956 peccato
2214 4869 2382 4937 haeresis
2397 4871 2499 4955 Quae

1019 4985 1099 5052 licet
1115 4986 1277 5052 sustineri
1293 4989 1337 5051 ab
1355 4987 1408 5052 his
1433 4987 1559 5072 quibus
1577 5009 1647 5051 non
1666 4999 1718 5053 est
1736 4987 1919 5052 manifesta
1937 4986 2063 5052 veritas
2080 4985 2115 5051 in
2133 4986 2308 5071 positione
2326 4985 2499 5053 contraria

1019 5101 1062 5166 illi
1094 5124 1197 5186 quam
1230 5113 1371 5168 teneret.
1404 5104 1476 5168 Sed
1508 5125 1586 5168 cum
1619 5103 1722 5168 fuerit
1753 5101 1946 5183 manifesta,
1979 5102 2045 5166 iarn
2079 5103 2236 5168 volentes
2264 5124 2364 5167 suam
2395 5102 2424 5168 si
2455 5102 2499 5169 sit

1018 5218 1191 5282 contraria
1216 5229 1345 5297 tenere,
1370 5218 1535 5284 haeretici
1560 5231 1689 5284 essent.

1107 5337 1195 5398 Cum
1235 5332 1359 5399 dicitur
1398 5334 1432 5399 in
1464 5347 1673 5420 argumento
1710 5336 1805 5418 quod
1841 5356 1913 5399 non
1947 5334 2106 5413 univoce,
2132 5333 2226 5418 quia·
2244 5354 2374 5419 corpus
2405 5333 2495 5400 Petri

1017 5460 1188 5514 mortuum
1226 5461 1298 5514 erat
1329 5471 1457 5535 corpus
1494 5450 1537 5514 ab
1577 5450 1643 5514 alia
1676 5451 1786 5514 forma
1819 5472 1922 5534 quarn
1955 5470 2034 5515 cum
2067 5459 2140 5515 erat
2171 5449 2299 5529 vivum,
2331 5470 2404 5515 non
2445 5450 2496 5516 sic

1016 5576 1130 5631 autem
1148 5588 1277 5651 corpus
1302 5564 1440 5640 Christi,
1465 5567 1658 5630 secundum
1685 5565 1761 5630 illos
1786 5588 1920 5643 ornnes,
1945 5564 2100 5651 exceptis
2129 5564 2251 5650 paucis
2276 5564 2333 5649 qui
2360 5576 2496 5649 ponunt

1016 5682 1133 5765 plures
1159 5682 1288 5746 formas
1313 5681 1346 5747 in
1372 5680 1524 5752 homine.
1552 5681 1774 5745 -diceretur
1798 5682 1892 5765 quod
1918 5682 2022 5746 innuo
2047 5702 2176 5765 corpus
2201 5679 2292 5746 Petri
2322 5679 2438 5746 vivum
2463 5691 2497 5747 et

1015 5809 1188 5862 mortuum
1221 5796 1322 5863 fuerit
1353 5819 1481 5882 corpus
1514 5799 1558 5860 ah
1591 5798 1713 5862 cadem
1754 5798 1862 5861 forma
1900 5796 2130 5874 substantiali,
2171 5796 2216 5861 ita
2256 5796 2350 5881 quod
2392 5796 2494 5863 etiam

1103 6073 1142 6141 il)
1163 6069 1196 6123 V.
1216 6087 1258 6146 gr.
1279 6068 1453 6122 Henricus
1474 6067 1514 6121 dc
1535 6068 1721 6132 (tauriaco,
1736 6069 1842 6140 Quorll.
1856 6069 1890 6134 X,
1905 6087 1931 6148 q.
1945 6071 1962 6122 ἶ)
1976 6077 2006 6136 tt.
2021 6069 2057 6126 11.
2070 6067 2120 6123 sol.
2138 6071 2189 6122 148
2203 6068 2271 6135 (bis)
2286 6066 2405 6135 Rv-va).
