6700 7992
1034 1409 1087 1491 aas
1400 1436 1591 1493 uxorsrm
1619 1437 1839 1493 consenior
1868 1416 2146 1523 0610111111υέ

1036 1616 1175 1703 propria
1199 1616 1341 1683 materia
1376 1617 1494 1705 agenti
1529 1617 1671 1704 proprio
1707 1628 1741 1683 et
1771 1617 1968 1703 particulari
1996 1617 2164 1698 subiecta,
2196 1616 2330 1682 ratione
2362 1638 2509 1701 quorum
2594 1697 2596 1702 Ι

1036 1732 1197 1798 dicuntur
1238 1734 1324 1799 tales
1366 1755 1421 1798 res
1460 1734 1527 1799 iam
1567 1733 1683 1818 aliquo
1721 1735 1826 1798 modo
1867 1754 1945 1798 esse
1984 1732 2112 1817 aliquid
2152 1733 2298 1813 realiter,
2339 1733 2403 1798 sed
2437 1754 2510 1797 non

1035 1848 1236 1935 simpliciter
1260 1861 1293 1915 et
1317 1849 1351 1914 in
1376 1861 1455 1914 actu
1481 1851 1543 1915 sed
1569 1850 1771 1935 imperfecte
1797 1862 1830 1914 et
1866 1849 1899 1913 in
1936 1849 2101 1934 potentia,
2127 1862 2164 1914 ut
2198 1849 2316 1935 pluvia
2350 1850 2405 1915 vel
2430 1870 2510 1913 rosa

1035 1986 1106 2030 non
1147 1964 1316 2031 existente
1355 1964 1390 2030 in
1429 1986 1467 2030 se
1505 1965 1591 2050 ipsa,
1632 1976 1747 2030 tamen
1786 1987 1916 2050 vapore
1949 1964 2120 2050 disposito
2160 1966 2205 2030 ad
2246 1964 2509 2050 generationem

1035 2080 1173 2166 pluviae
1199 2092 1232 2146 et
1255 2080 1388 2146 semine
1412 2103 1513 2146 rosae
1545 2081 1716 2167 disposito
1741 2082 1785 2146 ad
1809 2080 2071 2168 generationem
2108 2102 2219 2159 rosae,
2246 2079 2371 2146 dicitur
2394 2080 2509 2166 pluvia

1035 2197 1089 2262 vel
1112 2218 1193 2262 rosa
1216 2218 1295 2262 esse
1320 2196 1353 2261 in
1379 2197 1534 2282 potentia
1570 2196 1718 2283 proprie,
1745 2207 1781 2262 ut
1816 2209 1910 2282 patet
1943 2219 2039 2262 nono
2064 2196 2325 2282 Metaphysicae
2343 2200 2400 2279 (1).
2437 2196 2509 2262 Sed

1035 2333 1113 2377 cum
1139 2314 1227 2378 lraec
1257 2314 1388 2378 habent
1425 2334 1504 2378 esse
1539 2312 1573 2376 in
1609 2313 1766 2399 potentia
1801 2324 1943 2390 remota,
1981 2324 2101 2398 utpote
2136 2311 2172 2377 in
2207 2311 2364 2397 potentia
2398 2322 2510 2378 terrae

1034 2430 1089 2495 vel
1119 2428 1265 2494 alicuius
1289 2428 1450 2494 elementi
1475 2429 1569 2513 quod
1605 2450 1667 2514 per
1690 2429 1816 2493 multas
1840 2427 2146 2494 transmutationes
2182 2439 2298 2513 potest
2321 2427 2393 2494 lieri
2428 2449 2509 2494 rosa

1035 2546 1088 2610 vel
1126 2544 1253 2630 pluvia,
1293 2557 1345 2610 est
1385 2544 1486 2610 etiam
1523 2544 1574 2609 sic
1608 2567 1689 2609 rosa
1722 2546 1776 2609 vel
1813 2543 1930 2630 pluvia
1966 2544 2000 2608 in
2041 2543 2207 2629 potentia,
2244 2556 2278 2609 et
2313 2544 2508 2611 secundum

1034 2662 1175 2726 modum
1214 2662 1407 2727 secundum
1448 2682 1550 2745 quem
1586 2663 1675 2726 lraec
1710 2662 1841 2725 liabent
1877 2681 1966 2740 esse,
2002 2671 2036 2725 et
2071 2661 2266 2725 secundum
2301 2662 2371 2726 hoc
2406 2661 2506 2726 etiam

1033 2778 1164 2842 habent
1189 2798 1268 2843 esse
1291 2778 1383 2842 reale
1408 2787 1442 2842 et
1466 2787 1547 2841 sunt
1571 2776 1605 2841 in
1629 2797 1760 2862 genere
1785 2787 1818 2840 et
1842 2777 1886 2840 de
1918 2775 2003 2861 ipsis
2039 2786 2092 2841 est
2125 2797 2206 2841 vera
2237 2776 2393 2842 scientia.
2418 2777 2509 2842 Cum

1034 2892 1125 2958 enim
1150 2894 1281 2957 habent
1305 2914 1383 2958 esse
1407 2892 1441 2957 in
1467 2914 1505 2958 se
1530 2890 1625 2978 ipsis,
1656 2894 1803 2957 liabetur
1834 2891 1979 2956 scientia
2008 2892 2052 2958 de
2081 2891 2145 2956 illis
2174 2891 2208 2956 in
2233 2913 2271 2957 se
2296 2891 2402 2977 ipsis;
2428 2913 2508 2958 cum

1034 3018 1148 3073 autem
1187 3010 1318 3074 liabent
1347 3030 1426 3074 esse
1465 3008 1498 3073 in
1529 3008 1602 3073 suis
1639 3007 1764 3086 causis,
1800 3008 1949 3072 habetur
1983 3007 2130 3072 scientia
2166 3008 2209 3072 de
2246 3007 2330 3093 ipsis
2365 3008 2398 3073 in
2435 3008 2508 3073 suis

1033 3123 1150 3189 causis
1187 3123 1259 3188 sive
1292 3125 1486 3189 secundum
1519 3145 1598 3189 esse
1628 3123 1723 3207 quod
1758 3124 1889 3188 habent
1925 3122 1958 3187 in
1994 3122 2066 3187 suis
2097 3122 2212 3188 causis
2244 3136 2277 3188 et
2308 3135 2432 3189 cetera.
2466 3163 2507 3171 —

1034 3239 1259 3324 Quandoque
1283 3255 1398 3304 autem
1422 3242 1510 3306 haec
1534 3241 1665 3304 habent
1697 3260 1775 3305 esse
1806 3239 1919 3303 solum
1951 3238 2139 3305 virtualiter
2162 3238 2197 3303 in
2221 3238 2295 3304 suis
2327 3239 2507 3325 principiis

1033 3354 1246 3434 extrinsecis,
1283 3377 1354 3420 non
1379 3354 1654 3441 ingredientibus
1691 3353 1878 3420 essentiam
1914 3354 2080 3438 ipsorum,
2113 3366 2150 3419 ut
2181 3354 2215 3419 iu
2247 3354 2403 3440 potentia
2442 3356 2508 3422 Dei

1033 3470 1092 3554 qui
1119 3470 1254 3536 ratione
1277 3492 1363 3536 suae
1381 3469 1535 3536 infinitae
1560 3469 1785 3557 perfectionis
1811 3471 2070 3554 quodammodo
2095 3481 2148 3536 est
2172 3470 2288 3536 omnia
2312 3470 2347 3536 in
2372 3470 2507 3551 virtute,

1033 3596 1067 3652 et
1091 3585 1207 3650 omnia
1244 3587 1503 3670 quodammodo
1537 3585 1725 3651 virtualiter
1760 3586 1794 3651 in
1833 3607 1872 3651 se
1911 3587 2026 3666 habet,
2064 3585 2182 3651 omnia
2220 3608 2284 3651 sua
2323 3586 2448 3652 virtute
2473 3587 2507 3652 in

1031 3722 1110 3767 esse
1146 3701 1340 3787 producere
1365 3712 1501 3787 potens,
1526 3713 1560 3767 et
1584 3702 1634 3768 sic
1658 3701 1776 3767 omnia
1800 3701 1963 3767 creabilia
1987 3723 2077 3786 quae
2109 3723 2176 3767 nec
2211 3714 2293 3768 sunt
2315 3702 2446 3788 aliquid
2470 3703 2505 3768 in

1032 3838 1071 3883 se
1106 3816 1190 3902 ipsis
1225 3817 1415 3883 formaliter
1448 3838 1516 3883 nee
1546 3817 1581 3882 in
1621 3817 1738 3902 aliquo
1774 3839 1915 3883 suorum
1955 3817 2205 3903 principiorum
2241 3818 2505 3885 intrinsecorum

1032 3932 1228 4013 virtualiter,
1264 3932 1426 3998 dicuntur
1463 3945 1578 3999 tamen
1612 3933 1704 3999 entia
1736 3933 1769 3998 in
1804 3933 1970 4018 potentia,
1995 3933 2029 3998 in
2063 3945 2229 4018 quantum
2262 3937 2393 3999 habent
2429 3956 2508 4000 esse

1032 4048 1066 4113 in
1102 4050 1180 4114 Deo
1215 4047 1403 4113 virtualiter
1437 4048 1531 4114 dicto
1570 4049 1676 4114 modo
1713 4062 1748 4114 ut
1782 4049 1815 4113 in
1850 4072 1913 4114 sua
1949 4070 2066 4123 eausa.
2103 4050 2200 4114 Talia
2229 4062 2344 4115 autem
2369 4051 2507 4116 fuerunt

1032 4163 1149 4230 omnia
1173 4186 1263 4249 quae
1295 4185 1390 4229 nunc
1415 4174 1496 4228 sunt
1527 4179 1711 4248 antequam
1745 4176 1956 4241 crearentur,
1988 4176 2023 4230 et
2050 4165 2166 4230 omnia
2191 4188 2280 4250 quae
2312 4168 2506 4231 secundum

1032 4281 1179 4364 aliquem
1219 4281 1365 4368 gradum
1413 4279 1563 4345 entitatis
1605 4290 1638 4345 et
1677 4280 1902 4364 perfectionis
1942 4293 2022 4345 nata
2061 4294 2142 4345 sunt
2182 4281 2305 4346 imitari
2354 4281 2506 4346 divinam

1032 4395 1208 4462 entitatem
1233 4408 1268 4460 et
1302 4395 1563 4482 perlectionem,
1589 4406 1622 4460 et
1658 4416 1748 4478 quae
1779 4397 1909 4460 liabent
1944 4396 2094 4480 aliquam
2126 4397 2239 4461 ideam
2272 4398 2506 4482 exemplarem

1031 4512 1225 4576 secundum
1250 4533 1353 4596 quam
1378 4522 1459 4575 nata
1483 4521 1563 4575 sunt
1588 4510 1734 4596 produci
1752 4510 1786 4574 iu
1812 4533 1890 4575 esse
1908 4511 1942 4575 iu
1967 4533 2005 4576 se
2031 4511 2126 4597 ipsis,
2152 4512 2303 4576 divinam
2329 4512 2506 4579 entitatem

1031 4627 1272 4712 participando
1297 4628 1490 4692 seeundum
1516 4627 1646 4712 gradus
1672 4647 1766 4690 suos.
1800 4626 1842 4690 Et
1873 4628 2068 4692 secundum
2094 4629 2163 4692 lroc
2187 4627 2289 4693 etiam
2323 4629 2421 4694 Deus
2445 4651 2508 4714 per

1030 4743 1105 4808 illas
1130 4765 1212 4808 suas
1236 4743 1333 4808 ideas
1358 4754 1391 4808 et
1425 4743 1578 4808 rationes
1610 4743 1839 4827 exemplares
1861 4744 1967 4807 habet
1991 4743 2171 4808 scientiam
2200 4745 2243 4810 de
2279 4744 2442 4809 omnibus
2472 4744 2506 4809 in

1030 4859 1181 4945 seipse,
1210 4881 1276 4925 nec
1304 4858 1404 4923 aliam
1433 4879 1510 4923 curn
1544 4868 1625 4923 sunt
1650 4880 1754 4942 quam
1786 4880 1864 4923 cum
1896 4880 1965 4923 non
1995 4871 2084 4924 sunt.
2117 4900 2152 4905 --
2183 4860 2366 4944 Quaedam
2391 4874 2506 4926 autem

1030 4976 1161 5040 habent
1184 4975 1296 5040 solum
1328 4996 1407 5040 esse
1442 4973 1632 5061 cognitum,
1669 4995 1736 5039 nec
1772 4974 1966 5038 secundum
2002 4975 2147 5038 formam
2190 4987 2224 5040 et
2259 4977 2400 5040 modum
2430 4976 2506 5041 talis

1030 5090 1241 5179 cognitionis
1266 5101 1346 5154 nata
1376 5106 1457 5154 sunt
1492 5089 1638 5155 existere
1669 5089 1804 5154 realiter
1840 5100 1934 5154 extra
1971 5088 2066 5154 inse
2103 5091 2197 5176 ipsis,
2231 5103 2263 5156 et
2300 5092 2344 5156 de
2377 5091 2505 5158 talibus

1030 5217 1069 5271 ut
1112 5206 1156 5272 de
1194 5205 1344 5270 realibus
1384 5204 1531 5270 obiectis
1571 5226 1641 5270 non
1682 5216 1798 5289 potest
1833 5226 1912 5270 esse
1948 5205 2102 5283 scientia,
2143 5207 2224 5291 quia
2262 5208 2358 5272 nullo
2400 5209 2507 5274 modo

1030 5323 1161 5388 habent
1185 5342 1264 5387 esse
1287 5343 1405 5386 verum
1430 5321 1522 5386 reale
1547 5334 1580 5385 et
1609 5320 1805 5402 essentiale,
1831 5340 1897 5385 uec
1921 5333 2000 5386 actu
2026 5321 2058 5386 in
2088 5345 2126 5387 se
2151 5322 2246 5408 ipsis,
2278 5343 2343 5389 nec
2371 5323 2405 5388 in
2434 5324 2507 5389 suis

1031 5437 1146 5503 causis
1170 5437 1205 5502 in
1230 5437 1394 5522 potentia.

1120 5553 1189 5618 Res
1213 5574 1299 5640 ergo
1324 5553 1519 5617 seeundum
1544 5573 1622 5617 esse
1647 5553 1741 5637 quod
1766 5553 1896 5617 habent
1920 5552 2031 5637 primo
2057 5555 2162 5617 modo
2187 5575 2268 5619 vere
2298 5566 2332 5619 et
2367 5556 2507 5641 proprie

1030 5669 1192 5735 dicuntur
1227 5689 1305 5734 esse
1340 5668 1374 5733 in
1410 5689 1551 5755 genere,
1587 5667 1667 5751 quia
1704 5667 1902 5753 simpliciter
1934 5679 1967 5733 et
2002 5668 2036 5732 in
2073 5685 2162 5734 actu.
2199 5669 2402 5735 Secundum
2428 5692 2507 5738 esse

1030 5806 1112 5852 vero
1137 5785 1232 5869 quod
1257 5785 1388 5850 habent
1411 5784 1569 5849 secundo
1594 5783 1700 5848 modo
1734 5783 1895 5849 dicuntur
1931 5784 2032 5849 etiam
2069 5805 2148 5851 esse
2182 5784 2217 5849 in
2253 5807 2393 5873 genere,
2425 5786 2507 5872 quia

1120 6046 1159 6112 (l)
1180 6040 1239 6097 ctr.
1259 6040 1498 6108 AristoteleS,
1519 6041 1738 6112 Metaplrysicoe
1750 6041 1767 6094 l.
1783 6040 1851 6094 Vlll
1866 6040 1911 6110 [al.
1927 6040 1986 6110 llll,
2000 6058 2024 6095 c.
2039 6043 2055 6094 7
2069 6046 2108 6113 (p,
2124 6044 2212 6109 1049).
