6700 7992
1097 1401 1150 1449 ³22
1463 1363 1654 1450 lllAGlSTlll
1685 1395 1905 1449 GODEFRlDl
1934 1396 1986 1449 DE
2015 1395 2213 1450 FONTlBUS

1098 1575 1197 1628 divina
1216 1574 1377 1628 secundum
1399 1574 1573 1627 nobiliorem
1596 1573 1821 1627 imitabilitatem
1845 1573 2004 1644 respondet
2027 1573 2075 1626 uni
2099 1572 2219 1626 ideato¹
2241 1590 2328 1643 quam
2351 1572 2408 1640 alii,
2427 1573 2576 1644 loquendo

1097 1669 1257 1724 secundum
1277 1671 1419 1723 rationem
1440 1669 1631 1739 intelligendi.
1651 1669 1711 1722 Sed
1731 1670 1759 1721 in
1779 1668 1938 1722 individuis
1960 1668 2091 1722 eiusdem
2121 1667 2232 1740 speciei
2259 1685 2318 1722 non
2348 1677 2392 1722 est
2420 1669 2495 1723 ordo
2523 1687 2576 1740 per

1097 1784 1129 1819 se
1149 1766 1297 1837 loquendo
1316 1784 1371 1818 nec
1391 1765 1553 1836 perfectius
1572 1783 1626 1818 nec
1646 1765 1741 1817 minus
1760 1763 1932 1836 perlectum.
1952 1765 2056 1835 Ergo²
2084 1765 2126 1818 eis
2154 1782 2212 1817 non
2236 1764 2416 1835 respondent
2439 1765 2575 1822 diversae

1097 1861 1190 1915 ideae.
1211 1893 1243 1900 --
1264 1862 1376 1931 Quarta
1396 1861 1495 1914 ratio³
1513 1860 1581 1913 talis
1600 1871 1653 1912 est.
1673 1860 1783 1913 Generi
1803 1870 1833 1914 et
1853 1860 2036 1914 differentiae
2055 1878 2114 1913 non
2133 1860 2314 1932 respondent
2334 1860 2470 1914 diversae
2488 1860 2576 1914 ideae

1096 1956 1164 2011 licet
1183 1957 1311 2010 babeant
1331 1957 1463 2009 diversas
1481 1956 1620 2009 rationes.
1641 1956 1677 2008 Et
1696 1957 1751 2009 hoc
1771 1955 1839 2009 ideo
1868 1965 1912 2009 est
1941 1955 2009 2026 quia
2037 1973 2095 2009 non
2121 1956 2231 2009 habent
2249 1974 2302 2027 per
2321 1974 2353 2009 se
2374 1956 2574 2010 diversitatem

1097 2051 1258 2118 formalem,
1286 2052 1340 2106 sed
1368 2071 1421 2122 per
1449 2052 1588 2106 accidens
1617 2051 1755 2104 dillerunt
1780 2060 1901 2122 propter
1927 2051 2194 2105 considerationem
2222 2051 2388 2106 intellectus
2414 2053 2577 2123 apprehen·

1096 2147 1192 2201 dentis
1208 2151 1224 2214 ¹,
1244 2166 1331 2200 unum
1351 2157 1383 2200 ut
1402 2147 1611 2218 incompletum
1635 2156 1664 2200 et
1684 2147 1762 2200 aliud
1782 2157 1813 2199 ut
1833 2146 1956 2200 formale
1977 2148 2234 2218 complementum.
2255 2149 2333 2218 Ergo
2354 2165 2370 2201 a
2389 2147 2486 2207 simili,
2509 2166 2573 2202 cum

1095 2242 1246 2297 individua
1265 2261 1321 2297 non
1341 2244 1469 2296 habeant
1489 2261 1542 2314 per
1558 2261 1591 2295 se
1611 2242 1812 2296 diversitatem
1836 2241 1988 2296 formalem
2012 2260 2066 2296 nec
2089 2243 2199 2314 aliquid
2223 2243 2345 2296 formale
2369 2243 2482 2296 addat⁵
2501 2243 2575 2296 indi·

1095 2436 1186 2488 multo
1206 2435 1300 2488 minus
1320 2435 1408 2488 etiam
1429 2452 1515 2505 quam
1532 2436 1541 2465 ἵ
1560 2434 1661 2505 generi
1681 2444 1709 2487 et
1730 2433 1922 2487 differentiae.
1938 2465 1970 2473 —
1990 2433 2101 2503 Quinta
2120 2434 2187 2488 talis
2206 2441 2259 2488 est.
2280 2434 2404 2506 Species
2426 2434 2454 2487 in
2477 2443 2574 2488 mente

1095 2530 1192 2601 angeli
1220 2530 1389 2584 derivantur
1418 2531 1454 2583 ab
1484 2529 1558 2583 ideis
1586 2529 1701 2583 divinis.
1731 2529 1791 2583 Sed
1819 2530 1935 2601 species
1964 2530 1992 2582 in
2026 2538 2123 2583 mente
2155 2529 2252 2601 augeli
2284 2548 2342 2583 nou
2373 2530 2575 2602 plurificantur

1095 2625 1254 2680 secundum
1284 2626 1481 2696 pluralitatem
1511 2625 1726 2679 individuorum
1756 2624 1808 2678 sed
1837 2633 1948 2679 tantum
1980 2625 2141 2679 secundum
2167 2625 2364 2696 pluralitatem
2390 2625 2574 2696 specierum:

1094 2738 1166 2792 ergo
1187 2741 1203 2775 a
1222 2721 1308 2775 simili
1329 2740 1382 2775 uec
1404 2721 1496 2774 ideae.
1517 2754 1550 2761 —
1574 2723 1664 2774 Sexta
1687 2722 1754 2774 talis
1777 2730 1829 2774 est.
1852 2721 1934 2774 Sicut
1958 2721 2032 2775 ratio
2056 2721 2238 2791 intelligendi
2261 2738 2293 2775 se
2316 2722 2404 2774 babet
2427 2723 2464 2774 ad
2486 2723 2575 2794 pluri·

1094 2817 1262 2871 ficationem
1283 2819 1391 2871 realem
1411 2818 1438 2870 in
1461 2818 1611 2875 creaturis.
1640 2818 1679 2870 ita
1708 2835 1741 2869 se
1769 2818 1858 2870 babet
1887 2816 1924 2870 ad
1953 2817 2197 2888 plurificationem
2227 2818 2349 2870 rationis
2368 2818 2397 2871 in
2418 2818 2491 2871 Deo,
2514 2818 2574 2872 Sed

1094 2914 1123 2967 in
1143 2914 1285 2968 creaturis
1306 2915 1629 2975 intellectualibusnon
1653 2913 1834 2983 plurificatur
1856 2914 1974 2966 realiter
1993 2913 2067 2966 ratio
2091 2912 2274 2984 intelligendi
2297 2913 2457 2967 secundum
2477 2914 2575 2985 plura-

1093 3010 1205 3063 litatem
1242 3008 1468 3062 indiriduorum.
1507 3010 1584 3077 Ergo
1622 3027 1677 3061 uec
1715 3008 1743 3062 in
1786 3009 1849 3063 Deo
1892 3009 1961 3062 illud
2002 3009 2081 3081 quod
2122 3009 2239 3080 ponitur
2276 3010 2350 3063 ratio
2390 3010 2573 3081 intelligendi

1093 3105 1299 3175 plurificatur*
1321 3105 1481 3159 secundum
1504 3105 1646 3159 rationem
1671 3114 1807 3175 respectu
1832 3106 1956 3177 plurium
1979 3105 2195 3158 individuorum
2218 3105 2349 3159 eiusdem
2374 3106 2492 3177 speciei.
2513 3106 2573 3159 Sed

1093 3200 1160 3255 idea
1189 3201 1307 3272 ponitur
1335 3204 1409 3254 ratio
1440 3201 1621 3268 intelligendi
1651 3211 1800 3254 creaturas
1829 3201 1952 3271 aliquo⁹
1978 3201 2076 3254 modo.
2102 3201 2180 3272 Ergo
2206 3211 2235 3254 et
2260 3211 2368 3255 cetera.
2394 3203 2458 3254 Hoc
2484 3203 2572 3255 etiam

1094 3296 1209 3351 videtur
1237 3314 1302 3351 esse
1332 3297 1455 3351 intentio
1483 3297 1640 3367 Augustini
1662 3301 1701 3361 ili
1730 3296 1758 3349 in
1788 3297 1913 3367 epistula
1936 3296 1974 3350 ad
1996 3296 2177 3360 Nebridium,
2196 3297 2245 3350 ubi
2266 3298 2327 3350 vult
2347 3297 2425 3368 quod
2448 3296 2573 3350 hominis

1093 3401 1205 3446 tantum
1234 3405 1280 3447 est
1308 3393 1347 3447 ibi
1377 3394 1451 3446 ratio
1479 3411 1537 3447 non
1564 3398 1567 3460 ;
1593 3393 1679 3446 huius
1704 3393 1751 3445 rel
1779 3393 1855 3445 illius
1881 3401 1910 3446 et
1935 3392 2015 3463 quod
2040 3393 2175 3446 diversae
2202 3394 2331 3447 rationes
2356 3393 2451 3447 reales
2479 3393 2573 3446 diver-

1093 3505 1191 3542 sorum
1216 3488 1364 3542 hominum
1392 3489 1517 3542 dirersis
1536 3489 1718 3559 temporibus
1739 3488 1882 3542 sactorum
1902 3489 2010 3542 habeut
2030 3489 2058 3542 in
2078 3499 2176 3542 mente
2199 3489 2298 3543 divina
2320 3506 2406 3542 uuam
2429 3488 2572 3543 rationem

1093 3585 1213 3655 speciei,
1241 3585 1396 3638 declarans
1413 3590 1433 3614 '⁰
1460 3586 1515 3638 hoc
1545 3603 1597 3656 per
1625 3584 1730 3648 simile,
1759 3584 1871 3638 seilicet
1901 3584 1980 3655 quod
2009 3603 2062 3656 per
2089 3584 2213 3638 eandem
2236 3585 2378 3638 rationem
2403 3584 2536 3656 quadrati
2553 3588 2572 3617 ¹¹

1093 3678 1217 3734 iacimus
1235 3681 1283 3733 vel
1303 3681 1538 3733 demonstramus
1557 3698 1646 3734 omne
1666 3680 1840 3751 quadratum
1858 3681 1885 3745 ¹²,
1905 3698 1962 3733 non
1982 3698 2036 3752 per
2055 3681 2142 3734 aliam
2162 3693 2191 3734 et
2211 3680 2296 3734 aliam
2317 3681 2468 3735 rationem.

1182 3776 1229 3829 Ad
1258 3776 1401 3829 rationem
1430 3778 1458 3829 in
1488 3776 1665 3829 contrarium
1695 3786 1786 3846 patet,
1808 3775 1876 3845 quia
1899 3794 1956 3829 nou
1979 3775 2177 3847 quorumlibet
2202 3775 2385 3846 cognitorum
2412 3786 2455 3831 est
2478 3777 2573 3848 primo

1093 3880 1122 3925 et
1150 3889 1203 3942 per
1231 3891 1262 3925 se
1291 3872 1357 3926 idea
1387 3872 1441 3925 sed
1469 3870 1633 3925 formalium
1663 3871 1846 3926 obiectorum
1875 3872 2036 3926 secundum
2065 3890 2147 3926 suam
2177 3871 2330 3926 formalem
2359 3873 2510 3927 rationem.
2536 3874 2572 3926 Et

1092 3967 1253 4021 secundum
1273 3968 1343 4021 talia
1363 3967 1576 4037 cognoscibilia
1602 3966 1685 4039 plura
1711 3978 1779 4021 sunt
1803 3967 1938 4021 diversae
1964 3968 2058 4031 ideae,
2077 3986 2135 4021 non
2156 3978 2253 4021 autem
2274 3969 2435 4022 secundum
2455 3968 2573 4031 diversa

1092 4063 1306 4133 cognoscibilia
1323 4065 1342 4094 ¹³
1361 4082 1396 4116 ex
1417 4064 1609 4135 consequenti
1629 4073 1658 4117 et
1678 4063 1868 4117 materialiter
1887 4063 2061 4117 differentia.
2087 4068 2091 4132 Ι

1662 4457 1928 4528 Quaestio
1961 4459 1995 4511 11

1748 4622 1913 4666 «namsi.

1093 4803 1202 4858 Uirum
1226 4808 1338 4874 ponere
1356 4808 1529 4857 creaturam
1548 4804 1586 4857 ab
1604 4808 1727 4858 aeterno
1753 4823 1813 4857 esse
1839 4810 1987 4874 parantum
2006 4807 2048 4858 ad
2071 4824 2131 4860 esse
2149 4806 2386 4877 qaiddr'latiemn
2405 4806 2569 4859 secundum

1233 4899 1313 4968 qrtod
1330 4899 1423 4952 estin
1440 4900 1694 4971 praedicamenta
1713 4901 1754 4954 sit
1766 4906 1879 4972 poliere
1899 4903 2044 4955 interro'um
2058 4901 2160 4972 juisse
2178 4902 2216 4955 ab
2235 4907 2355 4956 aeterno
2369 4905 2416 4969 (2).

1178 5165 1286 5221 Postea
1306 5167 1523 5239 quaerebantur
1547 5167 1606 5222 duo
1631 5167 1660 5222 in
1686 5169 1817 5240 generali
1842 5170 1880 5224 de
1905 5177 2040 5223 creatura
2071 5178 2211 5242 quantum
2243 5169 2281 5222 ad
2312 5185 2381 5223 esse
2412 5167 2568 5222 essentiae.

1088 5262 1216 5316 Primum
1230 5272 1293 5317 erat
1314 5272 1409 5317 utrum
1432 5281 1544 5336 ponere
1566 5273 1730 5319 creaturam
1753 5267 1790 5318 ab
1813 5279 1933 5320 aeterno
1956 5258 2023 5320 esse
2036 5272 2176 5337 quantum
2196 5264 2234 5318 ad
2253 5281 2320 5318 esse
2340 5262 2567 5335 quidditativum

1088 5357 1249 5413 secundum
1264 5357 1343 5429 quod
1357 5367 1402 5413 est
1415 5358 1445 5413 in
1458 5359 1709 5432 praedicamento,
1728 5361 1766 5415 sit
1785 5379 1897 5433 ponere
1916 5361 2055 5415 mundum
2078 5360 2169 5415 fuisse
2189 5361 2227 5413 ab
2248 5369 2379 5414 aeterno.
2398 5358 2568 5416 Secundum

1179 5627 1186 5656 ¹
1205 5625 1301 5697 magis
1318 5626 1387 5679 add.
1408 5625 1441 5682 C.
1453 5658 1485 5667 -
1505 5629 1517 5659 ³
1535 5626 1563 5680 in
1583 5628 1652 5681 add.
1673 5628 1706 5682 C.
1727 5660 1759 5667 -
1779 5629 1790 5660 ⁸
1809 5646 1864 5682 om.
1884 5628 1917 5682 C.
1937 5661 1969 5668 -
1991 5632 2000 5661 ⁴
2020 5627 2298 5699 comprehendentis
2312 5627 2346 5682 C.
2361 5658 2393 5666 —
2414 5625 2519 5680 ‘addit
2534 5624 2568 5680 C.

1088 5742 1121 5751 -
1140 5712 1152 5743 ⁸
1169 5729 1258 5785 supra
1278 5713 1311 5768 C.
1330 5745 1364 5753 —
1386 5715 1469 5768 'ona
1489 5715 1522 5770 C.
1545 5746 1577 5754 —
1599 5715 1841 5785 ⁸plurificabitur
1860 5716 1893 5769 C.
1920 5747 1950 5755 -
1970 5717 1981 5747 ⁹
1999 5714 2129 5786 quodam
2149 5714 2183 5771 C.
2206 5746 2239 5755 -
2266 5716 2286 5747 ¹⁰
2305 5714 2457 5769 declarant
2476 5712 2510 5768 C.
2534 5743 2568 5752 -

1089 5803 1108 5832 ¹¹
1128 5799 1302 5870 quadratum
1323 5801 1356 5856 C.
1377 5834 1409 5841 -
1431 5802 1452 5834 ¹²
1471 5810 1500 5856 et
1519 5803 1588 5856 add.
1609 5802 1642 5857 C.
1662 5834 1696 5844 -
1719 5804 1739 5835 ¹⁸
1757 5803 1841 5874 plura
1860 5803 1930 5856 add.
1951 5803 1984 5857 C.

1174 6007 1214 6070 (l)
1234 6002 1294 6058 Csr.
1315 6022 1341 6076 p.
1361 6006 1422 6071 232,
1442 6022 1469 6059 n.
1489 6008 1537 6072 (ll.
1558 6036 1590 6044 —-
1610 6009 1650 6073 (2)
1671 6004 1731 6059 Cfr.
1751 6023 1800 6077 pp.
1819 6008 1947 6061 223241.
