6700 7992
1197 1395 1373 1476 renrunr
1402 1418 1703 1491 Quonnaeruu,
1731 1416 1768 1490 Q.
1798 1416 1808 1471 t
2195 1412 2238 1471 tu

772 1602 803 1671 ei
827 1602 1022 1688 acquiritur,
1049 1602 1142 1667 unde
1167 1611 1200 1667 et
1225 1600 1258 1665 in
1282 1601 1358 1687 ipsa
1382 1610 1416 1666 et
1440 1601 1484 1667 de
1509 1599 1584 1686 ipsa
1609 1600 1715 1664 habet
1739 1596 1895 1684 produci.
1916 1598 1950 1664 ln
1969 1598 2145 1665 creationi¹
2165 1620 2246 1663 voro

771 1718 855 1786 nihil
882 1717 1100 1806 supponitur,
1129 1718 1192 1782 sed
1221 1728 1293 1782 tota
1329 1716 1482 1782 essentia
1513 1714 1561 1781 rei
1594 1715 1628 1781 in
1664 1714 1806 1781 instanti
1843 1714 2045 1802 producitur
2068 1726 2101 1781 ct
2138 1714 2247 1801 ipsum

771 1835 916 1922 produci
941 1834 976 1900 in
1000 1818 1083 1900 actu
1105 1845 1158 1899 est
1181 1833 1292 1919 ipsam
1318 1854 1395 1898 esse
1421 1845 1454 1898 et
1479 1853 1558 1897 esse
1583 1832 1772 1898 essentiam
1798 1830 1831 1896 iu
1860 1843 1949 1898 actu.

858 2066 922 2132 His
940 2065 1022 2131 visis
1047 2076 1141 2151 patet
1165 2066 1345 2150 quomodo
1370 2064 1514 2152 intelligi
1539 2066 1644 2130 debet
1669 2063 1890 2149 quodetiam
1916 2064 2011 2151 prius
2036 2064 2164 2130 tlictutn
2186 2074 2248 2141 ost,

770 2183 902 2250 scilieet
927 2183 962 2247 in
991 2181 1172 2268 principio
1189 2183 1233 2246 ad
1262 2181 1518 2247 ostendendum
1548 2181 1676 2247 realem
1705 2180 1936 2247 diversitatem
1967 2180 2075 2266 ipsius
2103 2203 2181 2245 osso
2205 2179 2248 2246 utl

771 2298 967 2378 essentiam,
995 2297 1128 2363 scilicet
1155 2298 1251 2382 quod
1273 2297 1426 2362 essentia
1451 2308 1566 2382 potest
1592 2296 1733 2382 intelligi
1758 2298 1824 2361 sul)
1842 2296 2016 2383 ‹rpposito
2035 2296 2139 2379 Quot}
2158 2294 2248 2361 enirn

771 2415 895 2483 dicitur
918 2415 1013 2499 quod
1037 2435 1108 2479 non
1133 2424 1186 2479 est
1210 2413 1464 2479 inconveniens
1481 2413 1562 2497 quia
1579 2435 1658 2479 esse
1675 2412 1740 2478 etsi
1758 2436 1830 2479 non
1847 2413 1960 2479 tlit't'ert
1976 2412 2120 2491 realiter,
2139 2412 2250 2478 ‹littiut

771 2542 886 2598 tamen
903 2529 1106 2609 intentione,
1123 2541 1160 2594 ut
1177 2528 1307 2595 dictum
1333 2540 1395 2608 est,
1413 2551 1485 2594 uon
1502 2530 1602 2607 valet,
1627 2528 1707 2614 quia
1725 2552 1795 2594 non
1814 2541 1866 2596 est
1884 2551 2014 2615 ponere
2032 2528 2132 2593 tali-tn
2154 2529 2249 2593 ‹titte-

770 2647 925 2714 rentiam,
950 2647 991 2711 Et
1015 2645 1143 2711 etiam¹
1167 2645 1196 2710 si
1221 2656 1314 2711 esset
1329 2645 1350 2722 ²,
1376 2657 1460 2712 tunc
1484 2668 1556 2711 non
1581 2647 1693 2710 solunt
1719 2644 1874 2731 intelligi,
1898 2646 1960 2711 scil
1986 2644 2086 2711 etiarn
2112 2667 2191 2709 osso
2227 2648 2231 2721 Ι
2274 2628 2442 2755 ,(1ἰῇζὲκῶ

772 2774 892 2850 posset
914 2763 980 2827 sub
1004 2761 1178 2848 opposito
1205 2762 1285 2827 lloc
1309 2772 1423 2826 autem
1450 2783 1520 2826 non
1546 2761 1765 2845 contingeret
1782 2761 1846 2827 nisi
1865 2760 2053 2827 variatione
2079 2764 2168 2826 t'uctn
2189 2782 2250 2847 por

771 2901 810 2946 se
826 2878 917 2945 circa
934 2877 1116 2944 terminum
1133 2877 1333 2943 huiusmodi
1351 2890 1543 2963 respectus,
1562 2880 1657 2963 quod
1676 2900 1745 2943 non
1763 2876 1943 2963 contingit,
1962 2876 2041 2963 quia
2064 2878 2158 2942 ltuus
2176 2878 2250 2963 ipsi:

771 3007 824 3063 est
850 2994 1016 3062 terminus
1043 2994 1143 3060 istius
1171 3006 1362 3080 respectus,
1399 3005 1458 3059 aut
1493 2995 1586 3061 circa
1620 2994 1733 3080 ipsum
1770 2995 2032 3059 suntlatnonturn
2069 2994 2162 3079 ‹piotl
2200 3004 2251 3060 est

771 3134 850 3179 esse
874 3111 1047 3177 essentiae
1071 3132 1161 3195 quae
1186 3132 1326 3195 semper
1350 3110 1475 3176 (licitur
1499 3132 1639 3177 manere.
1664 3113 1731 3176 sub
1751 3110 1824 3187 itto;
1842 3134 1911 3176 non
1938 3109 2027 3175 enirn
2055 3112 2089 3175 tn
2108 3110 2251 3175 variatio

770 3250 834 3315 per
849 3249 887 3294 se
911 3227 1003 3294 circa
1026 3226 1140 3313 ipsum
1165 3238 1372 3312 respectum,
1390 3227 1433 3292 Et
1458 3227 1538 3293 ideo
1562 3227 1748 3293 <licendum
1775 3228 1869 3312 quotl
1888 3250 1956 3292 non
1974 3238 2090 3314 potest
2109 3228 2250 3311 intelligi

771 3344 923 3412 essentia
946 3345 1012 3408 sub
1036 3364 1109 3409 non
1134 3364 1212 3410 esse
1237 3343 1442 3408 existentiae
1467 3343 1533 3408 nisi
1557 3342 1647 3409 sicut
1671 3354 1786 3429 potest
1810 3342 1952 3427 intelligi
1982 3346 2047 3411 suli
2072 3368 2141 3412 non
2172 3370 2251 3415 osso

771 3460 954 3539 essentiae,
979 3461 1074 3545 quod
1098 3459 1263 3525 convenit
1288 3459 1476 3544 unicuique
1494 3471 1673 3526 creaturae
1691 3459 1724 3524 in
1742 3471 1908 3544 ‹tuanturn
1935 3483 2005 3525 non
2031 3472 2083 3527 ost
2105 3462 2136 3529 tu
2155 3466 2249 3549 quoti

772 3588 825 3644 est
844 3576 909 3642 nisi
933 3576 1057 3641 virtute
1073 3588 1107 3641 et
1123 3577 1301 3642 voluntate
1318 3575 1445 3640 divina.
1463 3575 1506 3640 Et
1522 3575 1603 3641 ideo
1619 3575 1702 3641 dicit
1718 3575 1751 3641 itl
1770 3577 1864 3661 quiid
1889 3589 2006 3643 naturn
2024 3578 2035 3613 ³
2051 3592 2103 3645 est
2120 3602 2198 3645 usu:
2217 3582 2248 3645 in

772 3714 811 3760 se
827 3692 905 3779 ipso
929 3703 1009 3758 actu
1033 3701 1102 3756 tarn
1128 3704 1294 3777 quantum
1319 3692 1364 3756 ad
1389 3713 1468 3757 esse
1493 3691 1668 3757 essentiae
1693 3713 1796 3776 quam
1821 3692 2033 3773 existentiae,
2059 3696 2138 3780 qnia
2160 3696 2249 3763 illurn

772 3820 863 3889 sunt,
880 3821 914 3873 et
937 3808 1056 3893 quod⁴
1080 3820 1199 3873 natum
1224 3819 1277 3873 est
1301 3808 1490 3893 aliquando
1515 3809 1625 3873 solum
1641 3806 1655 3841 ‘¹
1671 3830 1750 3873 esso
1776 3808 1808 3873 in
1835 3808 1990 3895 potentia
2015 3824 2179 3895 ‹puutturn
2206 3814 2248 3877 rol

772 3940 955 4010 utrumque
982 3924 1184 3990 huiusmodi
1209 3945 1299 3990 esse.
1330 3924 1432 3990 L'nde
1459 3926 1528 3991 hoc
1552 3946 1623 3989 non
1648 3924 1762 4011 arguit
1789 3928 1882 4009 ‹proil
1909 3947 1988 3991 esse
2017 3926 2058 3992 sit
2086 3928 2177 3993 uliurl
2206 3932 2251 3993 ab

773 4039 935 4119 essentia,
947 4042 1011 4106 sed
1027 4041 1130 4105 etiam
1148 4041 1244 4125 quod
1257 4040 1334 4126 ipsa
1350 4040 1503 4106 essentia
1516 4051 1569 4106 est
1585 4040 1652 4105 alia
1668 4062 1688 4105 a
1706 4062 1744 4107 sc
1763 4041 1848 4127 ipsa,
1862 4040 1950 4107 sicut
1964 4064 2027 4107 ens
2046 4042 2077 4107 in
2097 4046 2248 4129 potentia

773 4168 827 4224 est
853 4156 946 4222 aliud
969 4178 990 4221 a
1017 4178 1056 4222 se
1085 4156 1162 4242 ipso
1186 4171 1266 4223 ente
1291 4156 1324 4222 in
1350 4168 1431 4222 actu
1456 4170 1490 4223 et
1514 4169 1638 4223 cetera.
1666 4156 1768 4223 Untlo
1792 4169 1958 4242 ‹ittantum
1985 4160 2181 4243 tnttzttipttur
2207 4164 2249 4225 rte

774 4273 935 4352 essentia,
962 4283 1095 4338 tantum
1123 4273 1327 4361 intelligitur
1354 4273 1398 4337 de
1426 4294 1514 4349 esse,
1532 4286 1569 4338 ut
1595 4273 1724 4338 <lictum
1756 4286 1818 4351 ost,
1848 4288 1948 4360 prout
1977 4276 2143 4362 accipitur
2172 4298 2249 4339 aaut

773 4391 966 4456 secundum
983 4390 1152 4455 rationem
1170 4390 1380 4475 incomplexi
1398 4404 1431 4455 et
1448 4390 1667 4474 praedicatur
1686 4411 1746 4475 por
1764 4410 1811 4470 ste,
1830 4390 1927 4475 otiosi
1945 4412 2069 4474 gorius,
2084 4393 2161 4457 lio-t
2180 4414 2248 4457 oon

772 4517 875 4593 prout
893 4505 1062 4593 accipitur
1085 4527 1149 4591 pro
1176 4519 1261 4570 nota
1284 4506 1501 4583 enuntiandi,
1527 4528 1605 4571 curn
1631 4506 1780 4571 dicitur:
1807 4508 1873 4571 lior:
1898 4518 1949 4573 ost
1977 4510 2052 4585 lton,
2079 4512 2171 4591 (piant
2198 4522 2250 4573 rut

773 4642 852 4688 esse
878 4622 1074 4688 secundum
1101 4621 1392 4707 compositionem
1433 4634 1467 4687 et
1499 4622 1718 4707 praedicatur
1746 4622 1835 4687 sicut
1863 4624 2028 4688 urridens
2057 4628 2247 4690 secuudum

773 4739 1093 4805 Commentatorem
1112 4744 1170 4807 tlt.
1498 4725 1503 4736 ⁶

862 4855 951 4921 Cum
968 4876 1054 4941 ergo
1070 4855 1198 4920 dicitur
1212 4855 1308 4940 quod
1325 4876 1406 4921 esse
1423 4866 1476 4920 est
1493 4855 1585 4921 aliutl
1604 4855 1648 4919 ab
1661 4856 1812 4921 essentia
1827 4856 1914 4921 sit-ut
1935 4858 2040 4921 lorrna
2060 4878 2077 4919 a
2098 4860 2245 4921 materia.

773 4971 854 5057 quia
870 4971 947 5057 ipsa
963 4971 1116 5036 essentia
1139 4972 1184 5036 de
1209 4992 1248 5036 se
1272 4986 1326 5036 est
1349 4972 1383 5035 in
1409 4971 1563 5056 potentia
1589 4972 1632 5035 ait
1658 4994 1736 5035 esso
1762 4984 1794 5037 et
1821 4994 1888 5037 noo
1908 4993 1985 5035 tuso
2003 4974 2090 5037 stou
2109 4978 2247 5037 marma

774 5087 819 5153 ad
848 5088 995 5153 formant
1023 5100 1059 5152 et
1085 5088 1160 5152 eius
1193 5088 1433 5172 privationem,
1467 5088 1726 5172 intelligentium
1761 5088 1866 5171 tutuo,
1899 5110 1975 5153 tutu
2011 5090 2041 5152 in
2073 5092 2247 5153 creatione

772 5202 898 5289 lapidis
932 5202 970 5268 tit
1008 5204 1240 5289 compositum
1281 5226 1323 5267 ex
1363 5204 1503 5269 materia
1543 5216 1576 5268 et
1617 5206 1736 5279 tornut,
1781 5206 1836 5269 tint
1877 5206 2014 5269 rnattuia
2056 5208 2246 5269 ¹wiorulnro

774 5340 853 5386 esse
883 5320 1076 5385 essentiae:
1108 5321 1183 5405 ip-:a
1216 5321 1356 5385 materia
1390 5322 1485 5405 prius
1517 5332 1588 5385 erat
1613 5320 1655 5385 aet
1688 5322 1882 5385 tuiiuunoili
1912 5342 1988 5383 rao·
2013 5324 2185 5385 muntiar-
2216 5324 2246 5385 in

774 5436 929 5524 potentia
957 5450 992 5502 et
1019 5437 1196 5522 possibilis·
1225 5437 1308 5501 illutl
1337 5438 1381 5501 ab
1398 5450 1525 5519 agente
1554 5436 1708 5521 recipere.
1734 5447 1765 5502 et
1792 5438 1918 5501 tutu-ro
1944 5440 2009 5502 tult·¹
2036 5458 2120 5499 esse.
2146 5440 2245 5501 etiarn

773 5552 959 5640 supposito
974 5554 1070 5637 qurid
1095 5554 1288 5619 secunclurn
1308 5554 1375 5617 tate
1392 5576 1472 5617 esso
1497 5552 1597 5617 {tuerit
1621 5554 1665 5615 ab
1691 5565 1840 5617 suti-ruo.
1867 5554 1962 5617 ¹sitiit
1989 5554 2077 5617 onim
2100 5554 2122 5617 ii
2143 5574 2246 5639 ponte·

865 5851 942 5902 ¹om.
962 5849 994 5903 P.
1014 5881 1046 5889 -
1067 5850 1174 5903 ’etiam
1196 5852 1264 5903 aad.
1284 5850 1313 5903 P.
1336 5882 1364 5889 --
1388 5852 1476 5903 'nata
1500 5850 1528 5903 l'.
1609 5852 1664 5901 ‘nn
1688 5850 1754 5903 told.
1779 5850 1798 5901 l'
1885 5852 1956 5901 “rone
1980 5850 2008 5903 l'.

863 6032 903 6097 (1)
917 6030 1104 6084 Averrols
1119 6028 1338 6101 ,Uetttphyiimae
1353 6032 1368 6083 l.
1389 6032 1434 6087 tt'.
1449 6048 1472 6081 r,
1487 6030 1545 6083 itt.
1560 6032 1589 6083 stt
1610 6030 1667 6087 Vll.
