6700 7992
1012 1409 1069 1499 '54
1399 1445 1592 1501 xnorsnu
1620 1447 1840 1502 donarium
1868 1448 1921 1502 os
1948 1448 2148 1506 sommus

1033 1636 1105 1693 tum
1132 1635 1185 1691 est
1212 1625 1256 1691 de
1284 1646 1323 1692 se
1351 1627 1396 1691 ad
1425 1625 1538 1711 ipsum
1568 1637 1602 1692 et
1630 1624 1705 1692 eius
1738 1626 1938 1712 oppositum
1968 1629 2062 1712 quod
2095 1640 2148 1693 est
2179 1651 2251 1695 non
2283 1651 2378 1709 esse;
2403 1640 2511 1696 etsie

1033 1741 1205 1806 essentiae
1223 1752 1257 1807 et
1273 1741 1455 1826 quidditati
1478 1741 1527 1806 rei
1551 1741 1705 1806 manenti
1729 1742 1763 1806 in
1789 1764 1853 1806 suo
1878 1764 1956 1808 esse
1981 1765 2065 1809 vero
2090 1744 2318 1828 quidditativo
2343 1757 2377 1811 et
2393 1767 2511 1811 essen·

1033 1855 1103 1921 tiali
1127 1856 1316 1940 aliquando
1341 1856 1506 1922 convenit
1530 1878 1618 1938 esse,
1644 1857 1833 1942 aliquando
1858 1880 1931 1924 non
1955 1881 2045 1924 esse.

1121 1971 1261 2037 Contra.
1277 1972 1480 2038 Secundum
1497 1972 1734 2060 Augustinum
1744 1976 1790 2055 (l)
1804 1973 1925 2058 quinto
1943 1976 1987 2040 de
2003 1975 2182 2054 Trinitate,
2197 1975 2351 2060 capitulo
2368 1976 2510 2061 quinto:

1032 2086 1123 2153 sieut
1139 2088 1183 2151 ab
1211 2109 1254 2152 eo
1283 2087 1379 2172 quod
1407 2099 1460 2153 est
1487 2108 1611 2172 sapere
1636 2088 1729 2154 dicta
1755 2099 1807 2154 est
1832 2089 2003 2174 sapientia
2030 2101 2064 2154 et
2088 2093 2131 2155 ab
2157 2113 2200 2156 eo
2226 2094 2321 2175 quod
2346 2103 2399 2157 est
2422 2092 2511 2158 scire

1033 2201 1125 2268 dicta
1153 2213 1205 2268 est
1232 2202 1387 2282 scientia,
1417 2203 1462 2268 ita
1490 2205 1534 2268 ab
1563 2225 1606 2269 eo
1633 2205 1729 2288 quod
1758 2216 1810 2269 est
1838 2225 1917 2270 esse
1946 2205 2038 2271 dicta
2067 2217 2119 2271 est
2151 2207 2314 2272 essentia.
2349 2206 2509 2272 Essentia

1033 2340 1118 2407 ergo
1147 2339 1185 2384 se
1212 2319 1318 2383 habet
1346 2319 1389 2382 ad
1419 2339 1499 2384 esse
1526 2318 1617 2384 sieut
1643 2317 1815 2404 sapientia
1839 2321 1883 2384 ad
1912 2342 2046 2405 sapere.
2064 2321 2135 2387 Sed
2161 2323 2254 2386 nulla
2278 2322 2449 2408 sapientia
2472 2345 2511 2390 se

1031 2435 1137 2500 habet
1164 2455 1227 2519 per
1253 2433 1519 2499 indifferentiam
1548 2435 1592 2498 ad
1620 2455 1745 2520 sapere
1761 2446 1796 2499 et
1823 2456 1895 2500 non
1921 2458 2055 2521 sapere,
2089 2437 2170 2521 quia
2197 2437 2311 2502 omnis
2340 2437 2511 2523 sapientia

1032 2548 1259 2615 determinate
1283 2570 1322 2614 se
1346 2550 1453 2614 habet
1476 2550 1521 2613 ad
1545 2561 1661 2614 aetum
1686 2549 1856 2634 sapiendi.
1883 2552 2001 2634 Quare
2027 2564 2061 2617 et
2085 2564 2210 2617 cetera.

1120 2665 1334 2750 Respondeo
1359 2664 1547 2730 dicendum
1573 2666 1667 2749 quod
1697 2665 1778 2749 quia
1807 2668 1989 2750 quaedam,
2015 2688 2093 2733 cum
2116 2668 2125 2702 ¹
2152 2689 2224 2732 non
2253 2679 2336 2732 sunt
2359 2668 2410 2732 sie
2438 2691 2509 2733 non

1033 2790 1114 2845 sunt
1146 2779 1180 2844 in
1213 2779 1405 2859 existentia,
1434 2780 1513 2864 quia
1542 2792 1657 2845 tamen
1688 2780 1851 2845 dicuntur
1883 2781 1999 2865 aliquo
2027 2783 2134 2847 modo
2170 2782 2262 2847 entia
2294 2782 2406 2847 vera²
2436 2784 2510 2848 sive

1032 2917 1087 2961 res
1118 2918 1199 2960 vere
1230 2895 1564 2981 praedicamentales
1596 2898 1767 2962 habentes
1798 2918 1900 2962 veras
1940 2896 2093 2963 rationes
2133 2899 2296 2963 formales
2328 2909 2362 2963 et
2395 2920 2508 2963 exem-

944 3008 948 3019 *
1031 3012 1146 3096 plares
1163 3010 1225 3076 in³
1248 3011 1423 3077 intellectu
1441 3012 1570 3090 divino,
1588 3013 1782 3077 secundum
1800 3034 1887 3096 quas
1911 3011 2085 3078 mediante
2104 3014 2282 3079 voluntate
2307 3013 2381 3079 eius
2407 3026 2509 3080 natae

873 4721 939 4777 cod.
950 4721 976 4774 V

843 4790 893 4846 fol.
905 4795 958 4847 258
968 4793 1009 4846 Ra

1031 3141 1113 3192 sunt
1130 3127 1276 3192 existere
1292 3127 1328 3192 in
1345 3148 1382 3192 re
1399 3137 1504 3205 extra,
1523 3129 1581 3211 [et]
1601 3128 1644 3192 de
1666 3127 1791 3192 talibus
1816 3139 1932 3213 potest
1956 3128 2024 3194 dici
2049 3151 2127 3194 esse
2152 3129 2298 3195 scientia
2321 3150 2412 3214 quae
2436 3151 2508 3195 non

1032 3255 1085 3308 est
1108 3264 1180 3309 non
1204 3242 1344 3322 entium,
1369 3243 1432 3307 sed
1457 3242 1598 3321 entium,
1624 3263 1667 3308 eo
1692 3244 1787 3327 quod
1812 3244 1988 3309 obiectum
2012 3245 2208 3310 intellectus
2233 3256 2286 3310 est
2310 3247 2404 3330 quod
2427 3245 2509 3330 quid

1033 3370 1086 3425 est
1113 3358 1186 3423 sive
1220 3379 1302 3423 vera
1342 3357 1390 3423 rei
1423 3356 1609 3442 quidditaS,
1642 3369 1675 3423 et
1713 3379 1792 3423 cum
1826 3361 1869 3424 de
1901 3359 2027 3425 talibus
2059 3360 2103 3425 sit
2135 3360 2290 3439 seientia,
2330 3363 2399 3425 hoe
2437 3381 2510 3425 non

1032 3474 1251 3562 contingeret
1281 3473 1347 3538 nisi
1379 3473 1755 3558 apprehenderentur⁴
1787 3495 1867 3539 vere
1900 3476 2100 3558 praedicata
2131 3476 2329 3541 essentialia
2354 3477 2397 3541 de
2421 3475 2510 3560 ipsis

1032 3590 1106 3655 sive
1133 3589 1218 3674 ipsis
1246 3589 1444 3668 convenire,
1474 3600 1595 3674 utpote
1624 3589 1743 3674 pluvia
1770 3610 1841 3654 non
1870 3590 2038 3655 existente
2071 3611 2152 3655 vere
2184 3593 2331 3656 habetur
2362 3590 2510 3657 seientia

1030 3708 1075 3772 de
1106 3705 1192 3791 ipsa,
1224 3727 1296 3769 non
1327 3716 1442 3769 autem
1474 3703 1540 3768 nisi
1572 3705 1827 3792 cognoscendo
1860 3704 1934 3770 eius
1965 3705 2175 3770 materiam⁵
2213 3718 2246 3770 et
2278 3707 2423 3770 sormam
2462 3707 2509 3770 ad

1032 3820 1107 3887 eius
1142 3821 1328 3887 essentiam
1366 3819 1575 3905 pertinentia
1609 3830 1643 3885 et
1679 3819 1881 3904 praedicata
1916 3819 2114 3885 essentialia
2147 3822 2191 3885 de
2228 3820 2313 3904 ipsa,
2347 3833 2383 3885 ut
2411 3822 2509 3905 quod

1031 3936 1112 4002 est⁶
1137 3957 1227 4021 aqua
1254 3936 1424 4023 gradatim
1454 3936 1597 4013 cadens,
1620 3945 1654 4000 et
1682 3957 1745 4020 per
1772 3957 1810 4000 se
1835 3935 2020 4020 passiones
2048 3947 2082 4000 et
2106 3945 2238 4013 eetera;
2269 3938 2510 4019 —quaedam

1030 4065 1155 4132 autem,
1174 4073 1252 4117 eum
1276 4073 1347 4116 non
1372 4050 1482 4115 sunt⁷
1505 4050 1556 4116 sic
1580 4072 1652 4116 non
1677 4062 1758 4115 sunt
1781 4051 1816 4116 in
1841 4050 2032 4129 existentia,
2051 4053 2145 4135 quod
2167 4051 2269 4115 etiam
2288 4052 2383 4117 nullo
2401 4052 2510 4117 modo

1030 4169 1192 4235 dicuntur
1231 4166 1323 4233 entia
1362 4188 1443 4232 vera
1482 4167 1556 4232 sive
1594 4188 1650 4232 res
1690 4187 1770 4231 vere
1810 4166 2145 4251 praedicamentales
2192 4168 2364 4232 habentes
2408 4188 2510 4232 veras

1030 4284 1182 4350 rationes
1199 4283 1362 4349 formales
1379 4281 1415 4346 in
1432 4283 1509 4347 Deo
1526 4282 1753 4368 exemplares
1771 4281 1965 4346 seeundum
1984 4303 2071 4366 quas
2088 4294 2192 4347 natae
2210 4294 2292 4347 sunt
2319 4282 2509 4366 aliquando

1030 4401 1177 4467 existere
1209 4400 1245 4464 in
1277 4420 1389 4464 rerum
1426 4409 1559 4478 natura,
1595 4409 1629 4463 et
1663 4393 1708 4463 de
1744 4396 1872 4462 talibus
1900 4398 1995 4462 nullo
2030 4400 2135 4463 modo
2168 4410 2284 4483 potest
2322 4398 2389 4464 dici
2414 4419 2510 4470 ,esse

1030 4516 1175 4582 seientia
1202 4537 1282 4581 vere
1310 4526 1344 4580 et
1371 4513 1571 4599 simpliciter
1598 4534 1688 4597 quae
1717 4535 1788 4578 non
1817 4525 1869 4578 est
1898 4513 1964 4577 nisi
1992 4535 2113 4579 eorum
2146 4535 2236 4597 quae
2268 4526 2349 4578 sunt
2387 4514 2510 4598 aliquo

1029 4633 1135 4699 modo
1168 4653 1247 4697 vera
1282 4630 1399 4709 entia;
1425 4669 1465 4676 -
1503 4640 1645 4713 propter
1683 4627 1892 4708 huiusmodi,
1925 4629 2076 4713 inquam,
2117 4629 2351 4695 diversitatem
2391 4651 2509 4694 rerum

1031 4748 1158 4827 talium,
1186 4747 1322 4813 videtur
1353 4745 1525 4830 aliquibus
1553 4744 1648 4828 quod
1676 4766 1756 4810 cum
1784 4744 1894 4829 prima
1921 4766 1992 4810 non
2019 4745 2092 4810 exis
2129 4750 2133 4829 l
2167 4756 2253 4824 tunt,
2284 4766 2362 4809 eum
2392 4756 2510 4810 tamen

1031 4864 1191 4930 dieantur
1207 4861 1300 4928 entia
1316 4859 1646 4948 praedicamentalia
1671 4859 1838 4943 (alioquin
1855 4861 1899 4925 de
1916 4859 2001 4945 ipsis
2018 4881 2090 4925 non
2108 4859 2214 4926 vera⁸
2230 4871 2323 4925 esset
2340 4859 2510 4943 seientia),

1032 4980 1098 5046 alia
1132 4991 1247 5044 autem
1285 4999 1357 5043 non
1394 4977 1455 5056 sie,
1484 4997 1556 5041 non
1594 4987 1744 5061 possunt
1779 4985 1893 5040 autem
1933 4975 2000 5040 dici
2028 4997 2110 5041 vera
2144 4975 2237 5041 entia
2271 4975 2337 5041 nisi
2376 4976 2512 5041 ratione

1031 5117 1111 5162 esse
1138 5093 1342 5160 existentiae
1367 5092 1520 5178 ipsorum
1548 5092 1603 5157 vel
1630 5091 1765 5156 ratione
1793 5089 1978 5170 essentiae,
2007 5091 2082 5157 sive
2109 5090 2190 5176 quia
2214 5102 2295 5155 sunt
2319 5091 2448 5176 aliquid
2476 5090 2511 5155 in

1031 5231 1109 5276 esse
1137 5208 1341 5274 existentiae
1368 5209 1402 5272 in
1432 5229 1469 5273 re
1497 5206 1623 5273 extra⁰
1649 5207 1704 5271 vel
1721 5206 1842 5271 saltem
1867 5205 1902 5270 in
1928 5227 2006 5272 esse
2024 5207 2198 5272 essentiae
2223 5216 2256 5271 et
2280 5205 2511 5291 quidditativo

1124 5550 1241 5601 'tamen
1261 5546 1329 5598 add.
1350 5546 1381 5599 P.
1402 5577 1436 5584 —
1457 5545 1548 5597 'vere
1568 5545 1598 5597 P.
1613 5576 1644 5585 -
1660 5545 1739 5597 ³om.
1753 5543 1783 5595 P.
1805 5575 1837 5583 -
1852 5547 1861 5575 ⁴
1875 5543 2145 5614 apprehenderetur
2157 5543 2187 5595 P.
2203 5575 2236 5583 -
2257 5545 2413 5596 ³naturam
2433 5544 2463 5596 P.
2478 5574 2511 5581 -

1031 5640 1111 5690 ⁰om.
1131 5636 1161 5690 P.
1182 5666 1215 5674 —
1237 5635 1315 5687 7οηι.
1334 5634 1366 5687 P.
1387 5664 1419 5672 -
1440 5634 1532 5686 ⁸vere
1547 5633 1580 5686 V.
1601 5664 1634 5672 -
1654 5631 1708 5685 ⁹in
1727 5649 1759 5684 re
1779 5640 1860 5685 extra
1880 5631 1924 5684 bis
1942 5632 1973 5686 P.

1119 5869 1159 5934 (l)
1182 5863 1380 5936 Augustini
1403 5864 1449 5916 De
1474 5863 1632 5929 Trinitate,
1651 5863 1668 5916 l.
1682 5863 1717 5928 V,
1731 5867 1786 5917 αἳ
1809 5863 1851 5929 (Ρ.
1865 5863 1906 5929 L,
1920 5862 1977 5916 vol.
1990 5865 2035 5928 42,
2049 5862 2104 5915 col.
2119 5865 2191 5921 913).
2207 5861 2316 5916 «Sicut
2331 5861 2408 5915 enim
2423 5863 2460 5915 ab
2476 5879 2512 5915 eo

1032 5954 1112 6026 quod
1125 5962 1170 6008 est
1183 5970 1289 6024 sapere
1302 5951 1382 6005 dicta
1395 5959 1441 6005 est
1454 5950 1608 6022 sapientia,
1622 5959 1652 6005 et
1666 5952 1703 6004 ab
1719 5969 1755 6005 eo
1776 5950 1855 6022 quod
1873 5958 1918 6003 est
1937 5951 2012 6003 seire
2032 5949 2111 6003 dicta
2131 5958 2176 6002 est
2194 5948 2334 6011 scientia;
2355 5949 2399 6002 ita
2419 5950 2456 6002 ab
2476 5966 2512 6003 eo

1033 6042 1113 6118 quod
1126 6050 1171 6095 est
1184 6058 1250 6097 esse
1264 6038 1344 6094 dicta
1358 6047 1403 6094 est
1416 6039 1553 6093 essentia.
1569 6060 1581 6088 »
