6700 7992
1240 1466 1455 1522 SECUNDUM
1485 1466 1785 1537 QUODLIBETUM,
1814 1465 1849 1537 Q
1879 1466 1933 1518 Vll
2276 1465 2324 1517 125

932 1646 995 1712 Est
1027 1658 1142 1712 autem
1171 1646 1263 1712 circa
1290 1647 1469 1732 praedicta
1498 1646 1763 1733 intelligendum
1797 1646 1902 1729 quod,
1931 1644 2010 1710 licet
2043 1643 2076 1708 in
2103 1642 2244 1709 homine
2269 1644 2324 1708 vel

844 1764 878 1829 in
913 1762 1192 1848 quibuscumque
1217 1762 1413 1828 viventibus
1437 1785 1509 1827 non
1535 1762 1578 1827 sit
1606 1762 1672 1827 nisi
1701 1784 1771 1826 una
1804 1762 1925 1840 forma,
1960 1760 2050 1826 sicut
2082 1781 2148 1825 nec
2180 1759 2214 1824 in
2247 1758 2323 1824 aliis

844 1878 917 1945 sive
949 1878 1062 1944 mixtis
1096 1879 1169 1944 sive
1199 1878 1414 1963 simplicibus
1450 1878 1666 1963 corporibus,
1700 1877 1846 1943 vivum¹
1877 1887 1993 1970 tamen
2026 1876 2149 1942 dicitur
2181 1897 2323 1961 compo·

846 1994 948 2060 situm
989 2017 1031 2059 ex
1078 2015 1226 2080 corpore
1268 2007 1302 2060 et
1340 1994 1455 2058 anima
1494 1994 1592 2077 quasi
1633 2015 1675 2058 ex
1722 1994 1862 2058 duobus
1901 1993 2050 2078 aliquam
2091 1992 2323 2058 actualitatem

846 2110 1137 2206 importantibus,
1164 2110 1257 2176 nec²
1296 2105 1347 2175 sic
1384 2122 1498 2174 autem
1539 2109 1629 2196 ignis
1669 2110 1722 2174 vel
1757 2109 1845 2195 lapis
1878 2108 2003 2174 dieitur
2034 2131 2112 2174 esse
2148 2110 2324 2194 quoddam

848 2226 1081 2312 compositum
1107 2248 1149 2291 ex
1173 2247 1321 2312 corpore
1347 2237 1380 2292 et
1405 2225 1461 2290 tali
1486 2226 1540 2290 vel
1564 2238 1598 2290 ta
1630 2228 1634 2309 l
1668 2225 1688 2289 li
1717 2226 1837 2304 forma,
1863 2225 1944 2309 quia
1968 2224 2083 2290 anima
2111 2227 2189 2310 plus
2214 2226 2325 2291 eleva·
2382 2226 2483 2281 cod.P

847 2354 901 2408 tur
936 2363 1042 2429 supra
1077 2342 1256 2407 materiam
1300 2364 1403 2427 quam
1443 2341 1530 2406 aliae
1572 2342 1705 2406 formae
1745 2340 1949 2420 materiales,
1990 2340 2071 2425 quia
2114 2363 2175 2426 per
2214 2340 2325 2426 ipsam
2352 2298 2402 2353 fol.
2415 2302 2464 2354 14⁷
2476 2299 2518 2351 Va

848 2457 1106 2543 compositum8
1128 2458 1264 2524 habens
1288 2479 1364 2522 eam
1390 2470 1506 2523 movet
1530 2478 1568 2522 se
1593 2456 1717 2542 ipsum.
1743 2457 1806 2521 Vel
1830 2458 1899 2521 hoc
1923 2456 2003 2522 ideo
2026 2469 2079 2522 est
2095 2456 2176 2541 quia
2199 2458 2325 2543 vulgus

847 2574 956 2640 credit
980 2574 1130 2639 animam
1164 2573 1293 2658 aliquid
1328 2595 1406 2639 esse
1439 2584 1575 2659 praeter
1599 2594 1727 2658 corpus
1752 2594 1817 2637 nec
1853 2572 1983 2637 includi
2018 2572 2052 2636 in
2085 2593 2251 2657 corpore3
2292 2584 2326 2637 et

848 2690 928 2756 ideo
964 2690 1015 2756 sic
1050 2690 1202 2775 loquitur
1238 2691 1282 2755 de
1323 2689 1515 2754 animabus,
1556 2689 1615 2754 Sic
1655 2689 1757 2754 etiam
1800 2690 1988 2773 loquuntur
2028 2688 2206 2773 sapientes
2245 2687 2327 2772 quia

848 2807 1062 2891 loquendum
1088 2817 1201 2871 estut
1226 2807 1352 2891 plures

934 3128 979 3193 Et
1002 3128 1083 3214 quia
1109 3128 1201 3194 cirea
1229 3130 1297 3191 hoc
1322 3127 1534 3192 inducuntur
1558 3126 1710 3192 rationes
1735 3138 1922 3214 tangentes
1947 3149 1988 3192 ea
2013 3149 2102 3211 quae
2127 3138 2208 3192 sunt
2233 3125 2324 3207 fidei,

848 3266 938 3329 quae
962 3266 1033 3310 non
1059 3253 1140 3308 sunt
1164 3243 1267 3308 nobis
1291 3261 1385 3308 certa
1410 3266 1452 3308 ex
1476 3242 1524 3306 rei
1550 3242 1724 3308 evidentia
1749 3243 1812 3308 sed
1837 3264 1879 3308 ex
1903 3242 2106 3309 auctoritate
2125 3242 2325 3328 Scripturae

848 3361 902 3426 vel
930 3359 1120 3438 Ecclesiae,
1150 3360 1194 3424 de
1225 3358 1278 3423 his
1306 3370 1420 3423 autem
1449 3380 1538 3442 quae
1566 3358 1647 3422 fidei
1680 3370 1761 3423 sunt
1792 3380 1865 3423 non
1894 3358 2037 3424 omnino
2068 3358 2252 3424 manifeste
2281 3360 2326 3423 ad

848 3476 959 3562 ipsam
977 3475 1184 3561 pertinentia
1200 3476 1255 3540 vel
1280 3474 1345 3559 ipsi
1369 3474 1601 3562 repugnantia
1626 3495 1697 3539 non
1722 3487 1774 3538 est
1799 3474 2074 3559 uniuscuiusque
2098 3474 2252 3541 iudicare
2271 3475 2326 3541 vel

848 3591 1078 3657 determinare
1106 3590 1257 3656 dicendo
1287 3590 1430 3654 multum
1455 3589 1643 3654 assertive:
1672 3591 1770 3655 «hoe
1798 3603 1851 3655 est
1875 3600 1995 3656 contra
2012 3590 2118 3655 fidem
2143 3591 2196 3655 vel
2213 3592 2282 3657 hoc
2299 3620 2325 3670 2,

850 3708 913 3773 sed
944 3706 1024 3772 licet
1053 3706 1193 3772 dicere:
1227 3727 1331 3770 «non
1356 3704 1491 3770 videtur
1519 3704 1601 3771 milii
1628 3706 1720 3790 quod
1742 3707 1812 3772 lioc
1840 3718 1892 3771 est
1920 3718 2041 3773 contra
2064 3706 2179 3787 fidem,
2205 3718 2327 3773 contra

850 3845 954 3908 quam
990 3834 1107 3888 tamen
1152 3833 1277 3907 reputo
1314 3843 1419 3887 omne
1457 3822 1540 3886 illud
1575 3823 1669 3906 quod
1698 3822 1857 3887 Ecclesia
1889 3822 2059 3888 catholica
2098 3822 2328 3889 communiter

849 3938 979 4006 iudicat
1003 3960 1081 4005 esse
1106 3950 1228 4004 contra
1253 3937 1408 4023 ipsam»,
1434 3977 1475 3985 -
1500 3937 1590 4018 ide0,
1616 3936 1696 4023 quia
1725 3959 1766 4004 ea
1791 3959 1881 4023 quae
1905 3938 1997 4004 circa
2025 3938 2202 4004 materiam
2227 3938 2327 4004 istam

850 4054 1058 4140 pertinentia
1076 4055 1120 4120 ad
1144 4054 1249 4120 fidem
1274 4053 1488 4120 inducuntur
1504 4063 1624 4118 contra
1642 4066 1815 4139 ponentes
1833 4077 1938 4120 unam
1962 4055 2108 4120 sormam
2132 4055 2168 4120 in
2185 4055 2327 4121 homine

849 4192 921 4237 non
956 4169 1140 4237 manifeste
1176 4170 1408 4236 ostenduntur
1447 4192 1526 4236 esse
1561 4181 1683 4236 contra
1717 4170 1833 4251 fidem,
1870 4183 2037 4256 quantum
2073 4174 2118 4237 ad
2157 4194 2200 4237 ea
2238 4192 2328 4256 quae

850 4289 965 4353 adhuc
993 4287 1084 4364 vidi;
1121 4299 1156 4353 et
1190 4288 1350 4351 absolute
1384 4287 1563 4370 loquendo
1599 4286 1813 4372 probabilior
1844 4298 1897 4351 est
1931 4287 2059 4372 positio
2089 4287 2164 4368 ista,
2196 4288 2225 4353 si
2256 4310 2327 4353 non

849 4413 1016 4490 appareat
1050 4402 1181 4487 aliquid
1219 4424 1262 4468 ex
1296 4424 1339 4468 ea
1374 4423 1596 4487 consequens
1632 4403 1727 4487 quod
1762 4402 1947 4468 manifeste
1984 4403 2028 4468 sit
2067 4416 2189 4469 contra
2212 4403 2327 4483 fidem,

849 4518 954 4584 immo
995 4519 1085 4583 adeo
1130 4518 1320 4603 probabilis
1356 4530 1389 4583 et
1430 4530 1670 4584 consentanea
1705 4518 1956 4603 apparentibus
1998 4519 2189 4584 rationibus
2233 4520 2328 4604 quod

849 4634 1137 4722 intelligentiores
1161 4634 1289 4700 etiam⁴
1313 4655 1395 4699 vere
1412 4633 1533 4699 fideles
1557 4635 1626 4699 hoc
1643 4634 1805 4719 posuisse
1823 4634 1993 4715 videntur,
2011 4674 2051 4681 —
2071 4656 2142 4700 non
2168 4636 2212 4701 de
2237 4634 2328 4700 facili

850 4751 955 4818 debet
986 4750 1055 4817 dici
1079 4752 1173 4835 quod
1205 4750 1272 4815 ista
1306 4749 1433 4835 positio
1469 4762 1642 4837 repugnet
1673 4750 1766 4831 fidei,
1800 4772 1845 4815 ne
1877 4772 1920 4816 ex
1957 4753 2026 4817 hoc
2057 4773 2099 4816 ea
2132 4762 2329 4835 quaesunt

848 4866 931 4933 fidei
965 4866 1079 4932 minus
1108 4878 1332 4932 revereantur
1347 4866 1368 4945 ⁵,
1402 4866 1587 4931 credantur
1622 4878 1655 4931 et
1691 4876 1905 4946 tractentur3
1941 4878 1975 4933 et
2011 4869 2014 4951 l
2051 4868 2151 4932 detur
2185 4866 2327 4933 occasio

849 4982 1046 5049 haesitandi
1071 4982 1104 5047 in
1129 4982 1198 5047 fide
1223 4982 1290 5047 iam
1308 4983 1541 5062 credentibus,
1559 4994 1592 5048 et
1609 5003 1681 5047 non
1699 4982 1923 5048 credentibus
1940 4983 2132 5049 accedendi
2155 4984 2199 5047 ad
2222 4984 2327 5048 fidem

850 5098 993 5166 occasio
1018 5099 1203 5164 auferatur.

936 5215 1021 5281 Ideo
1045 5237 1107 5301 per
1134 5215 1276 5280 modum
1301 5216 1422 5280 saltem
1448 5215 1637 5299 probabilis
1662 5214 1850 5301 opinionis,
1876 5227 1910 5281 et
1935 5227 1971 5280 ut
1996 5215 2078 5280 milii
2107 5216 2252 5297 videtur,
2278 5216 2328 5282 eis

850 5352 940 5416 quae
965 5331 1034 5397 lide
1066 5342 1160 5397 certa
1183 5331 1293 5397 teneri
1329 5342 1467 5416 oportet
1498 5353 1570 5396 non
1602 5332 1841 5419 repugnantis,
1877 5307 1995 5417 potest
2026 5332 2136 5397 teneri
2170 5333 2265 5417 quod
2293 5332 2329 5397 in

849 5446 992 5514 homine
1016 5467 1089 5512 non
1112 5447 1157 5512 sit
1180 5447 1247 5512 nisi
1271 5469 1341 5512 una
1365 5448 1485 5526 sonna,
1511 5447 1611 5512 aliam
1636 5461 1753 5513 tamen
1777 5447 1987 5533 positionem
2009 5469 2080 5513 non
2105 5449 2328 5534 reprobando

850 5583 918 5630 nec
941 5562 1195 5648 impossibilem
1219 5564 1274 5628 vel
1298 5584 1480 5628 erroneam
1504 5565 1713 5648 reputando.
1743 5564 1785 5628 Et
1809 5563 1890 5648 quia
1915 5563 2024 5629 visum
2050 5576 2103 5630 est
2127 5564 2210 5629 mihi
2234 5565 2329 5649 quod

850 5678 1004 5746 rationes
1037 5681 1267 5766 reprobantes
1293 5679 1521 5765 pluralitatem
1558 5680 1745 5744 formarum
1770 5679 1803 5744 in
1836 5679 1911 5744 aliis
1943 5682 1986 5744 ab
2023 5679 2165 5746 homine
2199 5682 2330 5745 habent

943 5993 1052 6046 ¹unum
1073 5990 1104 6046 Ρ.
1125 6025 1157 6031 -
1179 5992 1261 6045 ’non
1281 5993 1315 6046 V.
1335 6025 1367 6032 -
1388 5993 1623 6046 ³materiales—
1639 5992 1845 6064 compositum]
1866 6010 1921 6046 om.
1941 5993 1972 6046 Ρ.
1994 6025 2023 6033 -
2043 5996 2048 6024 ¹
2069 6001 2098 6047 et
2117 5993 2149 6048 P.
2169 6024 2203 6032 -
2224 5995 2331 6047 ⁶reve·

850 6087 950 6134 rentur
969 6080 1033 6133 PV.
2229 6082 2260 6135 17
