6700 7992
1256 1438 1458 1495 ‘rennui-1
1486 1438 1785 1509 QUODLlssETUM,
1814 1439 1850 1509 Q.
1879 1438 1892 1494 1
1923 1458 1944 1476 2
2276 1443 2326 1493 us

849 1632 950 1705 quae·
973 1639 1040 1685 nec
1075 1629 1128 1685 est
1161 1617 1197 1684 in
1232 1638 1271 1684 se
1305 1634 1361 1684 res
1396 1617 1511 1703 aliqua
1549 1617 1739 1684 formaliter
1776 1639 1844 1684 nec
1887 1618 1921 1683 in
1942 1641 2021 1685 -sua
2045 1629 2174 1685 ¹—eausa-
2201 1618 2326 1686 virtua-

848 1735 933 1802 liter'.
980 1734 1017 1802 Si
1061 1734 1152 1800 enim
1193 1755 1273 1800 esse
1315 1756 1387 1800 non
1429 1734 1543 1800 differt
1584 1735 1628 1798 ab
1668 1734 1821 1799 essentia
1864 1734 1931 1800 nisi
1969 1736 2045 1800 sola
2082 1735 2216 1802 ratione
2251 1735 2325 1801 sive
2477 1809 2487 1821 ‚

848 1851 954 1917 modo
988 1850 1168 1939 intelligen
1211 1854 1216 1937 l
1259 1850 1294 1916 di
1329 1861 1363 1916 et
1398 1848 1630 1939 significandi,
1655 1861 1693 1915 ut
1730 1850 1866 1916 videtur
1904 1852 2100 1918 secundum
2135 1851 2324 1938 praedicta,
2348 1826 2400 1936 sole,
2402 1808 2520 1937 ⁰2⁴17'4vssa

849 1979 944 2056 patet
967 1969 1037 2034 hoc
1061 1968 1105 2035 de
1129 1988 1187 2051 se.

934 2197 1012 2265 Nec
1034 2196 1161 2263 sufficit
1177 2196 1293 2263 dicere
1314 2196 1411 2283 quod
1428 2195 1557 2283 aliquid
1582 2196 1717 2263 dicatur
1734 2219 1812 2263 esse
1829 2198 2024 2264 secundum
2049 2220 2128 2265 esse
2152 2199 2327 2265 essentiae

847 2316 1042 2382 secundum
1069 2312 1105 2380 id
1132 2314 1227 2399 quod
1252 2324 1306 2379 est
1329 2314 1524 2381 secundum
1553 2334 1592 2379 se
1616 2313 1792 2398 quidditas
1817 2325 1850 2380 et
1878 2313 2030 2380 essentia
2054 2314 2327 2401 praedicamenti

847 2431 1049 2499 indifferens
1076 2432 1121 2497 ad
1148 2429 1295 2496 existere
1323 2442 1357 2495 et
1384 2451 1456 2495 non
1485 2429 1641 2510 existere,
1673 2441 1708 2496 et
1740 2428 1875 2495 dicatur
1902 2451 1989 2496 esse>
2016 2432 2212 2497 secundum
2248 2454 2327 2499 esse

847 2546 1051 2615 existentiae
1074 2568 1137 2633 per
1160 2544 1456 2631 comparationem
1481 2546 1526 2610 ad
1554 2566 1696 2612 causam
1724 2556 1887 2633 agentem
1911 2557 1948 2612 ut
1972 2546 2152 2613 actualiter
2175 2559 2228 2613 est
2251 2548 2326 2613 eius

848 2664 994 2731 effectus
1029 2674 1063 2729 et
1095 2674 1133 2728 ut
1166 2664 1209 2727 ab
1242 2661 1319 2747 ipsa
1354 2660 1619 2728 determinatum
1641 2661 1650 2697 ¹
1674 2673 1728 2727 est
1765 2661 1810 2726 ad
1846 2683 1946 2741 esse3
1981 2673 2014 2728 et
2049 2665 2160 2748 quod*
2180 2684 2223 2730 ex
2257 2666 2331 2731 hoc-

848 2778 1019 2867 contingit
1043 2777 1158 2864 aliqua
1183 2776 1391 2864 compositio
1415 2776 1450 2842 in
1475 2788 1634 2843 creatura
1658 2798 1701 2843 ex
1725 2798 1807 2844 esse¹
1828 2788 1861 2843 et
1886 2778 2040 2844 essentia
2064 2790 2097 2845 et
2120 2799 2282 2846 recessus
2306 2802 2327 2846 a

848 2894 1066 2982 simplicitate
1091 2893 1212 2980 primi;
1237 2905 1271 2960 et
1299 2893 1395 2979 quod
1422 2891 1576 2960 essentia
1598 2904 1742 2959 nonest
1766 2877 1866 2959 suum
1895 2915 1973 2960 esse
1994 2906 2028 2960 et
2051 2895 2251 2961 huiusmodi
2259 2918 2268 2979 ;
2293 2907 2327 2963 et

847 3011 942 3097 quod
967 3011 1131 3078 diil'erunt
1155 3009 1308 3077 essentia
1332 3021 1366 3076 et
1393 3030 1473 3075 esse
1498 3031 1570 3075 non
1593 3030 1641 3090 re,
1658 3012 1722 3075 sed
1746 3009 1940 3076 intentione
1964 3010 2180 3077 sicut'etiam
2204 3011 2326 3078 relatio

848 3138 882 3195 et
911 3127 1179 3194 fundamentum
1214 3147 1327 3207 suum,
1356 3147 1436 3192 cum
1474 3144 1554 3191 esse
1587 3124 1682 3192 dicat
1718 3137 1925 3212 respectum·
1955 3138 2135 3193 creaturae
2165 3138 2207 3193 ut
2248 3127 2327 3194 est⁹

848 3244 993 3311 effectus
1017 3242 1053 3309 in
1081 3253 1161 3309 actu
1185 3243 1230 3307 ad
1255 3243 1369 3308 Deum
1394 3253 1431 3307 ut
1458 3241 1502 3306 ad
1530 3262 1629 3306 suam
1661 3262 1815 3322 causam,
1832 3253 1866 3308 et
1894 3242 1971 3328 ipsa
1998 3243 2150 3309 essentia
2175 3242 2268 3309 dicat
2291 3243 2326 3310 id

844 3361 939 3446 quod
975 3370 1028 3426 est
1058 3380 1124 3439 res,
1148 3356 1375 3444 quidditatem
1401 3357 1596 3424 secundum
1620 3379 1659 3424 se
1683 3356 1806 3443 ipsam,
1830 3369 1865 3424 et
1897 3359 2092 3424 secundum
2119 3362 2199 3426 ‘hoc
2222 3360 2326 3426 etiam

847 3487 900 3543 est
915 3497 971 3543 res
989 3486 1125 3562 praeter
1144 3473 1349 3540 huiusmodi·
1360 3484 1570 3559 respectum,
1584 3472 1635 3540 sic
1652 3472 1756 3541 etiam
1771 3473 1782 3509 ³
1798 3475 1893 3559 quod
1910 3476 2099 3540 sce-undum
2115 3477 2153 3540 id
2168 3476 2258 3561 quod
2272 3487 2327 3543 est

847 3593 1041 3660 secundum
1059 3613 1106 3682 se
1122 3588 1352 3658 essentialiter
1374 3600 1406 3656 et
1431 3588 1667 3675 quidditative,
1692 3610 1765 3655 non
1789 3590 1958 3657 existente
1982 3583 2021 3657 re·
2042 3602 2182 3659 carente
2210 3592 2327 3658 huius*

847 3708 943 3776 modi
958 3718 1132 3795 respectu,
1156 3706 1233 3793 ipsa
1258 3717 1311 3772 est
1338 3727 1402 3772 ens
1425 3706 1518 3772 reale
1541 3707 1737 3772 secundum
1754 3705 1955 3772 huiusmodi
1979 3728 2057 3773 esse
2081 3708 2267 3793 essentiae,
2284 3746 2327 3761 -

848 3835 882 3892 et
897 3826 986 3892 haec
1000 3821 1023 3905 ⁴,
1046 3822 1199 3909 inquam,
1224 3843 1297 3888 non
1317 3820 1444 3918 sufficit
1468 3820 1595 3903 dicere,
1612 3822 1676 3887 sed
1702 3821 1978 3889 insufficienter⁵
1996 3833 2085 3889 sunt
2113 3824 2216 3909 dicta,
2243 3808 2330 3910 quo?

847 3940 940 4008 niam
956 3962 1020 4028 per
1034 3950 1233 4027 respectum
1250 3939 1445 4005 nonhabet
1464 3958 1521 4005 res
1538 3958 1617 4004 esse
1633 3937 1861 4024 simpliciter⁶
1876 3940 2093 4022 etabsolute,
2110 3943 2173 4006 sed
2194 3952 2328 4008 tantum

848 4057 893 4124 ad
916 4056 1010 4124 aliud
1032 4077 1121 4136 esse,
1137 4075 1205 4122 nec
1229 4053 1386 4140 operatio
1403 4052 1549 4119 alicuius
1566 4053 1702 4142 agentis
1726 4053 1927 4120 terminatur
1950 4077 2012 4141 per
2028 4077 2067 4122 se
2091 4056 2136 4121 ad
2152 4056 2301 4143 aliquem
2317 4056 2329 4093 ⁷

847 4184 1047 4260 respectum
1071 4173 1126 4238 vel
1153 4171 1199 4236 ad
1226 4170 1356 4256 aliquid
1383 4169 1618 4256 respectivum
1637 4168 1658 4236 ⁸.
1691 4169 1860 4256 Operatio
1884 4182 1999 4237 autem
2025 4173 2191 4239 creatoris
2215 4174 2328 4240 termi-

848 4300 950 4357 natur
984 4290 1029 4355 ad
1064 4308 1144 4356 esse
1179 4297 1369 4368 creaturae,
1401 4297 1435 4353 et
1466 4286 1580 4352 omnis
1622 4285 1743 4353 relatio
1777 4286 1811 4352 in
1848 4308 1913 4353 suo
1949 4308 2028 4354 esse
2073 4290 2329 4376 praesupponit

848 4404 1048 4472 naturaliter
1086 4425 1165 4471 esse
1196 4403 1251 4470 sui
1278 4402 1505 4484 fundamenti,
1531 4414 1565 4470 et
1596 4402 1673 4469 sic⁹
1706 4414 1845 4488 oportet
1874 4404 2104 4493 praeintelligi
2140 4406 2328 4472 essentiam

848 4542 940 4601 esse,
958 4532 1145 4607 antequam
1188 4519 1398 4608 intelligatur
1436 4518 1559 4605 aliquis
1582 4529 1784 4604 ⁴respectus
1816 4519 1891 4585 eius
1930 4522 1974 4586 ad
2012 4542 2091 4587 esse
2130 4533 2164 4589 et
2203 4534 2327 4589 cetera.

848 4640 990 4706 Praeter
1013 4658 1098 4726 ergo
1122 4635 1323 4702 huiusmodi
1346 4645 1544 4721 respectum
1562 4656 1632 4720 quo
1657 4634 1810 4701 essentia
1834 4636 1986 4702 existens
2010 4636 2134 4703 dicitur
2150 4638 2329 4704 actualiter

849 4754 893 4821 ad
916 4747 1016 4821 suam
1045 4767 1199 4833 causam,
1224 4762 1362 4839 oportet
1385 4750 1421 4817 in
1445 4772 1487 4817 ea
1507 4750 1531 4786 ¹⁰
1555 4771 1634 4817 esse
1656 4750 1759 4817 etiam
1782 4751 1927 4840 intelligi
1951 4752 2081 4838 aliquid
2106 4775 2176 4839 quo
2204 4755 2328 4820 forma·

847 4870 922 4938 liter
957 4868 1205 4937 determinetur
1228 4869 1272 4933 ad
1299 4888 1377 4934 esse
1401 4866 1602 4953 simpliciter
1624 4878 1658 4933 et
1686 4868 1855 4934 absolute.
1881 4868 1924 4934 Et
1948 4868 2000 4934 sic
2026 4868 2163 4935 videtur
2186 4870 2329 4937 omnino

848 5008 927 5054 esse
952 4986 1142 5054 dicendum
1161 4986 1258 5070 quod
1282 5006 1360 5051 esse
1377 4982 1580 5050 existentiae
1607 5003 1680 5048 non
1716 4982 1759 5048 sit
1788 4995 1824 5050 ut
1854 4984 1978 5070 aliquis
2011 4996 2192 5071 respectus
2227 4987 2329 5053 realis

848 5103 1014 5170 fundatus
1042 5101 1076 5167 in
1099 5100 1252 5167 essentia
1279 5100 1373 5166 dicto
1397 5100 1503 5165 modo
1527 5099 1819 5184 compositionem
1848 5099 1982 5166 faciens
2009 5121 2089 5167 cum
2114 5101 2267 5169 essentia
2295 5116 2329 5171 et

848 5218 944 5305 quod
967 5219 1012 5284 ab
1040 5239 1083 5283 ea
1106 5216 1219 5304 potuit
1241 5215 1395 5302 separari
1412 5214 1489 5301 ipsa
1512 5214 1677 5296 essentia,
1695 5214 1729 5282 id
1754 5217 1849 5301 quod
1875 5226 1928 5282 est
1951 5216 2088 5282 realiter
2111 5216 2146 5283 in
2168 5240 2233 5285 suo
2250 5241 2329 5286 esse

849 5334 1023 5403 essentiae
1040 5335 1174 5419 absque
1186 5331 1386 5398 huiusmodi
1403 5352 1482 5397 esse
1499 5330 1702 5398 existentiae
1718 5334 2090 5400 remanente-Immo
2101 5335 2125 5371 ¹¹
2142 5334 2329 5402 dicendum

848 5462 901 5518 est
936 5451 1031 5537 quod
1056 5460 1214 5516 creatura
1241 5469 1314 5514 non
1338 5447 1382 5513 sit
1405 5446 1546 5531 aliquod
1572 5467 1635 5512 ens
1666 5449 1759 5514 reale
1791 5448 1924 5515 ratione
1948 5471 2034 5516 suae
2058 5450 2232 5517 essentiae
2256 5451 2330 5519 sive

848 5577 1016 5653 quantum
1052 5565 1096 5631 ad
1131 5586 1211 5631 esse
1246 5563 1429 5644 essentiae,
1464 5584 1544 5629 cum
1576 5561 1652 5648 ipsa
1669 5579 1754 5630 'non
1787 5576 1839 5631 est
1870 5564 2012 5650 aliquod
2041 5587 2105 5632 ens
2140 5568 2233 5635 reale
2266 5568 2330 5635 sed

938 5876 1157 5934 ¹determinata
1176 5877 1207 5931 P.
1227 5909 1260 5916 —
1281 5875 1334 5930 'in
1352 5876 1421 5930 add.
1441 5876 1475 5930 V.
1494 5908 1528 5917 -
1555 5875 1622 5930 ⁸sic
1642 5875 1741 5946 etiam]
1761 5876 1933 5931 sicutenim
1953 5878 1984 5932 P.
2004 5911 2037 5918 —
2057 5878 2109 5932 *in
2129 5880 2186 5933 hoc
2205 5880 2273 5934 add.
2298 5881 2329 5939 P.

848 5997 882 6009 -
895 5968 906 5999 ⁸
918 5964 1101 6021 sufficienter
1113 5966 1145 6020 P.
1156 5997 1189 6005 -
1203 5966 1214 5997 ⁸
1227 5982 1292 6019 esse
1306 5963 1488 6037 simpliciter]
1502 5962 1674 6036 simpliciter
1688 5980 1754 6019 esse
1768 5966 1800 6019 P.
1812 5996 1844 6005 -·
1858 5966 1866 5995 ²
1880 5964 1950 6037 quid
1963 5966 1994 6021 P.
2005 5998 2039 6006 -
2050 5967 2061 5997 ⁸
2074 5975 2240 6048 respectum
2254 5968 2285 6029 P.
2297 6000 2330 6008 -

848 6055 928 6110 ὀνκ.
947 6053 980 6110 Ρ.
1001 6084 1034 6096 -
1056 6054 1077 6086 ¹⁰
1089 6069 1180 6109 causa
1199 6052 1229 6106 P.
1250 6083 1283 6092 -
1306 6053 1324 6085 ¹¹
1337 6050 1407 6108 ideo
1425 6053 1458 6109 P.
