6700 7992
1249 1445 1466 1501 SECUNDUM
1495 1445 1796 1517 QUODLIBETUM‚
1825 1446 1861 1517 Q.
1888 1446 1929 1499 111
2295 1449 2330 1499 79

852 1637 969 1713 potest
994 1624 1063 1691 dici
1090 1646 1169 1690 esse
1201 1624 1368 1710 possibile
1396 1624 1577 1690 infinitum.
1607 1626 1653 1692 Ut
1686 1625 1776 1691 sicut
1803 1626 1900 1691 Deus
1932 1638 2052 1713 posset
2079 1626 2195 1693 facere
2223 1625 2330 1691 hodie

853 1765 960 1809 unum
993 1740 1143 1826 lapidem
1179 1751 1212 1805 et
1245 1761 1322 1806 cras
1357 1740 1461 1805 alium
1497 1753 1531 1807 et
1565 1741 1616 1807 sic
1651 1741 1686 1806 in
1722 1741 1903 1822 infinitum,
1934 1741 1979 1808 ita
2013 1753 2046 1807 et
2078 1741 2112 1807 in
2144 1741 2330 1827 praeterito

852 1857 990 1945 potuit¹
1026 1858 1070 1921 ab
1105 1855 1179 1922 heri
1213 1855 1352 1921 unum²
1386 1856 1514 1922 fecisse
1545 1868 1579 1922 et
1610 1856 1720 1943 pridie
1756 1857 1859 1922 alium
1885 1869 1917 1923 et
1942 1857 1993 1925 sic
2017 1857 2051 1922 in
2081 1857 2262 1922 infinitum.
2288 1856 2331 1921 Et

852 1974 941 2041 sicut
956 1995 1028 2039 non
1045 1983 1162 2059 potest
1186 1993 1266 2038 esse
1291 1973 1386 2057 quod
1410 1972 1461 2037 sic
1485 1973 1590 2038 faeiat
1614 1973 1647 2037 in
1675 1973 1792 2039 futuro
1810 1973 1943 2058 lapides
1967 1977 2062 2058 quod
2087 1974 2189 2038 simul
2213 1984 2331 2039 essent

852 2091 1005 2157 infacto
1030 2109 1119 2169 esse,
1143 2089 1191 2153 ita
1215 2088 1429 2174 impossibile
1454 2090 1626 2173 estquod
1652 2089 1704 2155 sic
1724 2089 1844 2155 fecerit
1870 2089 1904 2155 in
1934 2089 2119 2175 praeterito
2144 2091 2238 2174 quod
2262 2089 2331 2154 sint

853 2206 955 2274 etiam
980 2204 1080 2271 simul
1106 2205 1140 2269 in
1165 2205 1258 2269 sacto
1283 2225 1361 2270 esse
1377 2203 1397 2268 ³.
1426 2205 1505 2269 Hoc
1530 2204 1621 2271 enim
1652 2216 1706 2270 est
1738 2218 1859 2271 contra
1886 2204 2054 2271 rationem
2088 2204 2211 2271 insmiti
2235 2206 2331 2290 quod

853 2325 983 2390 habeat
1023 2342 1101 2387 esse
1140 2320 1175 2385 in
1206 2320 1300 2385 facto
1335 2341 1414 2386 esse
1450 2321 1634 2407 completo.
1660 2322 1704 2386 Et
1738 2320 1819 2387 ideo
1854 2321 1980 2386 talibus
2015 2342 2106 2407 quae
2141 2331 2223 2386 nata
2250 2332 2332 2387 sunt

853 2442 983 2507 habere
1008 2459 1087 2503 esse
1121 2436 1156 2501 in
1192 2437 1285 2502 sacto
1310 2457 1389 2502 esse
1424 2436 1594 2522 permixto
1630 2437 1705 2502 fieri
1729 2458 1800 2503 non
1833 2449 2006 2526 repugnat
2034 2437 2196 2517 infinitas
2221 2458 2333 2503 neca

853 2567 951 2644 parte
975 2566 1066 2633 ante,
1099 2573 1166 2618 nec
1190 2574 1211 2617 a
1234 2564 1332 2638 parte
1357 2562 1445 2637 post.
1472 2552 1543 2619 Sed
1579 2553 1747 2638 hisquae
1780 2554 1988 2639 ponuntur⁴
2022 2555 2153 2619 habere
2184 2575 2264 2619 esse
2297 2553 2331 2618 in

854 2675 948 2739 facto
974 2692 1053 2736 esse
1077 2669 1251 2754 complete
1274 2679 1448 2756 repugnat
1472 2667 1616 2735 omnino
1642 2669 1802 2735 infinitas.
1820 2670 1863 2760 Et
1887 2669 1969 2755 quia
1992 2669 2277 2756 permanentibus
2294 2670 2333 2734 in

854 2800 935 2876 post
966 2784 1240 2874 procedentibus
1264 2783 1299 2848 in
1324 2783 1505 2865 infinitum,
1531 2784 1632 2851 etiam
1658 2784 1723 2850 illis
1747 2785 1931 2852 reservatis
1964 2807 2054 2871 quae
2082 2787 2334 2872 praecederent

854 2905 929 2973 sive
953 2924 1044 2989 quae
1069 2900 1164 2988 prius
1189 2899 1441 2986 acciperentur,
1471 2912 1541 2966 non
1575 2900 1747 2989 contingit
1771 2923 1849 2968 esse
1873 2901 1908 2966 in
1932 2903 2025 2967 facto
2050 2922 2130 2968 esse
2161 2902 2334 2987 complete

854 3033 888 3089 et
913 3021 994 3086 ideo
1019 3018 1053 3084 in
1078 3027 1227 3102 accepto
1253 3037 1341 3096 esse,
1367 3016 1447 3081 ideo
1473 3015 1523 3082 eis
1547 3028 1584 3082 ut
1608 3016 1659 3083 sic
1683 3039 1756 3082 non
1780 3029 1953 3107 repugnat
1977 3039 2166 3103 processus
2201 3017 2236 3082 in
2261 3016 2334 3082 infi-

854 3137 975 3215 nitum,
1011 3136 1074 3201 sed
1110 3132 1191 3217 quia
1227 3131 1277 3198 eis
1312 3131 1348 3197 in
1384 3143 1465 3198 ante
1504 3132 1778 3219 procedentibus
1818 3133 1853 3198 in
1895 3133 2066 3199 infinitum
2102 3146 2136 3200 et
2170 3133 2334 3200 omnibus

854 3250 1038 3321 reservatis
1062 3248 1267 3315 conveniret
1290 3249 1421 3314 habere
1445 3269 1524 3314 esse
1548 3248 1583 3314 in
1608 3249 1702 3315 lacto
1731 3271 1810 3316 esse
1838 3250 2021 3336 complete,
2039 3250 2119 3316 ideo
2148 3249 2199 3316 eis
2223 3260 2260 3316 ut
2284 3248 2335 3315 sic

856 3363 1032 3456 repugnat
1055 3365 1208 3431 infinitas
1233 3375 1268 3431 et
1292 3375 1417 3430 cetera.

944 3486 997 3551 De
1037 3481 1206 3548 infinitate
1246 3479 1351 3569 igitur
1389 3480 1579 3546 animarum
1615 3482 1740 3547 esset⁶
1778 3483 1966 3549 dicendum
2005 3482 2100 3567 quod
2139 3482 2335 3548 secundum

857 3622 997 3669 cursum
1022 3598 1081 3683 qui
1106 3618 1201 3663 nunc
1226 3607 1288 3676 est,
1317 3596 1449 3662 scilicet
1483 3597 1577 3680 quod
1609 3599 1717 3664 homo
1748 3598 1792 3664 sit
1824 3599 1937 3665 lactus
1970 3610 2008 3663 ut
2035 3597 2275 3665 beatificabilis
2300 3597 2335 3662 in

856 3714 1000 3783 anima⁶
1034 3726 1068 3779 et
1103 3733 1261 3797 corpore,
1294 3712 1435 3796 planum
1471 3723 1523 3777 est
1558 3713 1654 3796 quod
1679 3716 1831 3780 mundus
1867 3736 1938 3780 non
1974 3715 2087 3801 potuit
2121 3713 2258 3780 luisse⁷
2292 3715 2336 3779 ab

854 3844 1009 3899 aeterno.
1039 3830 1297 3906 Verumtamen,
1326 3826 1407 3893 licet
1439 3849 1512 3893 non
1546 3840 1667 3914 posset
1700 3832 1894 3896 secundum
1928 3831 2085 3896 ordinem
2118 3829 2222 3897 istum
2252 3827 2337 3916 poni

853 3947 1015 4014 homines
1039 3943 1196 4032 potuisse
1229 3943 1338 4009 fuisse
1373 3945 1416 4008 ab
1452 3956 1606 4024 aetem0,
1639 3955 1754 4011 tamen
1787 3947 1946 4012 absolute
1980 3948 2157 4032 loquendo
2186 3947 2338 4032 posset⁸

854 4063 938 4151 poni
973 4083 1052 4128 cum
1087 4060 1219 4126 finitate
1251 4058 1442 4124 animarum
1468 4060 1713 4125 sufficientium
1739 4062 1783 4126 ad
1808 4061 2025 4128 existentiam
2050 4062 2204 4128 omnium
2228 4063 2336 4129 homi·

854 4203 937 4247 num
970 4182 974 4262 Ι
1007 4188 1168 4243 natorum
1204 4195 1283 4241 esse
1315 4177 1509 4240 secundum
1542 4175 1679 4241 debitas
1719 4176 1961 4244 circulationes
2000 4178 2147 4259 orbium,
2175 4179 2337 4246 videlicet
2364 4136 2549 4264 foifiigPRu'

854 4296 905 4363 sic
929 4295 1025 4381 quod
1049 4315 1128 4359 cum
1165 4303 1316 4376 ponatur
1348 4292 1443 4377 quod
1479 4291 1642 4357 omnibus
1683 4293 1825 4359 orbibus
1861 4295 1905 4359 ad
1937 4296 2099 4360 eumdem
2131 4297 2278 4383 gradum
2304 4308 2338 4361 et

854 4422 981 4478 statum
1006 4408 1234 4476 redeuntibus
1258 4407 1292 4474 in
1311 4429 1381 4492 quo
1398 4429 1492 4473 nunc
1517 4420 1598 4472 sunt
1622 4408 1767 4475 redeant
1791 4409 1908 4474 omnia
1939 4411 2060 4476 eadem
2086 4421 2119 4476 et
2143 4413 2337 4477 secundum

855 4526 1036 4614 superiora
1062 4536 1096 4590 et
1127 4523 1301 4604 inferiora,
1327 4534 1410 4589 tunc
1438 4523 1540 4589 etiam
1566 4523 1753 4608 aliquando
1782 4527 1926 4591 eaedem
1953 4525 2204 4612 animaequae
2231 4528 2338 4594 modo

855 4643 1010 4709 animant
1033 4661 1193 4727 corpora,
1219 4641 1341 4705 eadem
1360 4660 1510 4725 corpora
1537 4641 1592 4705 vel
1616 4642 1737 4705 saltem
1762 4641 1906 4706 omnino
1931 4642 2125 4708 conformia
2149 4643 2338 4729 aliquando

855 4758 1009 4825 animare
1040 4759 1172 4822 habent
1204 4755 1400 4822 secundum
1433 4776 1573 4821 cursum
1605 4776 1692 4841 pure
1723 4758 1924 4823 naturalem.
1955 4758 1997 4823 Et
2029 4758 2079 4823 sic
2111 4770 2232 4845 posset
2260 4781 2338 4826 esse

856 4873 1035 4942 circulatio
1053 4872 1246 4937 animarum
1265 4871 1368 4937 etiam
1385 4870 1559 4936 finitarum
1576 4871 1611 4936 in
1628 4871 1810 4952 infinitum,
1836 4894 1908 4939 non
1925 4875 2027 4939 talem
2045 4875 2183 4959 qualem
2202 4887 2339 4961 ponunt

857 4965 997 5056 fabulae
1011 4987 1276 5077 Pythagoricae.
1289 4988 1331 5052 Et
1346 4987 1537 5052 animarum
1551 4987 1811 5053 circulationem
1826 5011 1896 5053 non
1912 4989 2048 5056 videtur
2060 4990 2280 5079 Augustinus
2292 4995 2338 5073 (l)

858 5107 1056 5192 reprobare,
1085 5103 1273 5170 undecimo
1297 5105 1341 5168 de
1366 5102 1516 5169 Civitate
1540 5103 1616 5184 Dei,
1642 5102 1707 5168 nisi
1732 5125 1774 5169 ex
1800 5104 1990 5171 variatione
2014 5106 2209 5172 seeundum
2233 5106 2339 5174 felici·

855 5231 961 5287 tatem
990 5231 1024 5286 et
1048 5219 1295 5287 infelicitatem.
1327 5221 1431 5285 Unde
1456 5218 1484 5283 si
1510 5219 1750 5303 ponerentur⁹
1775 5220 1911 5286 animae
1939 5222 2051 5287 solum
2083 5221 2262 5288 ordinatae
2294 5223 2339 5288 ad

857 5336 1109 5423 perfectionem
1124 5357 1242 5401 earum
1256 5336 1458 5412 naturalem,
1472 5356 1544 5400 non
1563 5334 1739 5401 videretur
1751 5335 1951 5402 huiusmodi
1964 5337 2141 5403 circulatio
2155 5338 2341 5406 efficaciter

857 5452 1055 5539 improbari.

949 5699 956 5729 ¹
976 5695 1058 5768 potui
1078 5696 1109 5750 P.
1124 5728 1156 5735 —
1171 5697 1181 5728 ²
1195 5714 1250 5749 om.
1271 5696 1301 5749 P.
1317 5728 1350 5736 -
1365 5697 1376 5728 ³
1389 5696 1430 5749 ita
1449 5694 1633 5767 impossibile
1648 5729 1680 5736 —
1695 5699 1771 5765 esse]
1791 5715 1846 5749 om.
1867 5698 1898 5750 P.
1919 5729 1951 5737 -
1966 5701 1976 5730 ⁴
1989 5699 2098 5753 habent
2117 5698 2148 5753 P.
2168 5731 2201 5738 -
2216 5701 2227 5731 ⁸
2245 5707 2290 5752 est
2309 5699 2340 5754 P.

859 5817 892 5825 -
912 5785 924 5817 ⁶
942 5785 1066 5839 scientia
1085 5783 1111 5836 V
1129 5787 1158 5836 et
1175 5785 1243 5837 add.
1265 5802 1363 5856 nzorg.
1383 5784 1414 5837 P.
1435 5816 1466 5822 —
1486 5786 1493 5814 ²
1513 5782 1609 5853 potuit
1628 5782 1729 5852 fuisse]
1750 5785 1895 5854 potuisset
1918 5802 1984 5839 esse
2004 5787 2035 5840 P.
2055 5819 2088 5827 —
2109 5788 2120 5819 ⁸
2138 5794 2236 5859 potest
2256 5788 2287 5841 P.
2307 5821 2340 5828 -

860 5874 871 5905 ⁸
889 5880 1048 5943 poneretur
1063 5872 1095 5926 V.

950 6053 987 6119 (lJ
1009 6050 1040 6104 L.
1053 6050 1104 6117 XI,
1118 6067 1142 6104 e.
1157 6050 1205 6116 IV,
1219 6053 1235 6103 2
1248 6050 1291 6116 (P.
1308 6051 1347 6116 L,
1361 6049 1418 6103 vol.
1431 6053 1475 6116 41,
1489 6050 1544 6105 col.
1558 6051 1694 6114 319-320).
