6700 7992
1367 1396 1517 1477 iamim
1547 1420 1847 1492 Quonmaaruu,
1875 1421 1911 1492 Q.
1939 1419 1966 1474 x
2369 1410 2404 1473 25

925 1596 1156 1681 honestatem,
1174 1601 1269 1686 quod
1298 1621 1369 1667 non
1388 1611 1510 1685 posset
1532 1600 1606 1667 fieri
1630 1599 1721 1666 inter
1743 1600 1888 1665 multum
1912 1599 2092 1665 distantes
2111 1598 2214 1665 Unde
2234 1597 2318 1665 dicit
2333 1601 2402 1683 (l):

926 1718 956 1784 si
994 1718 1101 1783 multa
1137 1717 1198 1782 fiat
1237 1716 1401 1782 distantia
1438 1716 1572 1782 virtutis
1605 1717 1658 1781 vel
1694 1715 1843 1782 malitiae
1881 1717 1936 1781 vel
1967 1714 2113 1781 alicuius
2145 1713 2295 1795 alterius,
2329 1734 2403 1779 non

926 1835 1042 1900 adhuc
1066 1845 1148 1899 sunt
1171 1831 1283 1912 amici,
1300 1831 1381 1917 quia
1406 1853 1473 1898 nec
1498 1831 1641 1920 dignum
1665 1843 1845 1917 reputatur
1868 1808 1964 1916 quod
1987 1830 2111 1916 aliquis
2138 1831 2267 1896 habeat
2289 1828 2404 1895 amici·

926 1949 1009 2015 tiam
1037 1970 1115 2015 cum
1140 1970 1184 2015 eo
1212 1948 1271 2032 qui
1295 1948 1439 2013 multum
1468 1958 1520 2013 est
1547 1947 1689 2013 inferior
1715 1947 1816 2032 ipso;
1844 1968 1946 2036 reges
1975 1947 2065 2014 enim
2096 1968 2169 2013 non
2200 1945 2405 2035 dignificant

927 2065 981 2130 his
1016 2086 1095 2130 esse
1136 2063 1237 2129 amici
1272 2062 1330 2148 qui
1365 2063 1511 2129 multum
1544 2062 1753 2129 defectiores
1789 2074 1823 2128 et
1858 2074 1983 2129 cetera.
2018 2064 2166 2148 Propter
2199 2062 2294 2148 quod
2333 2082 2405 2128 non

928 2191 1044 2267 potest
1087 2180 1175 2245 inter
1213 2180 1357 2245 multum
1398 2178 1566 2244 distantes
1606 2178 1682 2244 talis
1722 2177 1872 2245 amicitia
1912 2199 1991 2244 cum
2034 2178 2170 2244 actibus
2209 2179 2254 2244 ad
2292 2177 2403 2263 ipsam

927 2295 1181 2382 pertinentibus
1206 2295 1264 2380 qui
1289 2305 1370 2360 sunt
1395 2294 1620 2360 delectabiles
1637 2304 1672 2359 et
1696 2293 1840 2379 perfecti
1864 2294 2090 2374 conservari;
2115 2306 2150 2360 et
2172 2293 2254 2360 ideo
2271 2293 2405 2360 amicus

928 2411 1102 2496 [amicum]
1135 2411 1365 2495 inquantum
1397 2409 1529 2476 amicus
1561 2421 1614 2475 est
1647 2421 1682 2474 et
1712 2409 1763 2475 sic
1787 2411 1853 2475 sub
1889 2409 2023 2476 ratione
2058 2409 2230 2476 amicitiae
2264 2408 2405 2495 proprie

929 2525 1053 2604 dictae,
1077 2545 1149 2590 non
1175 2534 1292 2610 potest
1314 2525 1404 2590 velle
1428 2522 1540 2589 amico
1569 2523 1718 2587 maxima
1745 2525 1849 2604 bona,
1877 2523 1944 2589 nisi
1965 2524 1975 2559 ¹
2002 2523 2103 2589 etiam
2133 2534 2299 2609 sequatur
2325 2544 2405 2589 eum

928 2641 1017 2707 velle
1048 2639 1161 2706 amico
1194 2660 1313 2706 carere
1345 2640 1440 2724 quod
1475 2649 1529 2705 est
1561 2660 1728 2726 magnum
1763 2639 1906 2704 bonum.
1938 2640 2024 2705 Inde
2059 2650 2112 2706 est
2146 2640 2242 2725 quod
2273 2638 2406 2706 amicus

927 2756 1123 2823 secundum
1141 2756 1237 2840 quod
1252 2755 1462 2834 huiusmodi,
1480 2755 1515 2819 id
1540 2766 1592 2820 est
1615 2755 1811 2820 secundum
1827 2756 1923 2840 quod
1947 2777 2010 2841 per
2034 2776 2072 2821 se
2090 2734 2239 2844 diligens
2257 2754 2406 2822 amicum

928 2882 967 2938 ut
998 2871 1064 2937 sibi
1092 2871 1331 2955 coaequalem,
1363 2869 1469 2936 immo
1501 2871 1764 2955 quodammodo
1793 2893 1912 2951 unum,
1941 2882 1976 2937 et
1999 2881 2141 2958 propter
2163 2873 2296 2937 bonum
2325 2871 2406 2937 ami-

930 2986 1030 3054 citiae
1059 2986 1294 3072 propriissime
1319 2985 1444 3066 dictae,
1469 3007 1541 3051 non
1566 2986 1670 3052 debet
1694 2987 1783 3052 velle
1811 2987 1961 3052 maxima
1989 2988 2085 3052 bona
2114 2987 2237 3054 amico,
2255 2987 2299 3052 Et
2317 2988 2407 3053 haec

929 3102 1066 3169 videtur
1089 3123 1168 3168 esse
1193 3101 1435 3168 determinatio
1459 3100 1664 3187 Philosophi
1682 3105 1729 3185 (2)
1746 3113 1873 3168 octavo
1896 3101 2108 3185 Ethicorum‚
2125 3102 2185 3168 ubi
2205 3102 2289 3169 dicit
2311 3102 2406 3188 quod

931 3218 1074 3296 amicus
1092 3218 1181 3283 forte
1206 3227 1320 3283 autem
1350 3236 1422 3282 non
1451 3238 1535 3302 prae
1557 3216 1732 3297 omnibus
1756 3218 1830 3283 vult
1853 3217 1967 3285 amico
1990 3219 2105 3284 bona:
2134 3218 2201 3284 sibi
2224 3217 2290 3304 ipsi
2314 3217 2407 3284 enim

928 3334 1078 3400 maxime
1095 3334 1167 3398 vult
1191 3332 1432 3418 unusquisque
1451 3331 1463 3367 ²
1489 3334 1595 3398 bona.
1613 3331 1658 3397 Et
1685 3331 1759 3398 ex³
1781 3334 1851 3400 hoc
1874 3345 1991 3420 potest
2014 3333 2130 3400 inferri
2154 3335 2250 3419 quod
2273 3334 2407 3400 amicus

931 3470 1002 3515 non
1027 3449 1133 3514 debet
1156 3449 1244 3515 velle
1268 3448 1382 3515 amico
1405 3450 1501 3514 bona
1524 3469 1587 3534 per
1610 3469 1701 3534 quae
1725 3450 1849 3534 perdat
1872 3449 2020 3516 amicum
2044 3450 2139 3535 quod
2164 3458 2218 3516 est
2240 3471 2406 3540 magnum

929 3566 1075 3630 bonum.
1292 3563 1296 3572 '
2335 3630 2337 3633 .

928 3722 932 3730 -
1018 3679 1091 3746 Sed
1115 3679 1206 3764 quia,
1230 3690 1267 3744 ut
1298 3678 1346 3744 ibi
1369 3678 1576 3745 determinat
1593 3683 1652 3764 (3),
1681 3690 1818 3765 praeter
1841 3681 1937 3746 hunc
1961 3681 2104 3747 modum
2135 3680 2307 3748 amicitiae
2330 3703 2408 3768 pro·

930 3794 1057 3880 priae⁴
1089 3805 1172 3861 sunt
1204 3794 1292 3861 aliae
1320 3793 1492 3860 amicitiae
1522 3794 1671 3880 species,
1706 3816 1797 3880 quae
1824 3797 2019 3863 secundum
2050 3796 2408 3883 superabundantiam
2464 3858 2522 3914 cod
2540 3858 2566 3912 V

930 3921 1022 3989 sunt,
1045 3920 1129 3996 puta
1153 3909 1241 3996 patri
1265 3909 1349 3975 adfi
1385 3913 1389 3994 l
1424 3909 1517 3990 lium,
1534 3911 1608 3976 viro
1633 3911 1678 3975 ad
1702 3931 1845 3977 uxorem
1870 3921 1906 3977 et
1928 3911 2110 3998 imperanti
2134 3913 2179 3977 ad
2202 3911 2408 3999 imperatum
2435 3900 2600 3986 rotatim>

931 4035 965 4093 et
987 4024 1197 4106 huiusmodi,
1219 4025 1253 4090 in
1277 4025 1404 4111 quibus
1428 4026 1621 4092 secundum
1646 4027 1777 4114 gradus
1802 4025 1960 4094 diversos
1984 4027 2096 4117 magis
2120 4038 2155 4095 et
2177 4027 2292 4094 minus
2315 4049 2409 4094 rece·

931 4141 1022 4207 ditur
1049 4141 1094 4206 ab
1118 4140 1319 4207 huiusmodi
1343 4139 1494 4206 amicitia
1520 4140 1671 4227 propria,
1698 4142 1734 4206 in
1751 4153 1920 4227 quantum
1933 4142 1969 4207 in
1996 4142 2062 4209 illis
2076 4143 2197 4209 maior
2218 4144 2274 4210 vel
2297 4142 2411 4210 minor

931 4276 1098 4323 excessus
1115 4255 1205 4322 inter
1220 4267 1376 4322 amantes
1400 4255 1583 4338 invenitur,
1602 4295 1643 4305 -
1661 4277 1736 4322 non
1759 4257 1934 4324 receditur
1960 4270 2077 4325 tamen
2105 4279 2126 4324 a
2156 4260 2253 4325 bono
2276 4258 2409 4325 virtutis

931 4370 1133 4457 simpliciter
1163 4393 1233 4457 qua
1265 4371 1506 4457 unusquisque
1541 4371 1592 4439 sic
1625 4372 1822 4458 disponitur
1856 4385 1893 4439 ut
1917 4394 2041 4439 omnes
2071 4373 2191 4462 diligat
2215 4375 2408 4440 secundum

931 4485 1062 4553 suam⁶
1094 4486 1308 4576 dignitatem,
1333 4499 1367 4554 et
1401 4487 1602 4553 huiusmodi
1626 4487 1766 4555 dilectio
1791 4489 1846 4555 vel
1871 4488 1999 4556 amatio
2032 4499 2085 4556 est
2108 4490 2304 4556 secundum
2328 4488 2410 4555 ami-

931 4602 1046 4669 citiam
1072 4602 1221 4688 aliquam
1245 4603 1324 4670 licet
1347 4624 1421 4669 non
1445 4604 1640 4670 secundum
1665 4603 1891 4690 praedictam,
1908 4615 1943 4671 et
1966 4605 2161 4671 secundum
2185 4607 2278 4672 hanc
2294 4605 2409 4673 amici·

931 4717 1013 4784 tiam
1048 4719 1054 4803 Ι
1090 4739 1311 4785 communem
1347 4718 1450 4785 etiam
1480 4718 1632 4804 impares
1663 4718 1765 4785 amici
1799 4719 1868 4786 dici
1900 4732 2050 4806 possunt
2087 4734 2244 4788 amantes
2275 4743 2335 4802 se;
2368 4761 2408 4770 -
2436 4692 2603 4820 foioidapr

931 4832 1000 4899 isto
1032 4835 1138 4899 modo
1164 4834 1351 4900 dicendum
1375 4836 1472 4920 quod
1494 4834 1561 4901 sibi
1588 4834 1739 4901 invicem
1763 4846 1913 4921 possunt
1937 4847 1972 4903 et
1995 4837 2124 4903 debent
2147 4839 2236 4905 velle
2260 4837 2410 4904 maxima

931 4951 1037 5030 bona,
1055 4950 1249 5016 secundum
1274 4949 1478 5039 dignitatem
1502 4959 1617 5017 tamen
1644 4971 1817 5036 personae
1834 4950 1993 5033 dilectae,
2011 4973 2115 5038 quam
2132 4953 2281 5042 diligens
2305 4954 2411 5020 debet

932 5065 1021 5131 velle
1046 5086 1124 5131 esse
1149 5064 1314 5151 optimam
1339 5077 1373 5132 et
1396 5066 1552 5132 maximis
1575 5066 1679 5132 bonis
1704 5066 1848 5155 dignam
1873 5075 1908 5134 et
1930 5066 2080 5134 maxima
2102 5069 2198 5135 bona
2220 5070 2350 5136 habere
2374 5069 2410 5135 in

1025 5365 1033 5396 ¹
1046 5381 1101 5421 nec
1114 5364 1147 5419 P.
1157 5396 1190 5404 —
1204 5344 1352 5437 ’quisque
1365 5365 1397 5420 P.
1408 5397 1441 5405 -
1451 5366 1463 5398 ³
1473 5384 1528 5420 om.
1542 5366 1573 5420 P.
1584 5397 1617 5407 -
1628 5368 1639 5398 ⁴
1651 5366 1802 5439 proprium
1813 5366 1847 5420 V.
1859 5398 1892 5408 -
1904 5368 1957 5423 ‘et
1969 5368 2039 5423 add.
2049 5367 2081 5423 P.

1022 5587 1062 5653 (1)
1082 5585 1295 5644 Aristotelis
1313 5587 1488 5642 Ethicorum
1506 5587 1783 5653 Nicmnacheorum,
1801 5588 1819 5644 l.
1832 5588 1912 5654 VIII,
1925 5606 1950 5643 c.
1963 5592 1980 5643 9
2001 5588 2048 5658 [al.
2062 5591 2098 5659 71,
2116 5590 2184 5656 (vol.
2199 5591 2235 5658 11,
2249 5608 2277 5663 p.
2292 5593 2412 5658 noa-9).

932 5672 1018 5737 Δῆλον
1037 5671 1070 5732 δ’,
1089 5669 1133 5725 ἐὰν
1145 5672 1215 5727 πολὺ
1233 5672 1366 5740 διάστημα
1384 5672 1499 5746 γίγνεται
1517 5672 1613 5741 ἀρετῆς
1625 5671 1642 5738 ll
1655 5671 1750 5733 κακίας
1762 5671 1778 5739 ἢ
1792 5670 1917 5744 εὐπορίας
1934 5669 1952 5739 ἤ
1969 5673 2038 5736 τινός
2055 5671 2140 5730 ἄλλου
2153 5717 2160 5730 .
2174 5672 2205 5729 οὒ
2222 5677 2275 5749 γὰρ
2286 5669 2325 5730 ἔτι
2342 5676 2413 5748 φίλοι

933 5752 1004 5816 εἰσίν,
1017 5752 1076 5808 ἀλλ’
1094 5751 1149 5808 οὐδ’
1159 5754 1311 5826 Ιἀξιοῦσιν...
1330 5758 1416 5822 Δῆλον
1433 5755 1461 5809 δὲ
1478 5757 1523 5809 καὶ
1541 5752 1584 5810 ἐπὶ
1601 5760 1655 5809 τῶν
1672 5753 1802 5825 βασιλέων
1816 5771 1823 5785 ·
1836 5753 1897 5810 οὐδε
1913 5756 1966 5827 γὰρ
1983 5756 2087 5818 τούτοις
2104 5757 2216 5820 ἀξιοῦσιν
2229 5757 2293 5813 εἶναι
2306 5758 2377 5830 φίλοι
2388 5759 2414 5813 ol

932 5837 1004 5890 πολὺ
1016 5833 1227 5908 καταδεέστεροι.
1244 5871 1276 5879 -
1300 5844 1339 5905 (2)
1360 5840 1445 5908 Ιὸίά.,
1458 5840 1476 5894 l.
1491 5839 1569 5907 VIII,
1583 5856 1607 5894 c.
1620 5844 1638 5894 9
1652 5841 1698 5908 [al.
1712 5843 1748 5910 71,
1768 5846 1808 5912 (p.
1823 5843 1912 5908 1159).
1931 5837 2075 5910 Ἀνθρώπου
2092 5839 2121 5894 tl
2137 5837 2193 5895 ὄντι
2211 5841 2370 5911 βουλήσεται
2381 5843 2414 5895 τὰ

934 5920 1046 5996 μέγιστα
1058 5924 1154 5997 ἀγαθὰ.
1174 5922 1237 5986 ἴσως
1249 5922 1304 5979 t’ol
1321 5923 1407 5979 πάντα
1419 5940 1426 5954 ·
1438 5924 1512 5996 αὑτῷ
1524 5926 1576 5997 γὰρ
1588 5923 1693 5992 μάλισθ’
1711 5925 1824 5987 ἕκαστος
1842 5925 1966 5994 βούλεται
1982 5928 2093 6002 τάγαθά.
2109 5964 2142 5972 -
2155 5934 2194 6000 (Β)
2209 5933 2294 5999 loia,
2307 5934 2415 5999 LVIII,

934 6031 960 6069 c.
972 6018 990 6070 8
1004 6016 1052 6086 [al.
1066 6019 1102 6086 7]-
2326 6023 2345 6077 4
