6700 7992
1033 1432 1083 1481 na
1397 1430 1590 1485 nraorsriu
1618 1429 1840 1483 conanum
1871 1428 1921 1483 oa
1952 1400 2148 1485 ronanus

1030 1610 1111 1675 laris
1129 1619 1163 1675 et
1179 1608 1364 1675 distinctae
1382 1610 1515 1675 formae
1532 1611 1639 1675 habet
1656 1620 1690 1675 et
1714 1631 1784 1674 una
1808 1608 2006 1675 immediate
2030 1607 2164 1695 perlicit
2187 1607 2365 1675 materiam
2390 1620 2425 1676 et
2449 1609 2517 1676 alia

1030 1726 1098 1789 ista
1114 1725 1290 1791 mediante
1302 1726 1319 1789 ¹.
1345 1727 1485 1791 Frustra
1501 1725 1593 1790 enim
1619 1726 1793 1792 diceretur
1809 1727 1898 1790 baec
1923 1724 2108 1810 dispositio
2125 1725 2170 1790 ad
2187 1723 2309 1811 ipsam,
2333 1724 2399 1790 nisi
2421 1725 2518 1811 prius

1030 1854 1155 1908 natura
1180 1841 1428 1929 intelligeretur
1448 1841 1613 1907 materiae
1630 1842 1713 1907 dare
1738 1843 1914 1925 quendam
1940 1852 2055 1907 actum
2072 1852 2106 1905 et
2122 1841 2299 1927 quoddam
2320 1862 2400 1907 esse
2416 1852 2452 1907 et
2468 1841 2519 1907 sic

1032 1957 1129 2043 prius
1157 1957 1359 2045 intelligitur
1383 1969 1419 2022 ut
1443 1958 1555 2022 forma
1580 1957 1753 2024 materiae.
1781 1997 1822 2004 --
1850 1936 1938 2023 Cum
1964 1956 2066 2022 etiarn
2096 1967 2240 2042 utraque
2264 1955 2349 2023 det²
2376 1957 2521 2043 aliquod

1031 2094 1112 2139 esse
1129 2086 1275 2139 naturae
1300 2075 1393 2158 quod
1411 2083 1465 2139 est
1489 2094 1568 2139 esse
1585 2072 1827 2153 substantiale,
1847 2085 1881 2139 et
1905 2094 1983 2138 esse
2007 2072 2235 2139 substantiale
2259 2084 2416 2139 estesse
2440 2072 2519 2138 sitn-

1032 2188 1177 2274 pliciter,
1195 2190 1375 2273 quomodo
1393 2188 1528 2255 dicetur
1553 2190 1648 2273 quod
1673 2210 1743 2254 non
1771 2190 1855 2253 dent
1871 2190 1968 2272 plura
1989 2208 2068 2253 esse
2085 2186 2289 2254 existentiae
2306 2186 2519 2274 simpliciter,

1032 2304 1106 2370 sive
1124 2305 1224 2391 plura
1248 2326 1327 2370 esse
1351 2304 1603 2382 substantialia,
1622 2317 1658 2370 ut
1675 2304 1829 2369 faciunt²'
1846 2305 1962 2389 plures
1987 2302 2200 2369 substantias
2217 2317 2251 2370 et
2274 2326 2382 2369 unum
2405 2305 2518 2371 solum

1034 2442 1097 2506 per
1113 2420 1279 2486 accidens
1296 2420 1520 2493 constituant,
1540 2420 1630 2486 sicut
1648 2420 1750 2485 etiam
1769 2420 1887 2504 plures
1904 2421 2036 2485 formae
2061 2418 2296 2486 accidentales
2318 2420 2403 2486 dant
2420 2420 2521 2507 plura

1034 2556 1113 2601 esse
1131 2536 1245 2621 qualia
1270 2537 1323 2601 vel
1340 2535 1565 2601 huiusmodi?
1582 2536 1625 2601 lit
1642 2535 1671 2600 si
1696 2535 1798 2601 etiarn
1823 2537 1907 2601 dent
1932 2536 2030 2621 plura
2055 2556 2133 2601 esse
2158 2545 2312 2615 naturae,
2338 2537 2520 2620 quomodo

1034 2674 1107 2717 non
1131 2664 1212 2717 sunt
1236 2654 1352 2737 plures
1377 2651 1510 2717 formae
1534 2651 1745 2737 simpliciter,
1774 2672 1852 2716 cum
1882 2651 1964 2717 dare
1989 2672 2068 2717 esse
2095 2650 2296 2737 simpliciter
2319 2650 2363 2717 sit
2387 2650 2521 2717 formae

1035 2767 1237 2853 simpliciter
1261 2779 1296 2833 et
1319 2790 1391 2832 non
1415 2768 1596 2832 habebunt
1620 2767 1790 2832 rationem
1817 2766 1919 2831 unius
1943 2768 2075 2833 formae
2092 2766 2126 2831 in
2152 2768 2270 2832 dando
2293 2768 2399 2833 esse?
2423 2767 2521 2851 Quo·

1035 2885 1143 2949 modo
1173 2883 1275 2949 etiam
1305 2883 1402 2959 dabit
1429 2882 1604 2967 quaelibet
1631 2904 1710 2947 esse
1743 2882 1944 2967 simpliciter
1974 2882 2069 2966 quod
2101 2892 2154 2947 est
2182 2904 2261 2949 esse
2291 2883 2521 2949 substantiale

1036 3012 1080 3079 et,
1106 3010 1273 3084 quantum
1298 3011 1351 3065 est
1375 3000 1420 3063 de
1448 3020 1496 3077 se,
1526 3020 1595 3064 non
1622 2997 1719 3062 dabit
1742 3019 1821 3064 esse
1846 2998 2102 3078 subsistentiae,
2132 3018 2210 3064 cum
2235 2997 2452 3065 substantiae
2477 2998 2522 3063 sit

1036 3115 1226 3181 subsistere
1256 3114 1450 3180 secundum
1484 3115 1579 3199 quod
1608 3125 1660 3179 est
1692 3113 1726 3178 in
1755 3126 1834 3179 actu
1863 3135 1926 3199 per
1957 3115 2103 3179 formam
2135 3113 2395 3181 substantialem
2429 3134 2522 3199 quae

1037 3231 1163 3297 dicitur
1187 3229 1435 3309 substantialis
1461 3229 1541 3314 quia
1566 3230 1625 3294 dat
1642 3250 1721 3295 esse
1738 3229 1939 3314 simpliciter
1956 3230 2050 3314 quod
2076 3241 2130 3295 est
2154 3250 2232 3295 esse
2249 3228 2522 3295 subsistentiae?

971 3430 981 3445 ,
1039 3346 1090 3412 Ex
1113 3367 1184 3431 quo
1209 3346 1313 3413 etiarn
1341 3346 1451 3411 l'orma
1479 3344 1644 3410 naturalis
1668 3344 1764 3430 prius
1792 3345 1941 3409 natura⁴
1965 3345 2100 3431 perlicit
2128 3344 2163 3410 in
2191 3365 2270 3411 esse
2300 3344 2521 3411 substantiali

843 3431 1016 3560 solf‘lsssslq·,
1039 3462 1227 3542 materiam,
1252 3462 1347 3547 quod
1364 3484 1435 3527 non
1453 3461 1535 3526 facit
1558 3460 1623 3525 nisi
1645 3472 1681 3525 ut
1698 3471 1751 3525 est
1768 3462 1879 3525 forma
1896 3471 1929 3526 et
1946 3461 2127 3527 actualitas
2152 3461 2325 3545 quaedam
2355 3463 2359 3545 Ι
2386 3460 2523 3527 ratione

1038 3578 1138 3645 cuius
1166 3578 1308 3643 materia
1336 3576 1461 3643 dicitur
1488 3576 1657 3662 disposita
1686 3578 1730 3641 ad
1758 3576 1954 3643 ulteriorem
1983 3577 2076 3644 dicto
2102 3577 2218 3659 modo,
2246 3578 2426 3663 quomodo
2455 3575 2522 3642 alia

1038 3693 1212 3780 posterior
1228 3705 1350 3758 natura
1367 3692 1553 3778 perficiens
1574 3714 1645 3757 non
1664 3692 1804 3758 advenit
1829 3692 1895 3757 iam
1920 3692 1955 3758 in
1980 3714 2059 3758 esse
2083 3692 2268 3781 compositi
2286 3703 2320 3759 et
2336 3691 2521 3780 suppositi,

1038 3822 1206 3895 quantum
1224 3820 1277 3876 est
1294 3810 1338 3875 de
1355 3831 1404 3887 se,
1422 3807 1599 3875 constituti
1617 3830 1680 3893 per
1699 3821 1814 3873 actum
1840 3809 2103 3875 substantialem
2121 3810 2261 3876 dantem
2279 3831 2358 3876 esse
2375 3818 2523 3875 naturae

1038 3925 1099 3992 et⁶
1121 3947 1199 3992 esse
1216 3923 1489 3991 subsistentiae⁶
1512 3936 1679 4009 quantuni
1705 3935 1758 3989 est
1782 3925 1826 3990 de
1850 3926 1914 3991 se?
1939 3926 1982 3991 Et
2006 3924 2056 3991 sic
2073 3924 2176 3991 etiam
2201 3925 2277 3991 talis
2294 3925 2406 3991 forma
2429 3924 2522 3991 acci·

1039 4042 1188 4108 dentalis
1216 4041 1299 4107 erit:
1328 4040 1418 4106 sicut
1445 4038 1564 4105 eni1n⁷
1591 4040 1626 4105 in
1655 4061 1726 4105 uno
1755 4063 1826 4105 non
1856 4054 1972 4126 potest
1996 4063 2075 4107 esse
2103 4041 2168 4106 nisi
2197 4063 2304 4107 unum
2333 4062 2412 4108 esse
2440 4064 2522 4127 sup·

1038 4157 1153 4243 positi,
1182 4156 1228 4222 ita
1257 4178 1323 4222 nec
1350 4155 1416 4220 nisi
1445 4178 1551 4220 unum
1577 4177 1656 4220 esse
1686 4156 1883 4241 [suppositi]
1913 4169 2057 4223 naturae
2085 4178 2147 4243 per
2174 4179 2212 4223 se
2237 4168 2271 4223 et
2298 4156 2521 4244 sirnpliciter3

1039 4285 1073 4339 et
1096 4272 1214 4338 omnia
1245 4272 1312 4338 alia
1337 4283 1436 4337 erunt
1460 4270 1700 4337 accidentalia.

1128 4388 1235 4473 Quod
1264 4387 1383 4453 enirn*³
1410 4387 1444 4452 in
1473 4386 1612 4451 Christo
1641 4388 1739 4473 plura
1768 4409 1846 4453 esse
1875 4402 2019 4454 naturae
2049 4400 2130 4454 sunt
2160 4390 2214 4455 vel
2242 4387 2459 4455 substantiae
2488 4400 2522 4455 et

1038 4517 1155 4571 tarnen
1182 4526 1254 4569 non
1280 4516 1332 4570 est
1349 4503 1414 4567 nisi
1431 4525 1538 4567 unum
1564 4524 1642 4569 esse
1668 4503 1924 4584 subsistentiae,
1942 4507 2011 4570 boc
2028 4517 2081 4570 est
2105 4505 2229 4571 virtute
2254 4503 2519 4591 supernaturali.

1038 4620 1128 4686 Nam
1156 4619 1296 4686 cuilibet
1323 4641 1402 4685 esse
1427 4631 1570 4684 naturae
1595 4631 1761 4703 quantum
1787 4631 1839 4684 cst
1865 4621 1907 4685 tle
1932 4642 1970 4685 sc
1999 4634 2117 4685 natuni
2143 4631 2196 4686 est
2226 4619 2416 4687 convenire
2443 4642 2521 4706 pro·

1040 4737 1152 4823 priurn
1170 4758 1248 4802 esse
1266 4734 1521 4801 subsistentiae.
1548 4734 1640 4818 Quia
1665 4735 1755 4800 enim
1774 4736 1939 4801 ttecidens
1964 4737 2164 4802 necessario
2182 4736 2423 4803 concomitans
2440 4738 2521 4801 sub-

1040 4852 1200 4919 stantiam
1226 4852 1301 4917 sine
1318 4873 1388 4934 quo
1413 4850 1608 4916 substantia
1625 4874 1703 4915 csse
1721 4874 1791 4916 nnn
1817 4864 1941 4936 potest,
1960 4875 2031 4916 non
2051 4853 2184 4938 perlicit
2201 4852 2379 4918 materiam
2396 4873 2521 4918 secun·

1041 4969 1122 5034 dunt
1141 4968 1216 5034 eius
1234 4969 1362 5031 nudam
1381 4967 1569 5051 potentium
1588 4989 1655 5050 qua
1674 4967 1797 5031 (licitur
1814 4968 1968 5052 potentia
1986 4969 2115 5053 aliquid
2133 4990 2211 5034 esse
2228 4967 2439 5054 simpliciter,
2456 4968 2521 5034 sed

1040 5097 1078 5150 ut
1101 5095 1154 5149 est
1179 5083 1244 5147 ianr
1269 5083 1398 5167 aliquid
1423 5082 1456 5147 in
1482 5074 1568 5147 ttctu'
1586 5084 1779 5147 secitmlunr
1807 5083 1954 5167 aliquam
1979 5085 2134 5163 formant,
2162 5084 2242 5150 ideo
2266 5096 2320 5149 est
2343 5082 2520 5150 accidens.

1042 5198 1275 5265 Consimiliter
1292 5220 1376 5285 ergo
1395 5197 1632 5263 universaliter
1648 5198 1762 5262 munis
1781 5199 1890 5263 l'orma
1907 5200 2091 5284 perficiens
2116 5200 2304 5280 materiam,
2322 5222 2393 5265 non
2413 5209 2450 5264 ut
2467 5210 2522 5266 est

1040 5317 1135 5380 nuda
1163 5314 1317 5400 putentia
1345 5315 1389 5379 ad
1418 5337 1496 5378 esse
1527 5313 1737 5398 simpliciter,
1766 5316 1827 5379 sed
1856 5328 1893 5379 ut
1922 5330 1974 5381 cst
2006 5316 2122 5400 aliquo
2151 5317 2257 5381 inodo
2285 5315 2319 5380 in
2347 5326 2438 5396 actu,
2467 5326 2521 5381 est

1040 5433 1148 5497 forma
1167 5429 1402 5508 accidentalis,
1421 5430 1493 5495 sive
1511 5429 1651 5494 nnttcria
1669 5430 1780 5515 possit
1804 5431 1934 5497 babere
1959 5454 2037 5497 esse,
2063 5431 2096 5496 in
2121 5431 2178 5496 illo
2203 5442 2284 5497 actu
2308 5431 2419 5517 primo
2443 5430 2519 5497 sine

1041 5548 1107 5613 isto
1139 5546 1211 5611 sive
1243 5567 1325 5612 non.
1359 5546 1409 5609 lix
1441 5569 1510 5629 quo
1543 5546 1633 5609 enim
1654 5546 1666 5579 n
1698 5546 1773 5609 talis
1805 5547 1914 5611 fornia
1945 5547 2108 5611 rutturnlis
2138 5550 2196 5612 (lat
2224 5547 2374 5631 aliquem
2402 5558 2517 5621 actum

1132 5862 1138 5891 ¹
1158 5859 1212 5913 ista
1233 5858 1391 5927 madianiti-l
1405 5876 1460 5913 nnn
1476 5858 1506 5911 l’.
1541 5890 1559 5897 --
1580 5860 1590 5889 Β
1609 5858 1696 5911 ‹li-bet
1715 5859 1742 5911 l'.
1758 5892 1761 5897 -
1780 5892 1788 5896 -
1804 5860 1814 5888 ²¹
1830 5856 1938 5911 liniunt
1953 5858 2013 5910 l'l'.
2034 5890 2059 5896 ·-
2077 5861 2085 5889 ⁸
2100 5856 2270 5911 nattualiter
2284 5856 2314 5911 P.
2328 5888 2360 5896 —
2376 5858 2387 5888 ⁵
2406 5874 2472 5912 esse
2485 5886 2518 5898 -

1039 5950 1078 6017 et]
1099 5966 1154 6001 ortt.
1177 5948 1204 6001 Ι).
1241 5980 1248 5985 -
1278 5950 1288 5975 ¹¹
1308 5956 1335 5999 et
1355 5966 1421 5999 csse
1441 5954 1562 5999 naturae
1581 5947 1650 5999 udd.
1673 5946 1736 5997 l‘.-·-
1765 5948 1841 5999 ‘nnn
1864 5946 2071 5998 l‘.--'eti;uu
2092 5946 2160 5998 urlrl.
2183 5944 2385 5999 P.-⁰etiam
2399 5945 2429 6001 P.
