6700 7992
1236 1269 1410 1335 TERTIUM
1439 1278 1738 1350 Qttonttsstzttltt,
1767 1279 1803 1349 Q.
1833 1276 1871 1332 Vl
2245 1280 2297 1331 ‘llll

818 1462 950 1528 habent
981 1459 1189 1527 curiositatis
1214 1483 1317 1545 quam
1342 1459 1549 1540 devotionis,
1585 1459 1701 1545 potius
1726 1470 1819 1525 esset
1847 1461 1935 1525 haec
1966 1457 2150 1525 benedicta
2174 1468 2297 1523 natura

820 1578 947 1644 devote
986 1577 1167 1642 adoranda
1206 1598 1308 1661 quam
1347 1576 1566 1642 discussione
1604 1576 1722 1641 talium
1762 1575 2006 1660 quaestionum
2047 1574 2183 1639 curiose
2223 1596 2297 1661 per·

818 1694 1010 1760 tractanda.

906 1810 1010 1876 Unde
1036 1811 1132 1894 quod
1149 1811 1422 1874 conservabatur
1438 1810 1482 1872 ab
1500 1808 1701 1874 omnimoda
1726 1809 1981 1894 putrefactione
1999 1808 2101 1874 etiam
2120 1807 2294 1886 inelimati,

818 1928 888 1992 hoc
926 1925 991 1991 fuit
1028 1925 1152 1990 virtute
1191 1924 1444 2010 supernaturali
1485 1936 1519 1990 et
1558 1925 1774 1991 miraculose.
1817 1925 1919 1990 Unde
1959 1925 2061 1989 etiam
2100 1924 2293 1989 secundum

817 2041 1130 2129 Augustinumu),
1164 2042 1322 2107 secundo
1354 2042 1441 2105 libro
1477 2042 1521 2105 (le
1550 2041 1730 2126 Baptismo
1766 2041 1997 2125 parvulorum,
2034 2039 2061 2104 si
2094 2037 2294 2105 huiusmodi

817 2170 928 2223 morte
955 2156 1106 2223 violenta
1130 2169 1286 2221 mortuus
1314 2179 1385 2221 non
1415 2157 1547 2235 suisset,
1577 2170 1692 2222 tamen
1722 2158 1943 2221 senescendo
1972 2156 2172 2221 naturaliter
2201 2154 2294 2221 ‹lele-

816 2274 931 2353 eisset,
956 2283 991 2340 et
1013 2276 1084 2338 hoc
1110 2273 1248 2338 actione
1272 2272 1373 2338 calidi
1402 2272 1553 2337 radicale
1577 2272 1756 2337 humidum
1782 2273 2030 2338 consumentis.
2058 2274 2146 2337 (jum
2175 2285 2291 2337 autem

817 2410 946 2476 corpus
971 2400 1143 2455 mortuum
1167 2388 1310 2454 ulterius
1335 2388 1535 2453 naturaliter
1558 2401 1611 2454 est
1627 2388 1815 2454 resolubile
1833 2388 1866 2452 in
1892 2387 2026 2453 eineres
2044 2389 2097 2452 vel
2123 2389 2296 2455 elementa

818 2505 957 2572 actione
985 2505 1162 2594 agentium
1194 2504 1400 2569 exteriorum
1429 2517 1463 2568 et
1491 2504 1702 2581 interiorum,
1738 2505 1788 2570 sic
1816 2504 1917 2570 etiam
1947 2505 2069 2571 fuisset
2096 2505 2296 2570 naturaliter

817 2621 962 2687 ulterius
989 2621 1025 2686 in
1049 2620 1185 2687 cineres
1210 2633 1243 2686 et
1268 2621 1437 2685 elementa
1462 2621 1662 2685 resolutum.

906 2738 1002 2816 Item,
1026 2736 1108 2823 quia
1134 2736 1323 2801 similitudo
1351 2736 1465 2801 carnis
1500 2735 1634 2821 peccati
1663 2749 1736 2801 erat
1763 2735 1796 2800 in
1826 2758 1879 2816 eo,
1908 2737 2118 2803 mutationes
2143 2750 2293 2803 aetatum

817 2852 952 2940 perpeti
983 2851 1091 2918 voluit
1120 2855 1165 2917 ab
1197 2853 1272 2937 ipsa
1305 2874 1448 2917 exorsus
1481 2852 1636 2932 infantia,
1668 2865 1704 2916 ut
1739 2853 1782 2915 ad
1820 2866 1963 2918 mortem
2001 2852 2102 2917 etiam
2140 2854 2296 2919 videatur

818 2980 1027 3036 senescente
1043 2968 1102 3033 illo
1121 2989 1203 3033 caro
1220 2969 1401 3053 pervenire
1418 2967 1585 3053 potuisse,
1603 2968 1668 3032 nisi
1687 2968 1820 3033 iuvenis
1839 2968 1960 3033 fuisset
1977 2968 2114 3034 occisus
2129 2973 2186 3051 (1).
2205 2970 2294 3035 Cum

818 3106 904 3173 ergo
931 3105 1042 3173 agens
1077 3085 1355 3169 approximatam
1387 3083 1532 3168 patienti
1562 3083 1634 3171 agit
1666 3084 1699 3148 in
1729 3084 1811 3148 illud
1844 3084 1910 3148 nisi
1950 3084 2167 3170 impediatur,
2204 3084 2295 3171 ignis

818 3200 877 3286 qui
915 3200 1063 3265 maxime
1098 3200 1233 3265 activus
1268 3212 1329 3278 est,
1355 3199 1384 3263 si
1420 3198 1542 3263 fuisset
1580 3199 1840 3284 approximatns
1880 3200 2017 3284 corpori
2043 3202 2169 3266 Christi
2206 3202 2296 3267 sicut

819 3315 990 3403 contingit
1025 3316 1121 3381 alteri
1160 3315 1309 3401 corpori,
1346 3316 1427 3379 illud
1467 3315 1719 3380 combussisset
1757 3315 1785 3378 si
1824 3315 1946 3380 virtute
1982 3317 2236 3401 supernaturali
2260 3330 2295 3382 et

818 3431 1026 3498 miraculose
1061 3431 1257 3517 prohibitus
1299 3436 1304 3514 Ι
1345 3454 1416 3496 ηοη
1450 3431 1571 3494 fuisset
1606 3452 1720 3518 agere,
1762 3443 1820 3496 ant
1856 3432 1967 3517 ipsum
2008 3454 2135 3517 corpus
2172 3433 2294 3498 virtute

818 3547 1073 3634 supernaturali
1099 3561 1359 3633 praeservatum
1387 3569 1459 3612 non
1487 3546 1610 3611 fuisset
1638 3567 1682 3612 ne
1711 3548 1904 3613 laederetur
1932 3549 1975 3612 alr
2000 3549 2091 3634 igne,
2122 3560 2224 3634 prout
2250 3548 2294 3613 tle

820 3662 931 3728 tribus
953 3663 1071 3749 pueris
1096 3663 1131 3727 in
1155 3662 1293 3728 camino
1318 3662 1408 3750 ignis
1433 3663 1629 3750 c‹›nti[n]git
1644 3663 1662 3726 ¹.

907 3779 997 3844 Cum
1032 3779 1135 3867 igitur
1169 3790 1319 3864 ponatur
1359 3778 1392 3842 in
1436 3779 1547 3843 forma
1586 3779 1800 3862 quaestionis
1840 3782 1934 3865 quod
1975 3781 2158 3867 supposito
2197 3782 2293 3866 quod

817 3906 942 3960 natura
967 3896 1119 3959 humana
1145 3895 1181 3959 in
1208 3894 1347 3960 Christo
1375 3894 1440 3958 sibi
1468 3894 1518 3958 sic
1544 3895 1796 3978 relinqueretur
1823 3897 1918 3980 quenl
1943 3897 2072 3962 nullum
2092 3897 2292 3963 miraculum

817 4010 874 4077 vel
890 4031 981 4097 opus
997 4011 1261 4096 supernaturale
1276 4010 1374 4076 fieret
1398 4010 1491 4076 circa
1515 4010 1636 4095 ipsam,
1656 4024 1767 4075 utrum
1793 4011 2042 4077 inconveniens
2065 4025 2159 4077 esset
2178 4012 2294 4077 <licere

818 4128 915 4213 quod
949 4148 1078 4213 corpus
1114 4127 1189 4192 eius
1224 4129 1269 4191 ab
1305 4126 1386 4214 igne
1418 4147 1490 4190 non
1523 4127 1635 4212 potuit
1674 4128 1841 4205 comburi,
1874 4128 2060 4193 ‹licemlnm
2100 4130 2194 4213 (prod
2233 4128 2293 4207 sic,

816 4242 951 4309 ratione
977 4243 1172 4308 iamdicta.
1203 4243 1247 4307 Et
1271 4265 1313 4308 ex
1340 4245 1409 4307 hoc
1435 4243 1575 4328 planum
1608 4255 1661 4307 est
1693 4244 1787 4327 qunrl
1819 4246 1978 4308 absolute
2011 4246 2188 4329 loquendo
2221 4266 2291 4309 non

818 4370 872 4424 est
908 4358 1163 4425 inconveniens
1202 4379 1268 4424 nec
1307 4372 1429 4424 contra
1468 4359 1570 4422 tidem
1604 4358 1721 4423 dicere
1756 4360 1850 4442 <prod
1887 4360 1919 4423 in
1957 4360 2099 4425 matr-ria
2137 4359 2294 4445 eorporis

818 4473 948 4540 Christi
970 4475 1083 4561 potuit
1114 4475 1288 4540 introduci
1312 4475 1426 4559 aliqua
1450 4475 1560 4539 forma
1595 4474 1832 4538 substantialis
1869 4496 1970 4555 nova,
2004 4498 2093 4559 ‹puie
2128 4498 2197 4540 nnn
2223 4488 2296 4541 erat

818 4588 855 4655 in
885 4589 965 4676 ipso
995 4610 1075 4655 curn
1111 4590 1259 4655 livebat.
1295 4590 1403 4654 Immo
1436 4589 1644 4654 contrarium
1680 4588 1795 4655 dicen·
1831 4604 1924 4655 esst-t
1960 4592 2180 4665 haereticum,
2215 4592 2296 4675 quia

818 4707 889 4772 hoc
920 4718 1015 4771 esset
1037 4706 1154 4772 dicere
1179 4706 1355 4771 Christum
1379 4728 1450 4770 non
1486 4705 1593 4770 fuisse
1618 4706 1772 4770 eiusdem
1808 4718 1951 4771 naturae
1976 4729 2053 4771 eum
2087 4708 2161 4772 aliis
2188 4709 2294 4771 homi-

817 4822 933 4888 nibus.
969 4822 1058 4886 Nam
1086 4823 1116 4887 si
1148 4823 1213 4887 sibi
1248 4823 1412 4887 derelicta
1447 4822 1568 4885 fuisset
1604 4821 1802 4886 huiusmodi
1840 4836 1962 4887 natura
1999 4836 2034 4888 nt
2066 4824 2193 4888 dietum
2232 4838 2294 4903 est,

817 4937 918 5004 senio
944 4937 1133 5004 defecisset
1156 4939 1260 5004 etiam
1283 4939 1313 5003 si
1340 4939 1434 5024 prius
1459 4958 1531 5001 non
1558 4936 1679 5002 fuisset
1708 4950 1862 5003 mortuus
1892 4939 1985 5003 dicto
2012 4940 2126 5019 morlo,
2152 4952 2186 5003 et
2210 4952 2294 5003 tune

817 5056 962 5122 ulterius
989 5078 1034 5123 er
1064 5076 1212 5140 corpore
1243 5055 1317 5119 eius
1354 5076 1488 5120 vermes
1523 5054 1682 5137 generari
1717 5053 1922 5139 potuissent,
1957 5056 2006 5120 vel
2048 5056 2149 5122 etiam
2185 5058 2294 5123 torma

928 5344 937 5374 ¹
949 5348 978 5410 9ι
990 5341 1024 5395 V.

907 5556 946 5623 (l)
964 5553 1159 5626 Augustini
1188 5554 1233 5607 De
1247 5557 1439 5623 pensaurum
1459 5554 1574 5605 irretitis
1593 5558 1622 5605 et
1641 5554 1813 5605 renuet-inme
1831 5559 1858 5605 et
1878 5554 1913 5603 tle
1932 5554 2077 5623 baptisma
2095 5556 2294 5625 prtrvulorum

818 5640 1432 5707 adaiarcedinuml.11‚c.·25nP.L..vr›t.
1456 5644 1494 5705 ll,
1515 5642 1569 5694 cul.
1589 5645 1655 5695 tun.
1702 5644 1760 5693 snt
1776 5644 1841 5713 qnia
1858 5644 1883 5693 in
1899 5662 1934 5691 en
1950 5652 2010 5695 erat
2026 5644 2185 5697 similitudo
2199 5646 2296 5697 tarnis

818 5729 945 5800 peccati,
956 5730 1135 5783 mutationes
1149 5740 1277 5783 aetatum
1292 5729 1405 5799 perpeti
1422 5730 1563 5781 uoluunt>
1580 5730 1641 5799 ipsa
1657 5748 1779 5781 exors-us
1794 5730 1923 5793 infantia,
1936 5739 1965 5781 nt
1977 5732 2012 5782 nt
2029 5741 2149 5784 meru-m
2164 5732 2297 5785 virleatur

819 5814 910 5872 etiam
920 5817 1105 5873 senescendo
1118 5818 1169 5871 illa
1181 5833 1251 5871 caro
1265 5818 1420 5887 pervenire
1432 5818 1573 5889 potuisse,
1588 5818 1640 5869 nisi
1656 5819 1769 5869 itui-nis
1787 5818 1886 5869 irrisa-t
1902 5836 1929 5867 nr
1940 5820 2024 5871 eis-tre.
2042 5850 2050 5865 .

2349 3428 2415 3483 eorl,
2432 3428 2456 3481 V

2316 3498 2365 3555 iol.
2379 3502 2432 3555 279
2446 3500 2487 3555 Ru
