6700 7992
1095 1382 1146 1451 nt
1451 1371 1641 1454 itacismi
1681 1398 1899 1453 coneraroi
1931 1400 1981 1454 oa
2010 1398 2207 1456 sonamus

1095 1579 1247 1664 pulveris
1279 1588 1313 1645 et
1344 1578 1469 1645 cineris
1502 1580 1556 1645 vel
1588 1579 1680 1667 ignis
1713 1592 1746 1646 et
1774 1581 1983 1660 huiusmodi,
2016 1580 2045 1646 si
2077 1582 2298 1647 combustum
2329 1581 2461 1647 suisset.
2497 1580 2573 1647 Nec

1096 1706 1212 1760 tamen
1237 1717 1280 1760 ex
1309 1696 1379 1761 hoc
1402 1706 1605 1780 sequeretur
1636 1697 1732 1780 quod
1757 1718 1849 1762 nova
1884 1697 1976 1762 facta
2012 1696 2135 1762 fuisset
2171 1696 2254 1762 unio
2289 1698 2343 1763 vel
2379 1696 2572 1783 assumptio

1095 1810 1161 1875 nisi
1178 1812 1284 1876 modo
1301 1832 1407 1896 supra
1431 1811 1525 1877 dicto
1540 1814 1586 1893 (l)
1602 1811 1660 1896 qui
1678 1834 1748 1877 non
1770 1812 1891 1878 fuisset
1909 1812 2172 1878 inconveniens,
2190 1813 2261 1878 Sed
2282 1812 2311 1877 si
2326 1813 2574 1904 consideretur

1095 1926 1295 1992 huiusmodi
1331 1936 1462 2006 natura,
1504 1938 1539 1991 ut
1580 1928 1623 1992 ad
1654 1950 1745 2012 opus
1776 1928 1896 1994 salutis
1939 1940 1973 1993 et
2004 1928 2253 2014 redemptionis
2288 1939 2428 1994 nostrae
2456 1927 2574 1994 divina

1096 2043 1325 2129 dispositione
1343 2042 1511 2122 ordinata,
1537 2043 1588 2108 sic
1612 2043 1744 2108 scilicet
1762 2044 1855 2128 quod
1878 2065 2006 2129 corpus
2031 2043 2106 2108 eius
2131 2043 2165 2108 in
2190 2043 2326 2110 animae
2350 2044 2572 2129 separatione

1095 2161 1140 2224 ab
1168 2158 1329 2225 ulteriore
1360 2158 1583 2244 corruptione
1611 2158 1728 2223 divina
1756 2159 1880 2224 virtute
1909 2170 2199 2245 praeservaretur,
2225 2161 2319 2244 quod
2346 2159 2448 2225 etiam
2475 2181 2573 2245 prae·

1096 2276 1225 2341 dictum
1250 2274 1313 2339 suit
1337 2296 1400 2359 per
1423 2274 1536 2338 David
1555 2278 1600 2357 (2)
1626 2277 1833 2360 prophetam
1851 2276 1885 2338 in
1903 2276 2061 2360 psalmo:
2087 2297 2158 2340 non
2182 2275 2282 2340 dabis
2299 2287 2459 2342 sanctum
2476 2287 2573 2342 tuum

1096 2392 1214 2457 videre
1246 2390 1515 2476 corruptionem,
1543 2390 1659 2456 -sic
1692 2389 1904 2456 dicendum-¹
1929 2392 2023 2474 quod
2047 2413 2118 2457 non
2144 2390 2255 2477 potuit
2282 2391 2458 2471 comburi;
2484 2391 2574 2458 sicut

1096 2508 1199 2574 etiam
1231 2507 1355 2572 dicitur
1385 2508 1480 2592 quod
1512 2506 1595 2571 illud
1626 2507 1722 2591 quod
1754 2518 1806 2572 est
1838 2528 1857 2570 a
1889 2507 1965 2572 Deo
1997 2507 2193 2592 praevisum
2227 2518 2260 2572 et
2291 2528 2354 2593 per
2383 2509 2573 2593 prophetas

1095 2623 1310 2710 praedictum
1334 2623 1527 2689 secundum
1545 2644 1584 2688 se
1601 2622 1860 2688 consideratum
1885 2633 2028 2687 nonest
2052 2622 2288 2689 necessarium
2306 2634 2340 2689 et
2359 2633 2477 2709 potest
2500 2645 2573 2689 non

1096 2739 1246 2820 evenire,
1263 2760 1335 2804 non
1352 2750 1468 2805 tamen
1493 2739 1687 2804 secundum
1713 2739 1808 2822 quod
1833 2738 2030 2823 praevisum
2055 2750 2108 2804 est
2132 2762 2151 2804 a
2176 2740 2254 2805 Deo
2278 2739 2333 2805 vel
2356 2738 2573 2825 praedictum

1096 2876 1116 2919 a
1139 2853 1329 2940 prophetis.
1356 2855 1421 2919 Per
1444 2854 1513 2919 hoc
1537 2863 1631 2939 patet
1655 2852 1839 2938 responsio
1857 2854 1900 2918 ad
1925 2854 2073 2919 obiecta.

1668 3366 1911 3449 railrrnsno
1937 3366 2005 3430 ui.

1103 3619 1244 3697 Ulrmn
1284 3617 1493 3721 consessus
1529 3617 1577 3691 ud
1615 3616 1750 3719 aliquo
1787 3618 1951 3692 habente
1981 3622 2212 3716 potestatem
2249 3617 2445 3692 audiendi
2482 3644 2571 3693 con-

1151 3751 1355 3855 fessiones
1374 3756 1411 3825 et
1428 3750 1659 3825 absoluendi
1677 3750 1906 3851 confitentes
1924 3750 2070 3825 virtulo
2087 3750 2300 3851 privilegii
2319 3751 2493 3825 Martini
2511 3752 2538 3824 I
2544 3752 2579 3825 V

1162 3890 1345 3960 teneatur
1363 3886 1499 3960 eudem
1515 3890 1685 3983 peccalo
1699 3884 1868 3983 proprio
1888 3884 2088 3959 sacerdoti
2108 3884 2251 3959 derum
2273 3883 2464 3985 confiteri.

1184 4216 1451 4299 Consequenter
1474 4214 1731 4298 quaerebantur
1755 4214 1926 4297 quaedam
1952 4212 2158 4297 pertinentia
2183 4214 2226 4277 ad
2252 4225 2350 4278 actus
2375 4235 2571 4278 sacramen·

1093 4332 1189 4397 tales.
1230 4330 1380 4395 Primum
1420 4343 1472 4394 est
1511 4352 1553 4395 ex
1592 4340 1690 4414 parte
1728 4328 1927 4393 confitentis
1966 4329 2020 4393 vel
2060 4328 2224 4409 confessi,
2261 4330 2352 4393 aliud
2394 4351 2437 4394 ex
2474 4341 2571 4415 parte

1095 4445 1318 4513 confessoris.
1344 4446 1394 4510 Ex
1419 4457 1516 4530 parte
1540 4444 1739 4509 confitentis
1764 4444 1816 4508 vel
1843 4444 1997 4509 confessi
2021 4446 2253 4528 ‹p1aerebatur
2275 4467 2392 4525 unum,
2410 4445 2572 4510 videlicet

1094 4573 1206 4628 utrum
1242 4562 1427 4628 consessus
1463 4562 1506 4625 ab
1543 4560 1659 4645 aliquo
1695 4561 1847 4624 habente
1881 4569 2088 4644 potestatem
2126 4560 2291 4625 audiendi
2326 4560 2571 4627 consessiones

1094 4690 1128 4745 et
1162 4677 1369 4744 absolvendi
1400 4676 1609 4743 confitentes
1645 4675 1768 4741 virtute
1806 4673 1976 4762 privilegii
2010 4677 2102 4739 hanc
2140 4675 2285 4740 formam
2322 4675 2534 4741 continentis
2563 4698 2570 4739 :

1092 4793 1260 4860 Martinus
1292 4805 1326 4859 et
1353 4805 1478 4872 cetera,
1507 4792 1567 4857 tibi
1596 4791 1642 4856 fili
1670 4804 1705 4858 et
1732 4801 1858 4870 cetera,
1884 4791 2122 4856 committendi
2147 4792 2351 4858 auctoritate
2375 4792 2571 4877 apostolica

1092 4910 1255 4976 fratribus
1294 4909 1370 4975 talis
1417 4908 1548 4975 ordinis
1595 4908 1745 4973 officium
1786 4905 1951 4972 audiendi
1994 4907 2237 4972 confessiones
2285 4920 2317 4973 et
2364 4907 2569 4973 absolvendi

1092 5026 1323 5113 poenitentes
1364 5024 1568 5113 iniungendi
1610 5024 1660 5089 eis
1696 5022 1929 5108 poenitentias
1965 5023 2133 5087 salutares
2170 5022 2372 5107 eisdemque
2405 5023 2569 5089 fratribus

1092 5142 1218 5228 quibus
1243 5142 1372 5208 dictum
1404 5140 1563 5206 officium
1591 5139 1703 5205 taliter
1737 5159 1946 5203 concessum
1982 5160 2045 5203 seu
2081 5139 2304 5204 commissum
2337 5139 2439 5205 fuerit
2475 5141 2570 5225 quod

1091 5258 1175 5325 illud
1198 5258 1305 5324 libere
1330 5259 1467 5324 valeant
1484 5277 1657 5335 exercere,
1681 5257 1818 5341 plenam
1844 5255 1967 5319 damus
1992 5264 2025 5319 et
2050 5255 2277 5320 concedimus
2302 5255 2568 5339 auctoritate[m]

1091 5375 1325 5461 praesentium
1349 5373 1569 5453 facultatem3
1598 5369 1786 5437 volurnus²
1820 5381 1935 5435 autem
1964 5371 2059 5454 quod
2086 5370 2121 5435 hi
2146 5371 2205 5455 qui
2231 5371 2393 5436 fratribus
2428 5370 2570 5437 confite·

1090 5493 1219 5557 buntur
1243 5490 1385 5569 eisdem,
1410 5488 1482 5554 suis
1514 5486 1773 5574 parochialibus
1797 5485 2008 5571 presbyteris
2041 5486 2198 5551 confiteri
2234 5488 2354 5552 saltem
2389 5487 2497 5553 semel
2534 5485 2569 5551 in

1705 5799 1714 5825 .'

1717 5841 1722 5852 Ι

1183 5806 1189 5835 ¹
1204 5803 1330 5857 dicendo
1345 5802 1370 5855 V
1373 5844 1378 5855 .
1394 5833 1426 5840 ---
1441 5802 1451 5832 ²
1466 5800 1591 5854 volimus
1604 5799 1704 5867 (sall

1181 6013 1219 6078 (1)
1241 6009 1301 6063 Cfr.
1314 6027 1342 6080 p.
1356 6012 1407 6063 aot]
1422 6027 1464 6078 sq.
1479 6038 1511 6045 -
1525 6011 1564 6071 (2)
1580 6004 1639 6060 Cl'r.
1654 6024 1682 6077 p.
1696 6008 1756 6063 ed),
1770 6021 1796 6057 n.
1812 6008 1860 6070 (⁸2).
