6700 7992
1227 1378 1403 1446 ramum
1431 1380 1731 1461 odoramentum,
1759 1390 1797 1462 Q.
1825 1382 1868 1446 111
2235 1384 2286 1446 no

807 1579 868 1633 aut
883 1567 1047 1634 differunt
1069 1580 1107 1634 ut
1131 1569 1288 1655 potentia
1313 1572 1508 1637 secundum
1526 1570 1609 1657 quid
1633 1582 1670 1637 ut
1694 1570 1889 1638 subiectum
1913 1582 1947 1637 et
1968 1582 2067 1638 actus
2091 1571 2285 1638 secundum

807 1684 890 1772 quid
908 1684 967 1770 qui
990 1696 1043 1751 est
1068 1685 1179 1751 lomna
1202 1685 1440 1768 accidentalis,
1458 1699 1492 1753 et
1508 1701 1592 1754 tunc
1618 1709 1698 1753 cum
1723 1687 1806 1753 illud
1823 1687 1918 1773 quod
1935 1687 1986 1754 sic
2001 1699 2054 1754 est
2071 1687 2105 1753 in
2129 1687 2286 1774 potentia

806 1800 903 1889 prius
930 1821 1003 1867 non
1031 1802 1144 1867 solum
1177 1800 1312 1890 origine
1336 1804 1399 1868 sed
1431 1803 1629 1870 actualitate
1656 1816 1691 1869 et
1718 1803 1934 1889 perfectione
1952 1804 2089 1871 habeat
2112 1824 2191 1871 esse
2207 1802 2286 1870 sim·

806 1916 942 2003 pliciter
964 1938 1068 2002 quam
1085 1916 1169 1983 illud
1185 1939 1257 2002 quo
1285 1918 1461 2004 perficitur
1484 1919 1535 1985 sic
1559 1920 1755 1986 secundum
1783 1919 1866 2005 quid
1883 1923 1931 2005 (et
1958 1918 2009 1987 sic
2034 1919 2137 1987 etiam
2161 1919 2287 1986 dicitur

806 2031 903 2119 prius
945 2032 1145 2119 simpliciter
1179 2036 1313 2119 absque
1356 2035 1470 2120 aliqua
1511 2035 1801 2102 determinatione
1843 2035 1923 2101 licet
1962 2047 1999 2102 ut
2038 2046 2092 2102 est
2130 2035 2286 2123 potentia

806 2149 1003 2215 secundum
1027 2148 1110 2234 quid
1139 2148 1184 2214 sit
1217 2150 1313 2236 prius
1342 2152 1454 2216 solum
1486 2151 1623 2239 origine
1651 2162 1685 2217 et
1720 2151 1956 2237 imperfectius
1984 2153 2178 2219 secundum
2202 2152 2286 2238 quid

807 2273 841 2330 et
868 2264 963 2330 aliud
991 2265 1086 2350 prius
1114 2287 1176 2352 per
1214 2270 1219 2351 Ι
1260 2266 1412 2333 lectione
1435 2288 1507 2332 non
1539 2266 1748 2353 simpliciter,
1777 2268 1842 2334 sed
1866 2270 2062 2335 secundum
2089 2269 2173 2355 quid
2196 2268 2286 2335 sicut
2307 2254 2478 2383 ffflgffi

807 2391 903 2467 patet
927 2400 1006 2447 cum
1031 2379 1068 2445 fit
1092 2380 1184 2469 ignis
1208 2381 1341 2447 calidus
1373 2393 1409 2448 ut
1437 2382 1565 2448 dictum
1595 2388 1671 2467 est),
1696 2422 1736 2431 -
1761 2383 1935 2450 videretur
1963 2384 2058 2469 quod
2086 2383 2287 2470 simpliciter
2351 2368 2358 2382 ’

806 2506 982 2562 crearetur
1007 2496 1101 2582 prius
1136 2497 1289 2563 essentia
1323 2520 1427 2583 quam
1459 2520 1538 2564 esse
1556 2499 1574 2577 ¹,
1600 2499 1690 2565 sicut
1719 2499 1921 2586 simpliciter
1955 2500 2050 2587 prius
2082 2500 2286 2586 producitur

806 2610 899 2700 ignis
922 2611 957 2678 in
975 2633 1055 2679 esse
1079 2612 1171 2701 ignis
1195 2635 1258 2699 per
1280 2614 1544 2701 generationem
1576 2619 1581 2699 Ι
1613 2615 1816 2701 simpliciter
1838 2637 1942 2701 quam
1960 2617 2172 2703 producatur
2194 2616 2286 2705 ignis

806 2726 842 2793 in
872 2748 952 2794 esse
979 2728 1083 2794 calidi
1114 2750 1177 2814 per
1207 2730 1469 2816 generationem
1502 2733 1697 2797 secundum
1728 2731 1822 2817 quid.
1847 2770 1887 2782 -
1914 2732 1956 2797 Et
1979 2732 2060 2799 ideo
2090 2733 2285 2799 secundum

806 2843 985 2929 praedicta
1019 2844 1206 2910 dicendum
1242 2857 1296 2911 est
1327 2848 1422 2931 quod
1458 2867 1537 2913 cum
1573 2847 1718 2913 omnino
1754 2848 1822 2914 sint
1857 2848 1948 2914 idem
1984 2849 2178 2915 secundum
2213 2870 2286 2914 rem

806 2980 886 3025 esse
918 2971 952 3026 et
982 2960 1145 3041 essentia,
1171 2982 1242 3027 non
1271 2972 1324 3027 est
1347 2962 1393 3027 ibi
1426 2962 1539 3047 aliqua
1567 2963 1728 3049 prioritas
1753 2963 1845 3030 nec²
1868 2965 1955 3030 ordo
1979 2964 2081 3031 realis
2104 2964 2170 3030 nisi
2198 2965 2287 3031 forte

805 3075 1001 3141 secundum
1025 3075 1196 3143 rationem
1221 3089 1254 3143 et
1278 3079 1420 3143 modum
1456 3078 1672 3165 intelligendi
1704 3092 1738 3145 et
1766 3079 1999 3168 significandi,
2031 3079 2133 3147 etiam
2163 3080 2193 3146 si
2216 3081 2286 3147 hoc

806 3191 875 3258 dici
899 3191 1038 3278 possit³
1072 3201 1109 3259 ut
1136 3194 1289 3259 essentia
1317 3194 1411 3278 prius
1444 3205 1497 3260 est
1520 3195 1656 3283 origine
1681 3208 1715 3262 et
1745 3209 1861 3262 cetera
1884 3198 1950 3262 sub
1978 3196 2113 3263 ratione
2136 3196 2286 3277 habituS,

807 3317 841 3374 et
864 3328 944 3374 esse
968 3308 1141 3394 posterius
1165 3310 1231 3374 sub
1248 3309 1382 3376 ratione
1404 3321 1503 3376 actus
1520 3322 1554 3377 et
1571 3323 1696 3377 cetera.
1714 3311 1752 3378 Si
1768 3312 1871 3378 etiam
1889 3312 2066 3379 differrent
2081 3312 2285 3394 intentione,

806 3422 902 3511 prius
933 3436 1109 3491 crearetur
1132 3425 1285 3492 essentia
1312 3448 1415 3511 quam
1442 3448 1531 3507 esse,
1567 3427 1656 3493 sicut
1692 3428 1787 3514 prius
1811 3428 2077 3495 fundamentum
2105 3440 2286 3516 respectus

806 3550 844 3605 ut
883 3541 999 3606 album
1038 3540 1272 3622 similitudine,
1311 3544 1374 3608 sed
1399 3564 1441 3608 ex
1472 3543 1542 3609 hoc
1577 3543 1680 3609 etiam
1716 3544 1968 3629 sequerentur⁴
2002 3544 2287 3613 inconvenientia

806 3655 1030 3742 supradicta
1054 3667 1088 3722 et
1112 3668 1237 3724 cetera.

895 3771 985 3839 Cum
1011 3793 1096 3861 ergo
1121 3772 1246 3840 dicitur
1280 3775 1325 3840 de
1356 3774 1529 3861 Dionysio
1563 3778 1659 3861 quod
1691 3788 1773 3843 ante
1797 3776 1913 3844 omnia
1938 3799 2018 3846 esse
2048 3777 2286 3865 praemittitur,

806 3897 842 3955 et
879 3887 924 3954 de
955 3888 1043 3955 libro
1068 3890 1113 3956 de
1144 3888 1272 3956 Causis
1304 3891 1400 3976 quod
1438 3891 1548 3978 prima
1587 3914 1702 3959 rerum
1738 3904 1931 3960 creatarum
1967 3904 2133 3976 estesse,
2169 3905 2287 3981 potest

805 4002 952 4094 intelligi
975 4006 1170 4072 secundum
1195 4006 1392 4092 platonicos
1417 4018 1451 4074 et
1474 4009 1669 4075 secundum
1695 4009 1952 4095 peripateticos.

2343 2595 2408 2652 cod.
2422 2597 2448 2650 l·

2307 2667 2358 2724 fol
2371 2671 2424 2724 274
2439 2668 2480 2722 V·

1335 4490 1654 4576 Quaestio
1694 4492 1761 4560 111

1453 4673 1635 4747 (nouom.

1115 4909 1259 4986 Utrum
1288 4912 1439 4985 elatura
1468 4911 1657 5012 altgelz'ca
1686 4913 1740 4988 sir
1767 4912 1986 5013 composita

1178 5069 1227 5117 ex
1252 5069 1347 5118 vero
1377 5045 1547 5119 mate-ria
1577 5052 1613 5121 et
1639 5073 1734 5122 vcra
1753 5048 1909 5150 sorum.

891 5373 1161 5461 Consequenter
1199 5375 1292 5442 circa
1331 5387 1507 5441 creaturas
1547 5374 1580 5440 in
1628 5374 1782 5461 speciali,
1816 5377 2074 5461 quaerebantur
2111 5379 2282 5464 quaedam

803 5488 1013 5576 pertinentia
1043 5491 1088 5556 ad
1112 5502 1270 5557 naturam
1304 5513 1391 5577 pure
1421 5491 1634 5577 spiritualem
1659 5491 1793 5558 scilicet
1821 5492 2028 5581 angelicam,
2052 5505 2087 5561 et
2110 5495 2283 5580 quaedam

803 5604 1012 5691 pertinentia
1043 5607 1088 5671 ad
1128 5617 1285 5672 naturam
1317 5628 1360 5672 ex
1399 5606 1567 5693 spirituali
1606 5618 1640 5673 et
1679 5608 1853 5695 corporali
1892 5620 2017 5675 natura
2051 5610 2282 5697 compositam

801 5719 937 5789 scilicet
959 5722 1158 5788 humanam.

893 6006 1002 6078 ¹quam
1017 6010 1094 6078 esse]
1115 6007 1194 6080 quod
1212 6009 1341 6063 essentia
1360 6009 1391 6064 P.
1411 6040 1444 6049 —
1464 6010 1546 6063 ’non
1565 6010 1597 6064 P.
1616 6041 1651 6050 —
1670 6012 1793 6081 lpotest
1813 6011 1844 6065 P.
1863 6042 1897 6051 —-
1917 6015 2113 6084 ‘sequeretur
2131 6012 2163 6068 P.
