6700 7992
1108 1429 1159 1480 162
1470 1426 1661 1481 lllAGlSTlll
1692 1427 1912 1483 GODEFRlDl
1941 1429 1993 1482 DE
2022 1428 2220 1485 FONTIBUS

1107 1606 1220 1692 ipsum
1238 1606 1390 1671 existens
1415 1628 1494 1673 esse
1518 1608 1641 1686 solum,
1661 1607 1707 1672 ita
1731 1607 1834 1672 etiam
1859 1609 1903 1673 (le
1929 1609 2151 1673 universitate
2169 1609 2300 1674 entium
2317 1630 2389 1675 non
2415 1610 2586 1697 contingit

1107 1744 1185 1789 esse
1219 1722 1367 1807 aliquam
1404 1744 1508 1787 unam
1543 1723 1711 1788 rationem
1741 1724 1869 1788 talem¹
1904 1725 2015 1788 solum
2053 1724 2274 1805 intellectam,
2306 1725 2352 1790 ita
2384 1727 2480 1810 quod
2512 1747 2585 1804 enS,

1106 1838 1242 1916 entitas,
1268 1837 1430 1915 essentia,
1456 1860 1535 1904 esse
1564 1861 1636 1903 non
1665 1851 1717 1903 est
1742 1837 1870 1923 aliquid
1900 1862 2005 1904 rmum
2031 1842 2225 1905 seeundum
2256 1840 2467 1906 intellectum
2491 1842 2585 1926 quod

1105 1954 1150 2019 de
1175 1954 1398 2019 universitate
1422 1976 1536 2019 rerum
1562 1955 1696 2019 dicatur
1721 1966 1779 2019 aut
1814 1955 1976 2020 oumibus
2002 1956 2139 2020 entibus
2171 1956 2366 2021 conveniat.
2402 1958 2508 2039 Quod
2534 1956 2586 2023 sic

1106 2081 1211 2156 patet,
1248 2070 1411 2154 quoniam
1449 2071 1535 2135 ratio
1570 2070 1776 2134 universalis
1812 2085 1845 2136 et
1870 2093 1939 2135 una
1975 2073 2039 2135 sub
2077 2094 2143 2155 (pm
2181 2085 2329 2156 possunt
2364 2073 2464 2158 plura
2491 2094 2584 2140 corn·

1106 2186 1276 2271 prehendi
1301 2197 1353 2251 est
1377 2185 1463 2251 ratio
1496 2185 1646 2271 generis.
1684 2188 1756 2252 Sed
1785 2209 1848 2251 ens
1876 2210 1946 2250 mm
1983 2199 2099 2272 potest
2135 2211 2214 2252 esse
2249 2203 2363 2273 genus
2387 2189 2518 2254 entium
2548 2201 2586 2254 ut

1105 2302 1337 2388 supponimus
1373 2304 1417 2366 ab
1452 2302 1713 2382 Aristotelell).
1750 2302 1788 2369 Si
1824 2303 1914 2367 eninr
1951 2326 2015 2367 ens
2055 2304 2266 2390 significaret
2306 2304 2433 2390 aliquid
2474 2327 2580 2369 unum

1109 2417 1242 2483 ratione
1268 2440 1454 2483 commune
1479 2419 1573 2502 quod
1599 2432 1693 2483 esset
1717 2418 1806 2483 sieut
1831 2418 1951 2483 tertius
1977 2418 2171 2484 intellectus
2198 2419 2481 2485 indeterminatus
2499 2420 2586 2485 alius

1106 2556 1126 2599 a
1151 2533 1388 2599 determinatis
1405 2533 1598 2598 rationibus
1624 2533 1656 2598 in
1687 2556 1774 2617 quas
1803 2555 1866 2598 ens
1894 2556 1956 2619 per
1984 2556 2021 2599 se
2050 2548 2084 2599 et
2111 2535 2224 2600 statim
2243 2536 2390 2601 divisum
2416 2547 2478 2615 est,
2496 2536 2586 2602 sicut

1106 2649 1302 2715 intellectus
1329 2649 1468 2738 generis
1498 2661 1549 2714 est
1579 2650 1699 2715 tertius
1725 2653 1768 2714 ab
1795 2650 1971 2715 intellectu
1996 2651 2190 2736 specierum
2216 2651 2294 2716 licet
2319 2674 2390 2715 mm
2420 2652 2463 2717 sit
2487 2653 2584 2718 tertia

1106 2787 1171 2845 rea,
1208 2779 1291 2832 tunc
1327 2766 1416 2832 sicut
1448 2778 1543 2831 extra
1578 2765 1747 2830 rationem
1783 2766 1922 2853 generis
1958 2779 2011 2831 est
2046 2768 2221 2851 quaelibet
2246 2768 2441 2851 specierum
2475 2769 2585 2833 deter-

1105 2882 1321 2961 minatarum,
1346 2882 1392 2947 ita
1416 2893 1511 2948 extra
1542 2881 1711 2946 rationem
1748 2881 1837 2947 entis
1872 2893 1965 2947 esset
2001 2884 2181 2966 quodlibet
2212 2906 2275 2948 ens
2307 2884 2583 2949 determinatum.

1108 2998 1215 3081 Quod
1245 2999 1368 3063 falsum
1393 3009 1456 3077 est,
1485 2997 1565 3082 quia
1594 3009 1688 3063 extra
1717 2998 1885 3063 rationem
1914 2998 2003 3062 entis
2033 2999 2146 3063 solum
2173 2999 2309 3064 videtur
2336 3022 2415 3065 esse
2443 2999 2528 3065 nihil
2552 3009 2586 3065 et

1110 3136 1181 3179 non
1207 3137 1279 3178 ens.

1195 3230 1289 3307 ltem,
1328 3229 1418 3294 sicut
1450 3241 1544 3293 extra
1576 3227 1745 3293 rationem
1776 3227 1915 3314 generis
1947 3241 2028 3293 sunt
2060 3228 2197 3313 species
2234 3228 2483 3294 determinatae
2518 3230 2584 3293 sub

1106 3366 1237 3431 genere
1272 3345 1351 3410 licet
1378 3367 1451 3408 non
1491 3365 1511 3409 e
1541 3365 1725 3422 converso,
1753 3344 1800 3408 ita
1837 3356 1931 3408 extra
1960 3343 2128 3410 rationem
2155 3345 2229 3411 eius
2255 3346 2349 3428 quod
2378 3345 2585 3410 determinat

1105 3483 1219 3550 genus
1254 3462 1298 3525 ad
1331 3460 1484 3545 speciem
1517 3459 1713 3524 cuiusmodi
1738 3470 1791 3524 est
1823 3459 2026 3539 differentia,
2062 3473 2115 3524 est
2142 3460 2228 3525 ratio
2261 3460 2410 3544 generis.
2437 3461 2584 3545 Semper

1107 3577 1197 3643 enim
1235 3589 1329 3641 extra
1361 3576 1530 3641 rationem
1562 3574 1850 3641 determinantis²
1885 3587 1937 3639 est
1975 3575 2061 3640 ratio
2102 3576 2176 3641 eius
2209 3578 2304 3659 quud
2338 3576 2585 3641 determinatur

1106 3706 1140 3759 et
1160 3714 1378 3758 econverso
1397 3692 1600 3758 Secundum
1618 3693 1798 3778 lrocerg0,
1824 3691 1913 3756 sicut
1930 3702 2025 3756 extra
2050 3691 2217 3756 rationem
2248 3691 2337 3757 eutis
2362 3714 2583 3758 communem

1106 3819 1140 3875 et
1179 3806 1507 3874 indeterminatam³
1545 3819 1625 3872 sunt
1664 3806 1816 3872 rationes
1840 3806 2110 3897 particularium
2152 3808 2282 3872 entium
2323 3808 2584 3888 determinatae,

1107 3925 1153 3990 ita
1195 3924 1296 3990 etiam
1337 3923 1456 3989 extra³
1495 3922 1662 3988 rationem
1701 3923 2003 3988 determinantium
2045 3944 2108 3988 ens
2148 3924 2192 3987 ad
2232 3923 2452 4008 particularia
2491 3924 2584 3989 entia

1107 4039 1335 4107 determinata
1359 4051 1392 4105 et
1417 4040 1541 4104 modos
1566 4038 1696 4104 entium
1725 4038 1973 4104 determinatos
1998 4038 2061 4103 erit
2089 4039 2174 4103 ratio
2200 4039 2466 4104 indeterminata
2490 4061 2583 4105 eom·

1107 4156 1221 4222 munis
1257 4155 1355 4222 entis.
1393 4155 1433 4221 Et
1465 4154 1515 4220 sic
1552 4168 1588 4219 ut
1620 4154 1715 4240 prius
1747 4166 1865 4219 essent
1898 4154 2013 4238 aliqua
2045 4154 2077 4218 in
2113 4154 2261 4233 entibuS,
2299 4167 2395 4220 extra
2437 4176 2584 4240 quorum

1106 4272 1276 4339 rationem
1312 4282 1405 4337 esset
1437 4292 1511 4350 ens,
1548 4272 1592 4336 de
1624 4271 1750 4355 quibus
1785 4269 1887 4335 etiam
1925 4292 1988 4334 ens
2023 4270 2253 4336 essentialiter
2289 4281 2322 4335 et
2359 4292 2420 4356 per
2444 4292 2482 4337 se
2513 4293 2585 4335 non

1106 4386 1376 4474 praedicaretur,
1416 4386 1505 4452 sicut
1549 4408 1663 4474 genus
1702 4386 1805 4451 etiam
1845 4407 1907 4470 per
1945 4407 1982 4449 se
2029 4386 2249 4470 praedicatur
2295 4386 2339 4450 de
2379 4386 2583 4452 differentia.

1107 4505 1311 4571 Secundum
1349 4505 1419 4568 hoe
1451 4523 1536 4590 ergo
1565 4503 1769 4587 ponendum
1801 4514 1853 4567 est
1885 4502 1980 4584 quod
2016 4500 2213 4566 intellectus
2245 4501 2334 4566 entis
2367 4513 2419 4566 est
2459 4501 2585 4567 mentis

1107 4630 1301 4705 conceptus
1325 4617 1457 4683 divisus
1486 4639 1548 4703 per
1571 4639 1609 4683 se
1635 4631 1668 4681 et
1700 4617 1813 4681 statim
1838 4617 1873 4681 in
1897 4638 2019 4681 omnes
2044 4617 2196 4682 rationes
2221 4617 2363 4697 entium,
2391 4618 2584 4683 secundum

1107 4758 1194 4821 quas
1227 4734 1388 4800 dividitur
1413 4756 1476 4799 ens
1502 4733 1622 4820 primo,
1648 4733 1701 4798 vel
1726 4755 1768 4798 ex
1792 4733 2022 4817 consequenti
2048 4732 2082 4797 in
2108 4721 2357 4798 determinatos
2377 4734 2506 4797 'modos
2532 4735 2586 4799 vel

1108 4851 1263 4917 diversas
1288 4861 1415 4935 parteS,
1440 4848 1486 4914 ita
1510 4850 1605 4933 quod
1626 4849 1721 4913 nulla
1737 4849 1822 4913 ratio
1841 4847 2057 4913 determinati
2073 4848 2162 4913 entis
2188 4848 2281 4913 cadit
2305 4860 2400 4913 extra
2417 4848 2585 4914 rationem

1107 4978 1141 5032 et
1165 4965 1458 5054 significationem
1486 4964 1585 5044 entis,
1612 4974 1745 5029 utnon
1775 4974 1907 5028 tantum
1933 4963 1976 5028 sit
2004 4962 2237 5048 significatum
2263 4964 2352 5029 entis
2378 4963 2587 5029 universitas

1107 5081 1236 5148 entium
1262 5081 1456 5146 secundum
1481 5080 1633 5145 rationes
1650 5081 1834 5166 generales
1858 5092 1891 5143 et
1909 5079 2081 5163 speciales
2105 5079 2158 5143 vel
2182 5101 2351 5166 generum
2377 5081 2429 5144 vel
2453 5063 2587 5165 specie·
2635 5153 2639 5162 ¹

1107 5220 1180 5263 rum
1206 5197 1332 5282 quibus
1357 5195 1449 5262 entia
1474 5195 1734 5261 communicant
1758 5206 1791 5259 et
1811 5194 2024 5260 conveniunt
2049 5194 2277 5273 adinvicem,
2303 5196 2366 5261 sed
2391 5196 2585 5261 seeundum

1107 5312 1259 5379 rationes
1299 5311 1569 5378 differentiarum
1612 5310 1766 5375 omnium
1806 5332 1917 5394 usque
1953 5312 1996 5375 ad
2031 5309 2220 5375 individua,
2258 5310 2347 5376 Cum
2383 5331 2468 5399 ergo
2503 5310 2587 5375 nihil

1107 5439 1224 5516 potest
1259 5449 1337 5493 esse
1366 5438 1460 5492 extra
1496 5426 1662 5492 rationem
1693 5426 1793 5505 entiS,
1824 5427 1889 5489 sub
1925 5417 2017 5490 nulla
2051 5448 2120 5489 una
2154 5426 2288 5492 ratione
2316 5426 2491 5514 signifieat
2523 5448 2587 5493 ens

1107 5547 1141 5611 id
1168 5546 1262 5629 quod
1287 5543 1471 5631 significat.

1199 5776 1205 5804 ¹
1221 5788 1306 5825 unam
1322 5803 1353 5810 —
1368 5770 1466 5839 talem}
1487 5769 1574 5824 talem
1595 5769 1737 5823 rationem
1758 5786 1843 5822 unam
1859 5770 1888 5823 Ρ.
1910 5801 1941 5807 -
1958 5769 2149 5840 ²geueranlis
2170 5770 2199 5824 l‘.
2215 5803 2246 5808 —
2260 5772 2271 5801 ³
2284 5770 2539 5824 indeterminatam
2554 5801 2586 5810 -

1107 5865 1199 5931 extra]
1220 5876 1275 5914 um.
1296 5860 1326 5913 l’.
1607 5852 1616 5867 ⁰

1197 6046 1237 6105 tlt
1258 6037 1317 6093 cfr.
1337 6036 1571 6105 AristoteleS,
1591 6035 1808 6112 Metaplpsicne
1828 6035 1844 6096 l.
1866 6036 1901 6105 11,
1921 6053 1945 6090 c.
1965 6038 1982 6091 3
2002 6035 2047 6103 [al.
2068 6036 2085 6097 l.
2106 6036 2156 6101 lll,
2177 6054 2200 6089 c.
2220 6038 2247 6105 8]
2269 6044 2307 6109 (p.
2327 6038 2418 6103 908'1).
