6700 7992
1042 1422 1093 1478 l50
1404 1423 1597 1478 MAGISTRI
1626 1416 1846 1479 GODEFRIDI
1875 1423 1927 1478 DE
1955 1416 2153 1479 FONTIBUS

1040 1603 1182 1669 inclinet
1217 1624 1296 1668 cum
1333 1603 1566 1669 delectatione
1601 1604 1646 1668 ad
1682 1626 1790 1689 opera
1827 1602 1893 1669 sibi
1932 1602 2136 1683 conformia,
2177 1602 2205 1667 si
2244 1603 2440 1670 secundum
2479 1624 2548 1669 se·

1040 1718 1281 1785 consideretur
1328 1730 1362 1784 et
1404 1740 1474 1784 non
1518 1718 1561 1784 sit
1592 1718 1627 1784 in
1667 1720 1823 1806 appetitu
1860 1719 2043 1805 dispositio
2084 1718 2217 1785 faciens
2255 1718 2517 1785 inclinationem

1040 1836 1085 1901 ad
1109 1835 1237 1920 aliquid
1262 1835 1508 1920 impedientem
1533 1834 1732 1900 huiusmodi
1769 1835 2030 1902 inclinationem
2055 1847 2089 1902 et
2120 1837 2164 1901 ab
2198 1856 2240 1901 ea
2272 1836 2517 1916 retrahentem,

1040 1972 1118 2017 curn
1143 1962 1303 2017 occurret
1326 1949 1419 2031 illud,
1446 1988 1487 1999 -
1506 1949 1573 2016 iam
1595 1972 1668 2016 non
1687 1972 1766 2017 cum
1784 1949 2016 2017 delectatione
2033 1961 2067 2016 et
2083 1950 2322 2017 immobilitate
2338 1949 2519 2016 inclinabit

1039 2066 1177 2132 habitus
1214 2065 1359 2147 virtutis
1384 2077 1551 2151 quantum
1587 2067 1631 2131 ad
1663 2066 1747 2132 illud
1786 2067 1981 2133 secundum
2020 2067 2114 2151 quod
2148 2076 2264 2152 potest
2303 2065 2371 2133 dici
2409 2065 2517 2132 virtus

1039 2182 1133 2247 dicto
1152 2183 1269 2261 modo,
1298 2181 1332 2246 in
1350 2181 1434 2247 illud
1456 2181 1474 2262 ¹,
1500 2183 1563 2247 sed
1591 2203 1670 2248 cum
1696 2183 1846 2267 quadam
1875 2181 2019 2247 tristitia.
2045 2182 2087 2246 Et
2110 2181 2237 2268 poterit
2260 2182 2307 2248 ita
2324 2184 2516 2249 vehemens

1039 2319 1119 2365 esse
1149 2297 1327 2364 inclinatio
1362 2297 1397 2362 in
1429 2297 1511 2362 illud
1548 2298 1642 2381 quod
1679 2298 1781 2363 etiam
1818 2308 1898 2386 aget
1926 2312 2048 2362 contra
2084 2297 2344 2364 inclinationem
2376 2297 2517 2363 habitus

1038 2412 1132 2494 boni,
1162 2413 1320 2498 eoquod
1345 2434 1484 2499 semper
1507 2435 1628 2478 sumus
1652 2413 1783 2479 domini
1808 2424 1958 2493 actuum,
1983 2413 2063 2479 licet
2087 2435 2158 2479 non
2183 2413 2373 2478 habituum.
2398 2413 2441 2479 Et
2465 2412 2516 2479 sic

1039 2528 1152 2595 illud²
1184 2528 1323 2594 habitus
1349 2528 1434 2593 boni
1463 2529 1557 2614 quod
1589 2528 1641 2595 sic
1669 2530 1818 2594 habetur
1841 2528 1917 2595 sine
1941 2528 2010 2593 alio
2035 2529 2097 2594 sed
2123 2549 2202 2595 cum
2227 2528 2294 2596 alio
2318 2530 2408 2595 forte
2432 2529 2516 2594 vitio

1038 2646 1093 2710 vel
1125 2665 1203 2711 cum
1239 2643 1463 2710 inclinatione
1488 2643 1590 2710 etiam
1622 2644 1770 2709 naturali
1795 2645 1838 2708 ad
1875 2644 1978 2724 aliud,
2015 2665 2086 2709 non
2118 2666 2180 2730 per
2215 2645 2358 2710 modum
2382 2644 2517 2710 virtutis
2543 2680 2545 2687 ·

1040 2762 1216 2847 perlectae
1251 2759 1395 2826 inclinat
1430 2761 1474 2825 ad
1509 2781 1599 2845 opus
1634 2761 1778 2825 bonum.
1815 2760 1900 2824 Esto
1935 2759 2038 2825 etiam
2063 2760 2158 2845 quod
2182 2759 2413 2846 persisteret⁸
2446 2782 2519 2826 non

1039 2876 1288 2941 committendo
1325 2876 1451 2940 malum
1488 2875 1544 2941 ille
1580 2874 1639 2960 qui
1674 2877 1780 2942 habet
1811 2875 1965 2941 habitum
2002 2875 2227 2942 inclinantem
2253 2877 2296 2940 ad
2321 2876 2459 2956 malum,
2486 2886 2520 2941 et

1038 2992 1139 3057 etiam
1166 2991 1338 3077 paulative
1363 2991 1447 3056 illud
1470 2991 1608 3056 habitus
1632 2991 1717 3056 boni
1753 2992 1847 3075 quod
1880 3002 1953 3056 erat
1984 2991 2223 3077 corrumpitur.

1128 3107 1246 3192 Quare
1271 3106 1360 3186 licet,
1386 3119 1422 3171 ut
1439 3107 1568 3173 dictum
1590 3117 1652 3186 est,
1678 3107 1821 3192 quilibet
1845 3107 1984 3172 habitus
2008 3108 2127 3173 bonus
2144 3107 2277 3173 virtutis
2294 3106 2345 3173 sic
2365 3106 2470 3173 afficit
2486 3118 2521 3173 et

1038 3223 1192 3308 disponit
1216 3222 1407 3308 appetitum
1431 3234 1594 3308 respectu
1618 3221 1699 3287 finis
1724 3221 1966 3288 convenientis
1990 3224 2086 3307 quod
2103 3222 2218 3308 ipsum
2235 3222 2378 3290 inclinat
2394 3244 2457 3309 per
2480 3244 2519 3290 se

1039 3338 1288 3406 delectabiliter
1304 3348 1338 3403 et
1355 3338 1574 3403 immobiliter
1597 3339 1793 3404 secundum
1818 3359 1857 3404 se
1877 3338 2119 3405 consideratus
2136 3337 2171 3403 in
2188 3339 2294 3406 finem
2310 3360 2411 3404 suum
2430 3348 2463 3404 et
2481 3338 2516 3404 in

1039 3476 1081 3520 ea
1097 3476 1188 3540 quae
1204 3455 1248 3519 ad
1265 3453 1379 3519 illam⁴
1396 3453 1594 3539 expediunt,
1609 3465 1642 3519 et
1659 3454 1844 3520 abhorreat
1860 3453 1990 3521 directe
2007 3454 2181 3520 contraria
2198 3456 2253 3520 vel
2271 3454 2514 3542 repugnantia,

1038 3592 1101 3657 per
1117 3570 1282 3637 accidens
1307 3580 1423 3636 tamen
1449 3581 1483 3636 et
1507 3569 1685 3649 indirecte,
1707 3569 1815 3654 quia⁶
1838 3581 1891 3635 est
1915 3571 2109 3636 secundum
2131 3570 2230 3636 aliam
2249 3570 2515 3657 dispositionem

1039 3686 1230 3754 conformis
1272 3696 1306 3753 et
1344 3685 1529 3751 inclinatus
1568 3685 1603 3749 in
1643 3685 1772 3770 aliquid
1808 3685 1912 3765 aliud,
1942 3707 2014 3751 non
2054 3685 2184 3753 directe
2216 3686 2427 3752 contrarium
2457 3686 2518 3751 fini

1037 3801 1177 3868 habitus
1217 3801 1302 3867 boni
1333 3802 1395 3866 sed
1428 3800 1650 3886 disparatum,
1685 3823 1704 3865 a
1744 3823 1814 3886 quo
1855 3824 1927 3868 non
1971 3801 2101 3869 directe
2133 3802 2274 3868 retrahit
2318 3801 2519 3868 huiusmodi

1037 3917 1177 3983 habitus
1194 3919 1310 3983 bonus
1324 3916 1345 3996 ⁰,
1361 3918 1424 3982 sed
1442 3916 1528 3982 alius
1545 3938 1615 4002 quo
1633 3927 1727 3982 caret
1744 3919 1938 3983 secundum
1956 3917 2227 4004 dispositionem
2243 3916 2263 3998 ⁷,
2283 3957 2323 3966 -
2340 3939 2386 3983 ne
2412 3938 2519 4004 appe·

1037 4033 1119 4099 titus
1143 4033 1390 4119 impediatura
1413 4032 1667 4099 consecutione
1693 4032 1746 4097 sui
1770 4033 1849 4097 finis
1874 4045 1908 4098 et
1932 4035 1977 4098 ab
2002 4033 2241 4099 immobilitate
2266 4055 2351 4099 suae
2375 4032 2519 4099 inclina·

1037 4150 1152 4230 tionis,
1186 4149 1319 4237 indiget
1353 4148 1507 4213 adiuvari
1541 4151 1585 4213 ab
1624 4149 1744 4214 habitu
1780 4148 1936 4214 virtuoso
1972 4149 2147 4214 contrario
2181 4149 2262 4215 lruic
2292 4138 2518 4234 'dispositioni

1038 4265 1216 4332 inclinanti
1261 4263 1452 4350 appetitum
1491 4263 1716 4330 inclinatione
1763 4263 1975 4350 impediente
2023 4264 2281 4331 inclinationem
2322 4264 2516 4330 secundum

1038 4380 1193 4447 habitum
1210 4379 1410 4446 virtuosum.
1428 4380 1517 4445 Nam
1534 4378 1563 4444 si
1580 4378 1704 4464 aliquis
1721 4381 1848 4445 habeat
1865 4380 2066 4445 huiusmodi
2083 4380 2242 4446 virtutem
2263 4381 2515 4466 imperfectam,

1037 4496 1169 4564 scilicet
1208 4497 1400 4561 naturalem
1439 4494 1699 4561 inclinationem
1739 4497 1793 4560 vel
1833 4495 1982 4581 aliquam
2023 4495 2289 4581 dispositionem
2322 4517 2364 4562 ex
2399 4517 2517 4561 assue-

1037 4612 1191 4679 factione
1221 4609 1426 4695 acquisitam
1458 4612 1502 4675 ad
1544 4631 1652 4697 opera
1692 4611 1870 4692 castitatis,
1913 4622 1946 4676 et
1978 4633 2049 4677 non
2086 4613 2214 4677 habeat
2250 4610 2516 4697 dispositionem

1037 4729 1232 4795 secundum
1250 4749 1354 4813 quam
1382 4725 1567 4792 inclinetur
1591 4727 1635 4791 ad
1663 4747 1771 4812 opera
1797 4726 2020 4807 liberalitatis
2039 4727 2144 4793 immo
2162 4727 2273 4813 magis
2298 4726 2517 4807 contrariam,

1038 4842 1145 4911 cum⁸
1165 4852 1325 4909 occurret
1341 4841 1469 4926 aliquid
1487 4842 1663 4928 agendum
1681 4843 1876 4908 secundum
1896 4843 2101 4923 castitatem,
2119 4843 2148 4908 si
2168 4843 2334 4909 offeratur
2351 4865 2518 4931 magnum

1037 4960 1170 5026 lucrum
1199 4958 1244 5024 ad
1272 4958 1366 5042 quod
1399 4956 1584 5023 inclinatur
1614 4957 1691 5023 talis
1724 4959 1916 5023 secundum
1949 4958 2105 5023 habitum
2138 4957 2338 5044 cupiditatis
2370 4959 2424 5024 vel
2457 4957 2518 5024 illi·

1038 5073 1235 5155 beralitatis,
1258 5111 1294 5121 -
1312 5071 1346 5138 in
1371 5072 1454 5138 illud
1479 5071 1525 5137 ita
1549 5071 1770 5138 inclinabitur
1793 5074 1889 5157 quod
1914 5084 2052 5158 oportet
2072 5073 2229 5159 impediri
2254 5073 2515 5140 inclinationem

1038 5191 1073 5257 in
1105 5212 1196 5276 opus
1228 5188 1405 5269 castitatis,
1439 5188 1485 5253 ita
1517 5188 1613 5272 quod
1644 5188 1690 5253 ad
1721 5188 1846 5268 minus
1876 5189 1979 5254 etiam
2008 5188 2037 5253 si
2065 5188 2226 5275 persistat
2252 5210 2297 5256 ne
2326 5189 2518 5256 committat

1039 5317 1153 5373 actum
1171 5305 1404 5371 inordinatum
1434 5315 1555 5370 contra
1582 5303 1787 5381 castitatem,
1816 5314 1931 5369 tamen
1961 5325 2032 5369 non
2062 5304 2320 5386 delectabiliter,
2346 5306 2409 5370 sed
2434 5326 2514 5372 cum

1039 5421 1173 5488 tristitia
1190 5432 1224 5488 et
1241 5420 1441 5486 difficultate
1459 5419 1602 5499 omittet,
1627 5421 1722 5503 quod
1748 5430 1800 5484 est
1824 5432 1947 5485 contra
1971 5420 2139 5486 rationem
2163 5421 2351 5507 perfectam
2377 5420 2517 5486 habitus

880 5541 984 5597 cod.v
1039 5539 1093 5603 vel
1120 5536 1254 5603 virtutis
1289 5538 1348 5621 [et]
1389 5539 1394 5622 Ι
1426 5547 1485 5600 aut
1513 5535 1615 5600 etiam
1643 5557 1715 5600 non
1744 5535 1963 5601 immobiliter
1991 5535 2104 5616 stabit,
2134 5537 2196 5602 sed
2214 5538 2317 5602 cadet
2334 5547 2369 5603 et
2389 5547 2516 5603 cetera.

844 5611 1017 5668 mmm
1039 5655 1083 5719 Et
1114 5653 1194 5719 ideo
1226 5652 1401 5737 quaelibet
1431 5650 1539 5716 virtus
1563 5651 1703 5718 moralis
1734 5651 1889 5737 perfecta
1917 5650 2018 5717 aliam
2043 5651 2196 5739 coexigit
2220 5653 2314 5717 dicto
2343 5652 2461 5734 modo,
2485 5663 2518 5719 et

1130 5941 1311 5993 ¹secundum
1332 5934 1411 6008 quod
1430 5943 1529 6007 potest
1543 5966 1575 5974 -
1589 5934 1669 6004 illud]
1691 5951 1746 5988 om.
1765 5932 1796 5986 Ρ.
1816 5966 1850 5974 -
1871 5932 1923 5987 ’id
1942 5933 1976 5987 V.
1990 5965 2023 5973 —
2041 5934 2247 6005 ⁸permitteret
2260 5934 2291 5988 P.
2305 5965 2339 5974 -
2353 5937 2363 5968 ⁴
2376 5934 2471 6008 ipsum
2486 5936 2517 5992 P.

1039 6058 1072 6066 —
1087 6028 1097 6060 ⁸
1109 6025 1189 6100 quod
1202 6026 1232 6080 P.
1247 6057 1280 6065 -
1294 6027 1305 6055 ⁶
1317 6025 1412 6078 bonos
1425 6023 1490 6077 PV.
1504 6054 1537 6062 —
1553 6022 1752 6095 'positionem
1766 6021 1801 6075 V.
1814 6053 1847 6061 —
1862 6022 1873 6053 ⁸
1885 6021 2069 6090 contrariam,
2083 6023 2159 6091 cum]
2172 6021 2379 6078 contrariarum
2392 6023 2427 6080 V.
