6700 7992
1242 1491 1438 1564 0111111011
1467 1491 1769 1563 0001101111οΜ,
1798 1491 1834 1563 Q.
1865 1489 1933 1544 vtu
2277 1491 2329 1543 257

1369 1961 1670 2044 Quaestio
1712 1961 1813 2025 1111

1497 2145 1679 2213 (Loutia).

950 2359 1093 2435 Utrum
1123 2356 1309 2433 voluutas
1338 2358 1518 2429 1011110110
1549 2355 1751 2428 contiueat
1778 2356 1884 2427 (luas
1907 2354 2108 2453 potentius
2136 2354 2242 2429 sicut

1359 2488 1584 2565 intellectus
1611 2490 1828 2563 ltuururtus.

938 2823 1021 2886 Post
1054 2823 1123 2886 hoc
1155 2843 1236 2885 vero
1267 2820 1357 2885 circa
1389 2819 1597 2904 pertinentia
1628 2821 1671 2882 ad
1704 2829 1862 2883 naturam
1893 2820 2080 2882 humanam
2113 2817 2146 2881 in
2183 2840 2221 2882 se
2252 2818 2328 2902 ipsa

847 2937 1104 3021 quaerebantur
1149 2935 1320 3019 quaedam
1370 2933 1577 3018 pertinentia
1619 2934 1663 2996 atl
1711 2954 1849 2996 omnem
1897 2932 2072 2996 hominem
2108 2931 2324 3016 generaliter,

847 3051 1018 3134 quaedam
1055 3048 1263 3133 pertinentia
1298 3048 1342 3111 ad
1380 3047 1554 3111 110111111οι11
1595 3046 1733 3110 feminei
1771 3068 1876 3110 sexus
1912 3045 2030 3129 specia
2063 3051 2067 3125 l
2103 3046 2187 3110 liter.
2224 3046 2325 3111 Circa
2348 3004 2519 3130 foffiissquq,

847 3162 994 3249 primum
1035 3163 1266 3246 quaerebatur
1303 3183 1419 3238 unum,
1457 3172 1568 3224 utrum
1598 3160 1731 3225 scilicet
1763 3161 1925 3225 voluntas
1961 3160 2113 3223 humana
2148 3159 2326 3224 contineat

847 3278 935 3341 duas
982 3275 1166 3362 potentias,
1212 3297 1316 3339 unam
1360 3267 1508 3339 activam
1548 3287 1581 3338 et
1620 3273 1720 3337 aliam
1769 3273 1943 3356 passivam
1997 3272 2086 3338 sicut
2129 3273 2324 3338 intellectus

846 3392 1021 3455 humanus
1049 3391 1136 3454 duas
1166 3389 1339 3473 potentias
1368 3388 1492 3452 dicitur
1521 3388 1711 3452 continere.
1737 3387 1780 3455 Et
1804 3388 2015 3472 arguebatur
2039 3387 2133 3470 quod
2159 3387 2219 3465 sic,
2245 3386 2326 3470 quia

846 3503 935 3569 inter
962 3525 1108 3568 movens
1137 3515 1182 3585 et¹
1198 3503 1324 3567 mobile
1354 3494 1459 3567 debet
1484 3523 1562 3565 esse
1591 3500 1770 3586 proportio
1796 3500 2003 3582 (intellectus
2028 3501 2134 3565 habet
2158 3499 2325 3564 rationem

846 3618 1018 3683 moventis
1043 3630 1077 3682 et
1104 3619 1264 3681 voluntas
1293 3616 1460 3681 rationem
1487 3615 1648 3695 mobilis).
1673 3615 1744 3680 Sed
1773 3614 1806 3678 in
1831 3614 2008 3679 intellectu
2034 3626 2086 3678 est
2109 3614 2325 3701 distinguere

847 3735 932 3796 tales
958 3732 1045 3795 duas
1081 3730 1266 3815 potentias
1291 3729 1422 3795 scilicet
1447 3729 1595 3794 activam
1620 3740 1653 3794 et
1689 3728 1874 3813 passivam.
1913 3728 2008 3815 Ergo
2044 3727 2198 3792 similiter
2230 3728 2266 3793 'et
2290 3727 2324 3794 in

847 3846 1035 3910 voluntate.

937 3960 1077 4024 Contra.
1109 3958 1139 4022 Α
1172 3960 1267 4029 nullo
1292 3969 1433 4023 auctore
1458 3957 1626 4042 reperitur
1661 3960 1730 4022 1100
1755 3979 1833 4022 0550
1868 3956 2031 4042 positum.
2064 3954 2159 4043 Ergo
2191 3955 2326 4022 videtur

848 4074 942 4158 quod
966 4094 1038 4137 non
1064 4072 1106 4137 sit
1132 4073 1345 4157 ponendum.

936 4187 1149 4272 Respondeo
1174 4186 1362 4252 dicendum
1391 4187 1485 4270 quod
1511 4187 1648 4251 adhoc
1674 4185 1856 4269 requiritur
1880 4184 2037 4270 potentia
2061 4186 2113 4250 vel
2139 4184 2324 4270 dispositio

847 4301 880 4365 iu
921 4300 1038 4366 mobili
1070 4302 1123 4365 vel
1164 4301 1305 4386 passivo
1340 4313 1376 4365 ut
1407 4300 1521 4385 ipsum
1562 4300 1738 4385 passivum
1775 4313 1894 4364 natum
1933 4299 2141 4385 participare
2173 4300 2322 4384 aliquem

847 4426 962 4480 actum
988 4415 1045 4479 illo
1071 4414 1181 4499 possit
1207 4414 1386 4508 perficiet
1409 4414 1564 4499 recipere
1589 4413 1701 4499 possit
1724 4414 1869 4478 formam
1895 4413 2032 4500 agentis
2061 4414 2114 4478 vel
2143 4415 2324 4479 moventis

847 4529 935 4594 Cum
954 4550 1039 4615 ergo
1064 4542 1162 4593 actus
1190 4528 1406 4613 intelligendi
1431 4528 1474 4593 sit
1492 4528 1684 4614 intelligere
1709 4529 1762 4593 vel
1780 4549 1996 4615 cognoscere
2021 4527 2114 4592 entia
2138 4528 2326 4593 materialia

766 4674 770 4681 ·
846 4664 918 4707 non
949 4643 1144 4708 secundum
1170 4664 1248 4707 esse
1273 4643 1448 4707 materiale
1480 4656 1513 4706 et
1538 4642 1712 4728 signatum
1738 4652 1772 4707 et
1800 4641 2051 4707 individuatum
2077 4642 2170 4727 quod
2195 4644 2325 4707 habent

846 4756 881 4821 in
906 4778 944 4821 se
969 4755 1054 4842 ipsis
1087 4755 1150 4837 (sic
1183 4756 1274 4820 enim
1310 4779 1373 4841 per
1404 4778 1442 4822 se
1471 4758 1699 4842 cognoscitur
1723 4778 1742 4820 a
1766 4777 1873 4822 sensu
1908 4767 1941 4821 et
1971 4778 2042 4821 11011
2073 4757 2117 4820 ab
2149 4756 2326 4822 intellectu

846 4880 966 4935 nostro
1002 4868 1069 4933 nisi
1101 4871 1296 4962 secundum
1331 4871 1505 4954 quendam
1536 4871 1679 4934 modum
1715 4869 1912 4934 reflexionis
1948 4880 1982 4934 et
2017 4881 2142 4948 cetera,
2166 4880 2204 4935 ut
2232 4891 2325 4935 com·

846 4982 984 5048 munius
1009 4983 1173 5069 ponitur),
1192 4984 1255 5048 sed
1276 4985 1470 5049 secundum
1491 4966 1761 5049 abstractionem
1781 4986 1825 5048 ab
1846 4983 1919 5048 istis
1940 4983 2217 5064 condicionibus
2236 5006 2325 5069 quae

846 5120 917 5162 non
958 5108 1075 5183 potest
1098 5097 1171 5162 lieri
1207 5120 1227 5162 a
1258 5098 1382 5163 virtute
1407 5098 1549 5163 omnino
1578 5099 1727 5182 passiva,
1755 5110 1789 5162 et
1816 5098 1917 5162 etiam
1950 5097 1978 5162 si
2014 5109 2203 5183 poneretur
2230 5100 2325 5183 quod

847 5211 1036 5299 singularia
1053 5210 1230 5275 sensibilia
1258 5233 1320 5297 per
1343 5233 1381 5306 se
1406 5211 1689 5300 intelligerentur,
1715 5225 1831 5277 tamen
1862 5213 2055 5277 secundum
2082 5233 2120 5277 se
2144 5225 2178 5277 01
2201 5212 2324 5277 virtute

846 5325 986 5411 propria
1002 5346 1075 5389 non
1100 5336 1246 5410 possent
1271 5325 1305 5389 id
1330 5327 1425 5410 quod
1450 5337 1502 5391 051
1527 5326 1577 5391 510
1601 5325 1826 5391 immateriale
1851 5337 1885 5390 et
1909 5327 2119 5390 abstractum
2144 5325 2324 5392 immutare

845 5460 909 5524 per
932 5438 1085 5524 speciem
1110 5439 1332 5518 materialem,
1352 5452 1444 5506 -et
1465 5440 1543 5505 ideo
1564 5450 1703 5525 oportet
1727 5461 1859 5525 ponere
1883 5461 1955 5503 non
1980 5440 2092 5504 solum
2113 5440 2323 5505 intellectum

845 5552 1047 5638 possibilem
1073 5551 1106 5616 in
1133 5574 1203 5637 quo
1227 5565 1280 5618 est
1304 5553 1420 5618 omnia
1445 5554 1528 5632 lieri,
1554 5554 1617 5619 sed
1642 5553 1744 5619 etiam
1770 5565 1931 5640 agentem
1957 5554 2001 5618 de
2030 5576 2099 5638 quo
2129 5565 2181 5619 051
2206 5555 2323 5619 omnia

845 5666 971 5731 tacere.
1008 5665 1101 5751 Quia
1133 5687 1218 5753 ergo
1254 5689 1309 5732 res
1342 5689 1413 5732 non
1449 5678 1564 5752 potest
1588 5670 1717 5732 habere
1753 5667 1919 5733 rationem
1951 5666 2078 5732 obiecti
2104 5667 2322 5733 immutantis

846 5778 1056 5845 intellectum
1092 5770 1295 5865 possibilem
1320 5782 1514 5847 secundum
1551 5804 1599 5861 se,
1625 5781 1705 5847 ideo
1733 5780 1873 5867 ponitur
1908 5781 2102 5847 intellectus
2138 5804 2259 5868 agens.
2285 5782 2323 5849 Si

846 5892 949 5958 etiam
974 5915 1028 5958 res
1053 5894 1237 5959 materialis
1255 5896 1448 5959 secundum
1474 5917 1512 5961 se
1537 5895 1734 5961 immediate
1759 5895 1939 5960 immutare
1964 5896 2107 5961 deberet
2131 5896 2321 5981 appetitum

845 6005 1092 6072 intellectivum
1132 6008 1400 6088 immaterialem,
1441 6011 1574 6094 absque
1613 6011 1681 6075 hoc
1716 6011 1811 6094 quod
1845 6010 1938 6075 facta
1977 6019 2070 6076 esset
2108 6031 2170 6096 per
2208 6010 2322 6096 ipsum

846 6120 1021 6189 materiale
1045 6121 1169 6187 virtute
1195 6122 1340 6189 alicuius
1365 6121 1598 6190 immaterialis
1622 6122 1815 6189 immutatio
1839 6122 1874 6188 in
1899 6124 2090 6210 potentiam
2110 6123 2321 6191 materialem
