6700 7992
1038 1452 1093 1501 3l2
1404 1447 1595 1502 llAGlSTRl
1625 1447 1847 1501 GODEFRlDl
1877 1449 1928 1501 DE
1958 1449 2156 1504 foxttttvs

1041 1627 1198 1698 participat
1217 1627 1313 1681 aliam.
1332 1628 1374 1680 itu
1386 1644 1445 1679 non
1458 1638 1504 1680 est
1523 1626 1735 1679 inconveniens
1748 1626 1827 1697 quod
1847 1643 1935 1679 unum
1950 1644 2017 1680 esse
2030 1627 2186 1698 participet
2201 1627 2289 1680 aliud.
2304 1629 2338 1680 Et
2356 1629 2412 1682 hoc
2432 1628 2521 1681 etiam

1039 1724 1129 1776 habet
1148 1740 1272 1776 necesse
1288 1726 1294 1752 ¹
1313 1724 1372 1775 alia
1392 1722 1500 1793 positio
1520 1738 1640 1793 ponere.
1657 1739 1724 1775 curn
1744 1721 1907 1775 substantia
1927 1734 1957 1774 et
1976 1740 2041 1776 esse
2061 1724 2245 1776 substantiae
2264 1734 2522 1794 praesupponatur

1039 1826 1072 1872 ut
1090 1819 1294 1871 substratum²
1315 1819 1370 1888 ipsi
1393 1818 1561 1872 accidenti:
1580 1817 1745 1870 substantia
1768 1818 1845 1870 enim
1864 1835 1924 1871 non
1946 1820 2040 1871 solum
2061 1830 2200 1888 quantum
2222 1819 2259 1870 nd
2279 1819 2448 1875 essentiam.
2467 1819 2521 1872 sed

1039 1917 1129 1969 etiam
1150 1928 1289 1987 quantum
1309 1916 1348 1969 ad
1367 1933 1435 1970 esse
1454 1915 1483 1968 in
1502 1926 1571 1969 actu
1590 1916 1863 1986 praesupponitur³
1884 1916 2040 1969 accidenti.
2063 1916 2165 1969 Simile
2185 1916 2272 1970 etiam
2293 1918 2330 1969 de
2349 1917 2522 1970 extensione

1039 2029 1099 2065 non
1119 2012 1206 2071 valet,
1225 2013 1294 2083 «pria
1313 2011 1447 2065 extensio
1469 2011 1542 2065 dicit
1563 2011 1673 2084 aliquid
1697 2011 1922 2065 determinatum
1947 2030 2004 2065 non
2028 2012 2221 2082 pluriticabile
2245 2013 2273 2065 in
2296 2013 2411 2066 eodem.
2434 2013 2521 2067 l'nde

1038 2118 1157 2179 oportet
1186 2109 1266 2179 quod
1294 2107 1394 2160 omnia
1421 2125 1498 2178 quae
1526 2117 1593 2160 sunt
1621 2108 1650 2160 in
1680 2107 1784 2161 eodem
1807 2117 1930 2161 extenso
1952 2108 2010 2161 sint
2032 2119 2155 2161 extensu
2177 2126 2235 2161 uua
2254 2109 2427 2162 extensione
2445 2109 2521 2161 sicut

1038 2203 1127 2256 etiarn
1143 2207 1153 2234 ⁴
1171 2204 1270 2256 omnia
1298 2220 1375 2273 quae
1400 2203 1537 2256 dicuntur
1564 2204 1631 2256 alba
1657 2205 1686 2255 in
1713 2203 1819 2255 eodem
1842 2214 1910 2256 sunt
1931 2202 1997 2255 albu
2020 2203 2125 2256 eudem
2145 2203 2291 2257 albedine.
2309 2204 2369 2257 Sed
2389 2221 2455 2256 esse
2475 2212 2521 2256 est

1039 2317 1146 2352 nomen
1168 2298 1340 2369 generalis³¹
1363 2299 1404 2352 rei
1426 2309 1457 2352 et
1479 2299 1706 2369 plurificalrilis⁶
1727 2298 1756 2351 in
1778 2299 1884 2351 eodem
1907 2300 1983 2352 sicut
2006 2310 2036 2352 et
2055 2299 2191 2352 essentia.
2217 2299 2301 2353 l'nde
2324 2300 2399 2352 sicut
2421 2300 2521 2352 omnia

1039 2412 1116 2465 quae
1136 2395 1250 2448 suntin
1270 2394 1376 2448 eodem
1395 2405 1463 2448 sunt
1482 2394 1580 2465 qualia
1600 2394 1704 2447 eadem
1726 2395 1868 2464 qualitate
1888 2412 1942 2448 nec
1962 2397 1969 2425 ³
1988 2405 2055 2448 sunt
2074 2395 2178 2448 entiu'
2200 2395 2302 2447 eadem
2323 2396 2461 2457 effleutin
2480 2395 2521 2448 ita

1038 2508 1095 2544 nec
1113 2500 1181 2543 sunt
1199 2490 1356 2544 existentia
1375 2508 1433 2543 uno
1452 2491 1517 2543 solo
1536 2502 1604 2544 actu
1623 2490 1749 2543 essendi.

1626 2856 1896 2925 Qt'Atlstto
1931 2857 1957 2908 l'

1702 3014 1866 3061 imvm.

1125 3197 1234 3250 Utrum
1253 3200 1363 3266 corpus
1381 3194 1498 3250 Christi
1516 3200 1668 3247 mortuum
1688 3200 1716 3248 el
1734 3200 1841 3266 corpus
1861 3195 1987 3248 alterins
2006 3196 2137 3247 hominis
2156 3201 2308 3247 mornnon
2330 3197 2430 3247 viatim

1387 3296 1454 3361 posi
1472 3295 1595 3344 moriem
1615 3292 1678 3344 siut
1696 3297 1822 3362 corpora
1843 3296 1962 3344 mortun
1984 3293 2106 3344 rorr'zoce
2120 3296 2168 3355 tlt.

1128 3544 1236 3596 Postea
1265 3544 1482 3613 quaerebantur
1512 3543 1571 3595 duo
1604 3552 1743 3613 quantum
1777 3543 1813 3595 au
1847 3561 1954 3614 corpu<
1984 3544 2090 3597 t'lrristi
2109 3550 2124 3594 '.
2160 3543 2286 3595 Primum
2320 3554 2392 3601 erut,
2424 3552 2519 3596 utrum

1037 3658 1147 3710 corpus
1166 3640 1274 3693 Christi
1295 3650 1439 3691 mortuum
1459 3649 1489 3692 et
1509 3657 1618 3709 corpus
1637 3640 1757 3692 alterius
1785 3640 1910 3692 hominis
1930 3652 2075 3692 mortuum
2106 3641 2203 3692 statim
2224 3650 2433 3709 postmortem
2461 3638 2519 3691 sint

1039 3754 1166 3807 corpora
1197 3746 1312 3788 mortue
1342 3735 1475 3788 univoce.
1508 3736 1676 3788 Secundum
1708 3745 1779 3791 erut.
1812 3746 1907 3789 utrum
1939 3753 2049 3806 [itiitere
2078 3735 2158 3805 quod
2187 3753 2295 3805 corpus
2324 3734 2431 3788 l'lrristi
2460 3751 2519 3787 non

1039 3832 1135 3903 potuit
1154 3832 1287 3885 comburi
1308 3831 1345 3883 ab
1365 3831 1433 3901 igne
1452 3830 1490 3883 sit
1509 3830 1721 3884 inconveniens
1740 3831 1901 3884 secundum
1921 3831 2018 3884 tidem.

1129 3927 1176 3980 Ad
1202 3927 1325 3998 primum
1347 3926 1388 3979 sic
1416 3925 1594 3996 proceditur,
1612 3936 1643 3979 et
1667 3927 1799 3993 arguitur
1824 3927 1903 3996 quod
1929 3944 2037 3997 corpus
2063 3926 2171 3980 Christi
2191 3936 2335 3979 mortuum
2359 3938 2387 3979 et
2411 3943 2518 3996 corpus

1039 4023 1159 4080 alterius
1191 4022 1316 4075 hominis
1335 4034 1479 4074 mortuum
1511 4021 1608 4075 statim
1640 4034 1708 4093 post
1742 4034 1865 4075 mortem
1898 4025 2000 4075 ante¹⁰
2024 4022 2193 4075 ulteriorem
2222 4023 2429 4074 resolutionem
2461 4022 2519 4074 sint

1038 4137 1163 4190 corpora
1189 4132 1304 4171 mortua
1332 4119 1467 4182 univoce,
1495 4128 1524 4170 et
1549 4118 1629 4188 quod
1655 4136 1766 4188 ponere
1798 4119 1968 4189 oppositum
1992 4118 2030 4171 sit
2056 4135 2220 4171 erroneum.
2246 4117 2325 4187 Quia
2341 4120 2360 4148 ¹¹
2386 4118 2461 4170 sicut
2485 4134 2519 4170 se

1038 4217 1128 4270 habet
1154 4216 1251 4267 vivum
1278 4214 1315 4267 ud
1343 4213 1451 4269 vivum.
1477 4214 1516 4266 ita
1542 4224 1686 4267 mortuum
1714 4213 1751 4266 ad
1776 4224 1930 4267 mortuum.
1950 4214 2010 4267 Sed
2036 4231 2147 4283 ponere
2172 4213 2252 4283 quod
2275 4231 2383 4284 corpus
2409 4213 2518 4266 l'hristi

1038 4312 1137 4365 vivum
1159 4322 1189 4363 et
1212 4328 1319 4381 corpus
1341 4310 1461 4362 ulterius
1484 4309 1609 4362 hominis
1632 4310 1730 4362 vivum
1754 4327 1812 4362 non
1834 4309 1892 4363 sint
1911 4311 2038 4362 univoce
2057 4327 2184 4380 corpora
2202 4308 2363 4362 secundum
2379 4308 2519 4361 univoca·

1037 4408 1147 4461 tionem
1168 4407 1288 4478 speciei.
1302 4407 1341 4459 ita
1360 4406 1474 4459 scilicet
1493 4407 1573 4476 quod
1592 4423 1650 4458 non
1664 4407 1722 4458 sint
1735 4405 1866 4459 eiusdem
1887 4406 2006 4476 speciei,
2026 4415 2071 4458 est
2091 4423 2254 4458 erroneum.
2275 4406 2352 4473 Ergo
2366 4416 2396 4457 et
2409 4414 2516 4457 cetera.

1127 4503 1284 4556 Praeterea
1300 4503 1328 4567 ¹³,
1348 4503 1423 4555 sicut
1437 4500 1570 4555 Christus
1584 4502 1668 4554 vivus
1687 4512 1716 4554 et
1734 4501 1808 4554 alius
1820 4503 1909 4555 homo
1930 4501 2014 4554 vivus
2028 4501 2144 4554 luerunt
2165 4501 2297 4553 homiues
2311 4501 2369 4552 vivi
2383 4500 2517 4565 univoce,

1038 4599 1077 4653 ita
1103 4598 1191 4652 etiam
1212 4599 1345 4652 Christus
1364 4608 1496 4650 mortuus
1518 4608 1547 4650 et
1566 4597 1640 4650 nlius
1660 4598 1748 4650 homo
1776 4608 1907 4649 mortuus
1937 4596 2052 4650 luerunt
2071 4596 2205 4650 homines
2224 4597 2350 4649 univoce
2370 4596 2475 4649 mortui
2488 4597 2517 4660 ¹⁸,

1038 4704 1068 4748 et
1085 4698 1103 4726 ¹¹
1129 4695 1307 4747 contrarium
1333 4693 1432 4746 dicere
1458 4704 1503 4746 est
1521 4710 1685 4746 erroneum.
1714 4692 1774 4746 Sed
1799 4693 1875 4746 sicut
1901 4693 1938 4746 ad
1964 4693 2106 4746 rationem
2133 4692 2258 4745 hominis
2283 4691 2341 4745 vivi
2370 4693 2516 4761 pertinent

1039 4808 1147 4860 corpus
1181 4801 1211 4842 et
1239 4789 1335 4842 anima
1363 4789 1520 4842 coniuncta
1547 4788 1584 4841 ud
1610 4789 1746 4851 invicem,
1771 4789 1811 4842 ita
1840 4788 1877 4841 ad
1908 4789 2050 4842 rationem
2080 4789 2206 4842 hominis
2234 4788 2340 4841 mortui
2369 4787 2517 4858 pertinent

1038 4904 1146 4957 corpus
1161 4889 1181 4917 ²⁷·
1194 4896 1223 4940 et
1237 4886 1332 4938 anima
1347 4896 1493 4956 separata,
1506 4895 1535 4938 et
1548 4888 1569 4916 '¹’
1587 4886 1629 4938 sic
1649 4885 1783 4938 l'hristus
1797 4895 1929 4938 mortuus
1944 4884 2045 4937 habuit
2064 4902 2171 4955 corpus
2185 4896 2351 4954 separatum
2367 4885 2403 4936 ul)
2418 4883 2515 4936 anima

1038 4991 1068 5035 et
1087 4992 1230 5035 mortuum
1251 4982 1376 5035 univoce
1395 4982 1471 5034 sicut
1490 4981 1537 5033 ulii
1558 4980 1692 5034 homines
1712 4980 1826 5033 mortui.

1127 5077 1245 5131 Contra.
1276 5077 1307 5129 ln
1335 5094 1443 5147 corpus
1474 5075 1582 5130 Christi
1611 5086 1756 5129 mortuum
1784 5094 1843 5129 non
1876 5076 1929 5129 luit
1960 5095 1999 5128 no
2027 5081 2031 5141 1
2061 5095 2096 5128 vn
2132 5080 2135 5129 3
2171 5076 2264 5128 t'ormu
2292 5075 2458 5128 introducta
2486 5074 2516 5127 in

1038 5183 1140 5237 morte,
1160 5172 1289 5242 alioquin
1309 5171 1413 5225 luisset
1433 5171 1473 5225 ibi
1492 5190 1569 5224 novu
1590 5172 1760 5242 assumptio.
1780 5173 1841 5225 Sed
1861 5173 1888 5224 in
1908 5183 2003 5225 morte
2023 5173 2142 5225 ulterius
2162 5172 2287 5224 hominis
2306 5171 2516 5240 cuiuscumque

1037 5269 1229 5323 introducitur
1254 5286 1332 5321 uovu
1359 5278 1461 5325 torma.
1487 5284 1552 5320 cum
1578 5268 1728 5339 corruptio
1754 5269 1838 5321 unius
1863 5268 1900 5321 sit
1925 5269 2078 5333 generatio
2110 5268 2238 5320 alterius.
2268 5268 2346 5335 Ergo
2375 5284 2432 5318 uon
2462 5265 2516 5318 fuit

1147 5490 1156 5513 ἳ

1128 5572 1134 5600 ¹
1155 5569 1322 5622 necessario
1342 5570 1374 5622 l'.
1396 5600 1428 5608 -
1448 5570 1557 5622 ²ub²¹tu
1576 5569 1647 5627 (sic)
1666 5570 1706 5622 S:
1726 5570 1904 5621 substratum
1926 5587 2023 5637 trumo.
2038 5583 2071 5620 2⁴¹
2093 5587 2129 5621 m.
2149 5569 2179 5622 S.
2199 5602 2226 5607 —
2252 5568 2331 5639 ²ipsi
2350 5569 2419 5621 odd.
2434 5568 2467 5621 (Σ
2481 5598 2514 5607 -

1038 5670 1046 5697 ⁸
1065 5677 1094 5719 et
1115 5666 1144 5718 P.
1159 5700 1191 5705 --·
1213 5667 1374 5729 lueuerale
1393 5667 1464 5729 (sic)
1483 5669 1516 5720 l’.
1538 5699 1569 5706 -
1590 5663 1783 5737 “principalis
1803 5669 1836 5719 l'.
1858 5698 1889 5704 -
1912 5668 1991 5719 ‘uon
2012 5667 2044 5720 (ἶ.
2064 5699 2094 5705 -
2118 5669 2196 5720 'eeir
2218 5667 2286 5718 add.
2300 5671 2329 5719 el
2341 5672 2466 5736 uvpuux.
2481 5663 2514 5719 C.

1036 5787 1069 5794 -
1089 5758 1100 5785 ²
1119 5773 1173 5806 orn.
1194 5756 1226 5806 l'.
1248 5786 1280 5792 —
1303 5757 1322 5785 ¹·
1342 5765 1390 5807 aut
1410 5756 1449 5809 S:
1472 5766 1539 5807 unte
1559 5769 1592 5806 2¹⁸
1613 5773 1650 5806 m.
1670 5755 1699 5806 S.
1721 5786 1752 5793 -
1776 5758 1793 5785 ²¹
1815 5754 1895 5824 quod
1915 5756 1948 5808 l'.
1969 5787 2000 5793 —
2023 5755 2044 5786 ¹²
2063 5767 2220 5825 propterea
2240 5755 2270 5806 S.
2350 5756 2370 5785 ¹³
2390 5753 2515 5807 univoce

1036 5842 1152 5910 mortui}
1173 5841 1277 5894 mortui
1293 5843 1418 5896 univoce
1433 5844 1466 5896 (ἶ.
1487 5875 1518 5882 --
1541 5844 1560 5873 ¹⁶
1583 5861 1638 5893 tou.
1663 5842 1692 5894 P.
1716 5875 1747 5881 —
1772 5845 1791 5874 ¹³
1813 5860 1938 5913 corpora
1958 5844 2014 5895 St'.
2040 5875 2070 5880 -
2093 5845 2114 5873 ¹⁸
2135 5861 2190 5894 om.
2214 5843 2244 5894 P.

1126 6075 1165 6133 tl)
1186 6070 1245 6124 l'l‘r.
1266 6088 1314 6142 pp.
1336 6073 1461 6124 tut-211.
