6700 7992
1332 1450 1550 1514 SECUNDUM
1580 1449 1879 1528 Quooussar'uu,
1907 1457 1943 1528 Q.
1969 1456 1996 1511 11
2370 1454 2405 1511 ss

928 1639 1122 1705 secundum
1151 1659 1200 1718 se,
1229 1677 1269 1684 -
1298 1637 1380 1703 ideo
1414 1637 1550 1703 videtur
1582 1637 1754 1721 aliquibus
1792 1638 1887 1721 quod
1922 1659 2004 1703 vera
2041 1635 2194 1702 essentia
2225 1647 2404 1702 creaturae

929 1755 1045 1840 aliquo
1070 1755 1175 1820 modo
1206 1764 1323 1839 potest
1350 1753 1417 1818 dici
1449 1753 1650 1818 indifferens
1679 1754 1723 1817 ad
1753 1774 1831 1818 esse
1866 1764 1900 1818 et
1932 1754 1976 1817 ad
2014 1773 2086 1817 non
2122 1772 2210 1832 esse,
2247 1763 2280 1817 et
2309 1753 2404 1837 quod

928 1893 966 1937 re
990 1882 1153 1955 corrupta
1180 1864 1347 1954 quantum
1376 1870 1419 1934 ad
1437 1869 1512 1934 eius
1541 1891 1619 1935 esse
1648 1868 1852 1934 existentiae
1880 1889 1952 1934 non
1980 1866 2213 1953 corrumpitur
2236 1881 2402 1952 quantum

929 1988 973 2051 ad
999 1986 1073 2052 eius
1091 2008 1180 2051 ,esse
1209 1985 1392 2064 essentiae,
1410 1986 1500 2051 sicut
1523 2007 1596 2050 non
1620 1984 1852 2070 corrumpitur
1879 1983 2026 2050 scientia
2049 1985 2104 2049 vel
2132 1983 2288 2071 cognitio
2313 2005 2403 2068 quae

929 2103 1078 2168 habetur
1102 2103 1146 2167 de
1170 2101 1255 2186 ipsa.

1017 2218 1061 2283 Et
1088 2220 1157 2282 hoc
1185 2217 1339 2282 nituntur
1374 2217 1424 2282 sic
1454 2217 1660 2282 declarare:
1691 2238 1769 2281 cum
1802 2215 1893 2280 enim
1922 2227 2081 2281 creatura
2109 2226 2330 2300 comparetur
2358 2217 2403 2280 ad

930 2334 1073 2399 Deum¹
1101 2334 1294 2398 secundum
1323 2333 1453 2417 duplex
1480 2353 1593 2419 genus
1621 2353 1751 2397 causae
1779 2333 1823 2397 ad
1851 2352 2028 2416 praesens,
2054 2331 2186 2397 scilicet
2210 2332 2404 2397 secundum

929 2471 1042 2538 genus
1065 2470 1193 2515 causae
1221 2448 1374 2513 formalis
1403 2448 1609 2533 exemplaris
1637 2448 1672 2512 in
1702 2459 1868 2531 quantum
1894 2459 1947 2513 est
1971 2468 2205 2534 cognoscem,
2224 2459 2257 2513 et
2281 2468 2405 2512 secun-

931 2567 1012 2631 dum
1041 2587 1154 2652 genus
1183 2585 1311 2629 causae
1343 2563 1524 2629 efficientis
1552 2563 1586 2627 in
1615 2574 1782 2647 quantum
1812 2575 1864 2629 est
1891 2563 2015 2628 volens
2044 2563 2098 2629 vel
2125 2562 2161 2627 in
2189 2563 2316 2628 effectu
2344 2584 2406 2647 per

931 2683 1145 2746 voluntatem
1173 2681 1368 2766 producere
1396 2694 1522 2764 potens
1559 2690 1592 2744 et
1619 2679 1808 2763 aliquando
1843 2680 2054 2765 producens
2091 2689 2249 2745 creatura
2277 2678 2405 2763 aliquid

931 2798 1037 2862 habet
1064 2796 1119 2861 vel
1146 2795 1375 2879 consequitur
1402 2816 1422 2858 a
1450 2795 1527 2860 Deo
1556 2817 1598 2860 ex
1625 2796 1693 2860 hac
1722 2793 1851 2879 duplici
1889 2794 2100 2860 causalitate.
2129 2796 2233 2861 Unde
2265 2795 2309 2860 ad
2342 2796 2406 2860 has

931 2911 1083 3002 rationes
1121 2910 1332 2976 causalitatis
1370 2921 1592 2995 comparatur
1630 2923 1787 2976 creatura
1824 2910 2019 2975 secundum
2055 2909 2169 2994 aliqua
2202 2909 2339 2975 diversa
2370 2909 2405 2974 in

931 3026 1008 3113 ipsa
1035 3027 1151 3111 aliquo
1180 3027 1296 3105 modo,
1315 3026 1360 3090 ita
1388 3027 1484 3110 quod
1513 3036 1669 3092 creatura
1699 3037 1752 3091 est
1772 3025 1838 3090 id²
1865 3027 1960 3110 quod
1989 3037 2042 3091 est
2066 3024 2193 3110 aliquid
2219 3027 2263 3089 ad
2288 3047 2327 3092 se
2344 3046 2407 3111 per

891 3191 893 3196 ·
931 3143 1117 3209 essentiam
1151 3134 1297 3222 realiter,
1326 3141 1399 3206 sive
1432 3164 1513 3207 vera
1544 3164 1599 3206 res
1634 3141 1970 3226 praedicamentalis,
1998 3163 2041 3207 ex
2073 3143 2142 3207 hoc
2175 3142 2270 3226 quod
2301 3143 2407 3207 habet

931 3259 1098 3325 rationem
1139 3259 1318 3323 formalem
1352 3258 1583 3343 exemplarem
1620 3257 1695 3322 sive
1732 3257 1879 3322 idealem
1916 3257 1952 3322 in
1989 3259 2077 3323 Deo.
2114 3257 2283 3322 Creatura
2314 3257 2405 3323 enim

932 3396 1010 3441 cum
1042 3372 1270 3439 secundum³
1298 3394 1336 3438 se
1364 3373 1408 3437 sit
1435 3373 1469 3437 id
1496 3374 1590 3458 quod
1619 3383 1671 3438 est
1700 3372 1828 3457 aliquid
1853 3375 1897 3439 ad
1921 3395 1959 3438 se
1987 3373 2099 3458 ipsam
2122 3394 2185 3458 per
2208 3373 2406 3453 essentiam,

932 3512 1002 3555 non
1029 3489 1174 3575 potest⁴
1202 3511 1274 3553 non
1298 3500 1413 3554 autem
1439 3510 1517 3554 esse
1541 3488 1575 3553 id
1602 3489 1697 3573 quod
1722 3500 1775 3554 est
1798 3490 1842 3553 ad
1867 3489 2018 3574 seipsam
2043 3511 2106 3575 per
2129 3489 2315 3555 essentiam
2341 3489 2406 3554 nisi

932 3607 976 3670 ab
1003 3605 1081 3684 alio,
1110 3626 1182 3669 non
1217 3615 1330 3670 autem
1363 3603 1429 3668 nisi
1465 3627 1486 3669 a
1523 3605 1610 3684 Deo,
1639 3624 1711 3667 non
1747 3603 1887 3688 quidem
1915 3605 2109 3669 secundum
2136 3626 2249 3693 genus
2277 3625 2407 3670 causae

932 3720 1113 3786 efficientis
1149 3720 1245 3805 quod
1280 3718 1420 3804 respicit
1454 3740 1568 3784 rerum
1605 3717 1830 3797 existentias;
1866 3741 1975 3804 quare
2010 3731 2148 3806 oportet
2182 3722 2276 3805 quod
2308 3719 2406 3787 hoel

932 3836 976 3901 sit
1015 3837 1207 3925 secundum
1248 3856 1361 3921 genus
1409 3855 1538 3900 causae
1581 3834 1735 3899 formalis
1780 3834 1985 3920 exemplaris
2025 3845 2167 3917 tantum,
2212 3837 2405 3902 secundum

932 3950 1084 4018 rationes
1113 3951 1243 4016 ideales
1272 3972 1361 4034 quae
1396 3949 1585 4035 respiciunt
1618 3949 1712 4036 ipsas
1745 3971 1859 4015 rerum
1895 3950 2065 4017 essentias
2079 3950 2100 4015 ⁸.
2129 3951 2172 4016 Et
2199 3953 2268 4016 hoe
2300 3953 2406 4016 modo

932 4066 1051 4133 divina
1084 4065 1229 4131 scientia
1262 4067 1315 4131 vel
1348 4064 1505 4154 cognitio
1541 4086 1582 4131 ex
1617 4086 1656 4130 se
1690 4066 1765 4131 sola
1800 4078 1854 4131 est
1888 4086 1995 4131 causa
2026 4087 2139 4131 rerum
2178 4088 2250 4132 non
2290 4068 2406 4152 quoad

932 4204 1049 4248 earum
1078 4181 1288 4261 existentias,
1314 4182 1376 4246 sed
1408 4182 1525 4266 quoad
1558 4201 1674 4246 earum
1708 4181 1906 4261 essentiam,
1931 4181 2136 4266 inquantum
2169 4181 2301 4248 scilicet
2332 4182 2408 4268 ipsa

931 4309 1089 4364 creatura
1106 4307 1158 4362 est
1182 4296 1265 4362 illud
1285 4295 1296 4330 ⁷
1324 4296 1419 4380 quod
1443 4309 1495 4362 est
1519 4318 1581 4382 per
1605 4297 1793 4393 essentiam
1817 4297 1851 4361 in
1877 4319 1955 4362 esse
1983 4319 2048 4363 suo
2067 4296 2079 4332 ⁸
2095 4297 2324 4382 quidditativo
2345 4319 2408 4384 per

931 4413 1084 4479 divinam
1115 4412 1296 4478 scientiam
1325 4412 1520 4477 constituta.
1539 4413 1583 4478 Et
1606 4412 1904 4498 praesupponitur
1926 4413 1983 4477 illa
2007 4413 2193 4479 causalitas
2217 4414 2261 4478 ad
2285 4431 2406 4479 causa·

931 4529 1059 4594 litatem
1088 4529 1282 4593 secundum
1311 4549 1425 4614 genus
1453 4549 1582 4592 causae
1611 4528 1792 4594 efficientis
1820 4550 1889 4613 qua
1915 4551 1978 4613 per
2009 4529 2160 4594 divinam
2191 4530 2406 4595 voluntatem

930 4646 1061 4710 habent
1085 4665 1139 4708 res
1168 4645 1262 4727 quod
1291 4643 1360 4708 sint
1386 4654 1480 4708 extra
1509 4664 1571 4729 per
1598 4643 1785 4709 essentiam
1815 4643 1887 4709 sive
1918 4644 1953 4708 in
1980 4665 2059 4709 esse
2088 4644 2301 4725 existentiae,
2326 4645 2408 4731 quia

931 4762 1029 4825 Deus
1057 4759 1140 4823 nihil
1167 4770 1284 4845 potest
1310 4759 1427 4824 facere
1455 4770 1551 4824 extra
1578 4759 1613 4823 in
1641 4758 1755 4825 r'erum
1784 4771 1907 4825 natura
1934 4759 2000 4825 nisi
2025 4762 2120 4845 quod
2145 4773 2198 4826 est
2220 4782 2303 4827 vera
2325 4760 2408 4828 res⁹

931 4874 1268 4961 praedicamentalis,
1294 4896 1356 4940 ens
1385 4874 1419 4939 id
1448 4876 1542 4959 quod
1568 4887 1621 4940 est
1647 4896 1711 4961 per
1739 4876 1936 4955 essentiam,
1965 4898 2068 4961 quam
2095 4878 2201 4942 habet
2226 4898 2246 4941 a
2270 4878 2347 4943 Deo
2371 4877 2405 4942 in

931 5003 1099 5076 quantum
1114 4992 1220 5056 habet
1237 4990 1349 5056 ideam
1367 4989 1402 5055 in
1420 4992 1498 5056 Deo
1515 5013 1618 5075 quam
1636 4989 1797 5071 imitatur,
1815 4993 1910 5076 quod
1934 5014 2007 5057 non
2032 4991 2196 5058 convenit
2218 4993 2405 5082 figmentis.

931 5106 974 5172 Et
1001 5107 1196 5173 secundum
1236 5107 1377 5172 modum
1410 5116 1444 5171 et
1480 5106 1626 5172 formam
1658 5108 1853 5172 secundum
1891 5129 1994 5192 quam
2027 5118 2185 5173 creatura
2217 5108 2267 5175 sie
2302 5110 2408 5175 habet

931 5244 1010 5289 esse
1026 5222 1062 5287 id
1086 5223 1180 5307 quod
1198 5232 1250 5287 est
1273 5243 1336 5306 per
1353 5221 1538 5287 essentiam
1563 5221 1761 5287 inscientia
1784 5222 1948 5288 interiore
1972 5235 2010 5288 ut
2033 5245 2053 5288 a
2077 5244 2185 5289 causa
2209 5225 2406 5311 exemplari,

931 5359 993 5424 per
1021 5340 1234 5404 voluntatem
1263 5349 1300 5402 ut
1328 5359 1348 5402 a
1375 5358 1483 5402 causa
1511 5338 1693 5417 efficiente,
1722 5340 1828 5403 habet
1857 5359 1937 5404 esse
1963 5338 1996 5403 in
2022 5338 2203 5405 existentia
2228 5341 2406 5422 exteriore,

932 5454 1126 5521 seeundum
1142 5452 1226 5517 illud
1242 5452 1356 5518 Boetii
1369 5456 1415 5536 (l)
1433 5452 1533 5518 tertio
1558 5454 1601 5519 de
1630 5453 1883 5520 Consolatione
1900 5477 1907 5518 :
1924 5464 1961 5519 tu
1979 5465 2106 5520 cuncta
2129 5477 2284 5541 superna
2307 5455 2407 5522 ducis

1023 5768 1109 5819 ¹eum
1130 5764 1161 5817 P.
1181 5797 1213 5803 -
1234 5767 1244 5794 ²
1263 5763 1334 5816 illud
1353 5764 1384 5817 P.
1403 5795 1437 5802 —
1454 5765 1532 5816 ”om
1553 5764 1583 5817 P.
1603 5796 1635 5803 -
1654 5767 1664 5795 ⁴
1684 5782 1739 5818 om.
1762 5765 1792 5818 P.
1812 5766 1874 5802 -'⁶
1890 5782 1946 5819 om.
1966 5765 1996 5818 P.
2018 5797 2050 5806 -
2069 5767 2080 5796 ⁶
2099 5765 2270 5822 existentias
2289 5767 2352 5822 PV.
2372 5797 2406 5809 -

933 5852 985 5907 'id
998 5853 1028 5906 P.
1043 5884 1076 5891 -
1096 5853 1187 5905 ⁸esse
1203 5853 1267 5920 suo]
1282 5868 1336 5904 suo
1350 5868 1416 5905 esse
1429 5852 1460 5904 P.
1474 5883 1507 5890 —
1521 5853 1532 5882 ⁹
1547 5869 1616 5905 vera
1629 5853 1686 5920 res]
1700 5869 1747 5905 res
1767 5868 1837 5905 vera
1856 5852 1887 5905 P.

1021 6059 1060 6124 (l)
1074 6056 1193 6110 Boetii
1206 6057 1252 6110 De
1266 6056 1481 6123 Consolatione,
1495 6057 1512 6109 l.
1526 6056 1577 6122 Ill,
1590 6060 1607 6110 9
1622 6056 1664 6124 (P.
1679 6057 1710 6110 L.
1724 6056 1781 6110 vol.
1795 6058 1838 6122 63,
1852 6057 1907 6110 col.
1921 6057 1973 6110 758
1987 6060 2042 6128 sq).
