<?xml version="1.0" encoding="UTF-8"?>
<!DOCTYPE html PUBLIC "-//W3C//DTD XHTML 1.0 Transitional//EN"
    "http://www.w3.org/TR/xhtml1/DTD/xhtml1-transitional.dtd">
<html xmlns="http://www.w3.org/1999/xhtml" xml:lang="en" lang="en">
 <head>
  <title>
</title>
<meta http-equiv="Content-Type" content="text/html;charset=utf-8" />
  <meta name='ocr-system' content='tesseract 3.04.00' />
  <meta name='ocr-capabilities' content='ocr_page ocr_carea ocr_par ocr_line ocrx_word'/>
</head>
<body>
  <div class='ocr_page' id='page_1' title='image "./lesquatrepremie00wulfgoog_0348.png"; bbox 0 0 6700 7992; ppageno 0'>
   <div class='ocr_carea' id='block_1_1' title="bbox 1023 1319 2138 1376">
    <p class='ocr_par' dir='ltr' id='par_1_1' title="bbox 1023 1319 2138 1376">
     <span class='ocr_line' id='line_1_1' title="bbox 1023 1319 2138 1376; baseline -0.001 -1"><span class='ocrx_word' id='word_1_1' title='bbox 1023 1326 1077 1375; x_wconf 77' lang='lat'><strong>326</strong></span> <span class='ocrx_word' id='word_1_2' title='bbox 1385 1321 1577 1375; x_wconf 71' lang='lat' dir='ltr'><strong>llAGlSTRl</strong></span> <span class='ocrx_word' id='word_1_3' title='bbox 1606 1321 1829 1375; x_wconf 84' lang='lat' dir='ltr'><strong>GODEFRlDl</strong></span> <span class='ocrx_word' id='word_1_4' title='bbox 1858 1320 1910 1374; x_wconf 88' lang='lat' dir='ltr'><strong>DE</strong></span> <span class='ocrx_word' id='word_1_5' title='bbox 1939 1319 2138 1376; x_wconf 78' lang='lat' dir='ltr'><strong>FONTlBUS</strong></span> 
     </span>
    </p>
   </div>
   <div class='ocr_carea' id='block_1_2' title="bbox 1024 1496 2503 2650">
    <p class='ocr_par' dir='ltr' id='par_1_2' title="bbox 1024 1496 2502 1768">
     <span class='ocr_line' id='line_1_2' title="bbox 1024 1496 2502 1571; baseline -0.002 -17"><span class='ocrx_word' id='word_1_6' title='bbox 1024 1510 1070 1555; x_wconf 89' lang='lat' dir='ltr'><strong>est</strong></span> <span class='ocrx_word' id='word_1_7' title='bbox 1089 1500 1205 1555; x_wconf 81' lang='lat' dir='ltr'><strong>frustra.</strong></span> <span class='ocrx_word' id='word_1_8' title='bbox 1224 1501 1285 1555; x_wconf 90' lang='lat' dir='ltr'><strong>Sed</strong></span> <span class='ocrx_word' id='word_1_9' title='bbox 1303 1510 1426 1555; x_wconf 84' lang='lat' dir='ltr'><strong>naturae</strong></span> <span class='ocrx_word' id='word_1_10' title='bbox 1442 1503 1449 1532; x_wconf 89' lang='lat'><strong>¹</strong></span> <span class='ocrx_word' id='word_1_11' title='bbox 1472 1499 1622 1571; x_wconf 87' lang='lat' dir='ltr'><strong>appetitus</strong></span> <span class='ocrx_word' id='word_1_12' title='bbox 1643 1500 1739 1570; x_wconf 87' lang='lat' dir='ltr'><strong>magis</strong></span> <span class='ocrx_word' id='word_1_13' title='bbox 1762 1498 1855 1553; x_wconf 90' lang='lat' dir='ltr'><strong>tendit</strong></span> <span class='ocrx_word' id='word_1_14' title='bbox 1876 1497 1914 1552; x_wconf 92' lang='lat' dir='ltr'><strong>ad</strong></span> <span class='ocrx_word' id='word_1_15' title='bbox 1933 1496 2178 1570; x_wconf 79' lang='lat' dir='ltr'><strong>perfectissimum</strong></span> <span class='ocrx_word' id='word_1_16' title='bbox 2199 1515 2286 1569; x_wconf 92' lang='lat' dir='ltr'><strong>quam</strong></span> <span class='ocrx_word' id='word_1_17' title='bbox 2306 1498 2344 1552; x_wconf 89' lang='lat' dir='ltr'><strong>ad</strong></span> <span class='ocrx_word' id='word_1_18' title='bbox 2363 1497 2502 1552; x_wconf 87' lang='lat' dir='ltr'><strong>intimum.</strong></span> 
     </span>
     <span class='ocr_line' id='line_1_3' title="bbox 1024 1597 2502 1671; baseline -0.003 -18"><span class='ocrx_word' id='word_1_19' title='bbox 1024 1600 1104 1671; x_wconf 81' lang='lat' dir='ltr'><strong>Ergo</strong></span> <span class='ocrx_word' id='word_1_20' title='bbox 1123 1600 1146 1652; x_wconf 89' lang='lat' dir='ltr'><strong>si</strong></span> <span class='ocrx_word' id='word_1_21' title='bbox 1167 1609 1266 1668; x_wconf 86' lang='lat' dir='ltr'><strong>potest</strong></span> <span class='ocrx_word' id='word_1_22' title='bbox 1285 1599 1347 1653; x_wconf 88' lang='lat' dir='ltr'><strong>dari</strong></span> <span class='ocrx_word' id='word_1_23' title='bbox 1368 1598 1497 1652; x_wconf 89' lang='lat' dir='ltr'><strong>intimum</strong></span> <span class='ocrx_word' id='word_1_24' title='bbox 1517 1598 1545 1652; x_wconf 94' lang='lat' dir='ltr'><strong>in</strong></span> <span class='ocrx_word' id='word_1_25' title='bbox 1565 1598 1691 1663; x_wconf 87' lang='lat' dir='ltr'><strong>entibus,</strong></span> <span class='ocrx_word' id='word_1_26' title='bbox 1717 1606 1720 1666; x_wconf 63' lang='grc' dir='ltr'>ζ</span> <span class='ocrx_word' id='word_1_27' title='bbox 1747 1598 1862 1650; x_wconf 78' lang='lat' dir='ltr'><strong>multo²</strong></span> <span class='ocrx_word' id='word_1_28' title='bbox 1887 1597 1952 1668; x_wconf 92' lang='lat' dir='ltr'><strong>plus</strong></span> <span class='ocrx_word' id='word_1_29' title='bbox 1978 1604 2077 1668; x_wconf 90' lang='lat' dir='ltr'><strong>potest</strong></span> <span class='ocrx_word' id='word_1_30' title='bbox 2101 1597 2170 1668; x_wconf 93' lang='lat' dir='ltr'><strong>poni</strong></span> <span class='ocrx_word' id='word_1_31' title='bbox 2195 1613 2348 1650; x_wconf 87' lang='lat' dir='ltr'><strong>summum.</strong></span> <span class='ocrx_word' id='word_1_32' title='bbox 2369 1597 2502 1650; x_wconf 88' lang='lat' dir='ltr'><strong>lntimum</strong></span> 
     </span>
     <span class='ocr_line' id='line_1_4' title="bbox 1026 1694 2283 1768; baseline -0.003 -17"><span class='ocrx_word' id='word_1_33' title='bbox 1026 1707 1121 1751; x_wconf 88' lang='lat' dir='ltr'><strong>autem</strong></span> <span class='ocrx_word' id='word_1_34' title='bbox 1143 1705 1241 1768; x_wconf 84' lang='lat' dir='ltr'><strong>potest</strong></span> <span class='ocrx_word' id='word_1_35' title='bbox 1261 1697 1322 1750; x_wconf 89' lang='lat' dir='ltr'><strong>dari</strong></span> <span class='ocrx_word' id='word_1_36' title='bbox 1343 1697 1456 1751; x_wconf 89' lang='lat' dir='ltr'><strong>scilicet</strong></span> <span class='ocrx_word' id='word_1_37' title='bbox 1475 1694 1597 1749; x_wconf 86' lang='lat' dir='ltr'><strong>materia</strong></span> <span class='ocrx_word' id='word_1_38' title='bbox 1617 1712 1693 1766; x_wconf 89' lang='lat' dir='ltr'><strong>quae</strong></span> <span class='ocrx_word' id='word_1_39' title='bbox 1713 1706 1757 1749; x_wconf 91' lang='lat' dir='ltr'><strong>est</strong></span> <span class='ocrx_word' id='word_1_40' title='bbox 1777 1712 1849 1766; x_wconf 92' lang='lat' dir='ltr'><strong>pura</strong></span> <span class='ocrx_word' id='word_1_41' title='bbox 1868 1694 2009 1766; x_wconf 87' lang='lat' dir='ltr'><strong>potentia.</strong></span> <span class='ocrx_word' id='word_1_42' title='bbox 2030 1695 2108 1765; x_wconf 86' lang='lat' dir='ltr'><strong>Ergo</strong></span> <span class='ocrx_word' id='word_1_43' title='bbox 2127 1703 2157 1747; x_wconf 92' lang='lat' dir='ltr'><strong>et</strong></span> <span class='ocrx_word' id='word_1_44' title='bbox 2176 1704 2283 1748; x_wconf 89' lang='lat' dir='ltr'><strong>cetera.</strong></span> 
     </span>
    </p>

    <p class='ocr_par' dir='ltr' id='par_1_3' title="bbox 1025 1792 2503 2650">
     <span class='ocr_line' id='line_1_5' title="bbox 1114 1792 2502 1865; baseline -0.001 -18"><span class='ocrx_word' id='word_1_45' title='bbox 1114 1795 1187 1848; x_wconf 86' lang='lat' dir='ltr'><strong>Item</strong></span> <span class='ocrx_word' id='word_1_46' title='bbox 1207 1796 1334 1848; x_wconf 85' lang='lat' dir='ltr'><strong>natura¹</strong></span> <span class='ocrx_word' id='word_1_47' title='bbox 1352 1813 1410 1847; x_wconf 92' lang='lat' dir='ltr'><strong>non</strong></span> <span class='ocrx_word' id='word_1_48' title='bbox 1431 1793 1548 1847; x_wconf 79' lang='lat' dir='ltr'>inchoat</span> <span class='ocrx_word' id='word_1_49' title='bbox 1567 1810 1738 1865; x_wconf 79' lang='lat' dir='ltr'><strong>processum</strong></span> <span class='ocrx_word' id='word_1_50' title='bbox 1765 1792 1813 1864; x_wconf 95' lang='lat' dir='ltr'><strong>qui</strong></span> <span class='ocrx_word' id='word_1_51' title='bbox 1839 1810 1898 1846; x_wconf 92' lang='lat' dir='ltr'><strong>non</strong></span> <span class='ocrx_word' id='word_1_52' title='bbox 1921 1792 2014 1863; x_wconf 84' lang='lat' dir='ltr'><strong>possit</strong></span> <span class='ocrx_word' id='word_1_53' title='bbox 2039 1792 2139 1864; x_wconf 87' lang='lat' dir='ltr'><strong>pertici</strong></span> <span class='ocrx_word' id='word_1_54' title='bbox 2159 1810 2213 1846; x_wconf 91' lang='lat' dir='ltr'><strong>nec</strong></span> <span class='ocrx_word' id='word_1_55' title='bbox 2242 1810 2296 1862; x_wconf 92' lang='lat' dir='ltr'><strong>per</strong></span> <span class='ocrx_word' id='word_1_56' title='bbox 2318 1809 2502 1863; x_wconf 88' lang='lat' dir='ltr'><strong>consequens</strong></span> 
     </span>
     <span class='ocr_line' id='line_1_6' title="bbox 1026 1889 2502 1964; baseline -0.002 -18"><span class='ocrx_word' id='word_1_57' title='bbox 1026 1894 1144 1946; x_wconf 85' lang='lat' dir='ltr'><strong>inchoat</strong></span> <span class='ocrx_word' id='word_1_58' title='bbox 1162 1910 1334 1964; x_wconf 76' lang='lat' dir='ltr'><strong>processum</strong></span> <span class='ocrx_word' id='word_1_59' title='bbox 1354 1893 1382 1946; x_wconf 94' lang='lat' dir='ltr'><strong>in</strong></span> <span class='ocrx_word' id='word_1_60' title='bbox 1402 1892 1559 1945; x_wconf 84' lang='lat' dir='ltr'><strong>inlinitum:</strong></span> <span class='ocrx_word' id='word_1_61' title='bbox 1574 1890 1635 1944; x_wconf 85' lang='lat' dir='ltr'><strong>Sed</strong></span> <span class='ocrx_word' id='word_1_62' title='bbox 1657 1899 1774 1945; x_wconf 90' lang='lat' dir='ltr'><strong>constat</strong></span> <span class='ocrx_word' id='word_1_63' title='bbox 1800 1891 1879 1962; x_wconf 94' lang='lat' dir='ltr'><strong>quod</strong></span> <span class='ocrx_word' id='word_1_64' title='bbox 1906 1890 2025 1945; x_wconf 80' lang='lat' dir='ltr'>inchoat</span> <span class='ocrx_word' id='word_1_65' title='bbox 2050 1907 2222 1962; x_wconf 85' lang='lat' dir='ltr'><strong>processum</strong></span> <span class='ocrx_word' id='word_1_66' title='bbox 2245 1894 2326 1961; x_wconf 73' lang='lat' dir='ltr'><strong>quo*</strong></span> <span class='ocrx_word' id='word_1_67' title='bbox 2349 1890 2442 1944; x_wconf 88' lang='lat' dir='ltr'><strong>tendit</strong></span> <span class='ocrx_word' id='word_1_68' title='bbox 2464 1889 2502 1943; x_wconf 90' lang='lat' dir='ltr'><strong>ad</strong></span> 
     </span>
     <span class='ocr_line' id='line_1_7' title="bbox 1025 1988 2503 2062; baseline -0.002 -18"><span class='ocrx_word' id='word_1_69' title='bbox 1025 1990 1246 2062; x_wconf 79' lang='lat' dir='ltr'><strong>perfectionem.</strong></span> <span class='ocrx_word' id='word_1_70' title='bbox 1267 1992 1344 2062; x_wconf 78' lang='lat' dir='ltr'><strong>Ergo</strong></span> <span class='ocrx_word' id='word_1_71' title='bbox 1364 1990 1430 2043; x_wconf 91' lang='lat' dir='ltr'><strong>talis</strong></span> <span class='ocrx_word' id='word_1_72' title='bbox 1450 2006 1607 2061; x_wconf 83' lang='lat' dir='ltr'><strong>processus</strong></span> <span class='ocrx_word' id='word_1_73' title='bbox 1625 2006 1684 2042; x_wconf 93' lang='lat' dir='ltr'><strong>non</strong></span> <span class='ocrx_word' id='word_1_74' title='bbox 1703 1998 1803 2061; x_wconf 90' lang='lat' dir='ltr'><strong>potest</strong></span> <span class='ocrx_word' id='word_1_75' title='bbox 1823 1990 1888 2042; x_wconf 75' lang='lat' dir='ltr'><strong>ire⁵</strong></span> <span class='ocrx_word' id='word_1_76' title='bbox 1908 1990 1935 2042; x_wconf 93' lang='lat' dir='ltr'><strong>in</strong></span> <span class='ocrx_word' id='word_1_77' title='bbox 1955 1988 2108 2042; x_wconf 88' lang='lat' dir='ltr'><strong>infinitum.</strong></span> <span class='ocrx_word' id='word_1_78' title='bbox 2121 1989 2187 2042; x_wconf 87' lang='lat' dir='ltr'><strong>Hoc</strong></span> <span class='ocrx_word' id='word_1_79' title='bbox 2207 1989 2296 2042; x_wconf 90' lang='lat' dir='ltr'><strong>etiam</strong></span> <span class='ocrx_word' id='word_1_80' title='bbox 2315 1988 2503 2042; x_wconf 80' lang='lat' dir='ltr'><strong>confirmatur</strong></span> 
     </span>
     <span class='ocr_line' id='line_1_8' title="bbox 1025 2085 2502 2160; baseline -0.003 -18"><span class='ocrx_word' id='word_1_81' title='bbox 1025 2106 1079 2160; x_wconf 90' lang='lat' dir='ltr'><strong>per</strong></span> <span class='ocrx_word' id='word_1_82' title='bbox 1098 2089 1308 2159; x_wconf 80' lang='lat' dir='ltr'><strong>Pbilcsopbnm</strong></span> <span class='ocrx_word' id='word_1_83' title='bbox 1324 2092 1363 2152; x_wconf 74' lang='lat' dir='ltr'><strong>ll)</strong></span> <span class='ocrx_word' id='word_1_84' title='bbox 1383 2088 1431 2159; x_wconf 93' lang='lat' dir='ltr'><strong>qui</strong></span> <span class='ocrx_word' id='word_1_85' title='bbox 1452 2088 1513 2141; x_wconf 76' lang='lat' dir='ltr'><strong>vult</strong></span> <span class='ocrx_word' id='word_1_86' title='bbox 1535 2087 1615 2158; x_wconf 89' lang='lat' dir='ltr'><strong>quod</strong></span> <span class='ocrx_word' id='word_1_87' title='bbox 1637 2104 1795 2159; x_wconf 88' lang='lat' dir='ltr'><strong>processus</strong></span> <span class='ocrx_word' id='word_1_88' title='bbox 1817 2087 1846 2139; x_wconf 96' lang='lat' dir='ltr'><strong>in</strong></span> <span class='ocrx_word' id='word_1_89' title='bbox 1868 2095 2057 2157; x_wconf 78' lang='lat' dir='ltr'><strong>augmentum</strong></span> <span class='ocrx_word' id='word_1_90' title='bbox 2081 2087 2148 2156; x_wconf 89' lang='lat' dir='ltr'><strong>quia</strong></span> <span class='ocrx_word' id='word_1_91' title='bbox 2172 2086 2253 2140; x_wconf 82' lang='lat' dir='ltr'><strong>vadit</strong></span> <span class='ocrx_word' id='word_1_92' title='bbox 2273 2086 2310 2139; x_wconf 89' lang='lat' dir='ltr'><strong>ad</strong></span> <span class='ocrx_word' id='word_1_93' title='bbox 2330 2085 2453 2140; x_wconf 84' lang='lat' dir='ltr'><strong>formam</strong></span> <span class='ocrx_word' id='word_1_94' title='bbox 2473 2094 2502 2139; x_wconf 92' lang='lat' dir='ltr'><strong>et</strong></span> 
     </span>
     <span class='ocr_line' id='line_1_9' title="bbox 1025 2184 2502 2256; baseline -0.001 -17"><span class='ocrx_word' id='word_1_95' title='bbox 1025 2186 1063 2239; x_wconf 92' lang='lat' dir='ltr'><strong>ad</strong></span> <span class='ocrx_word' id='word_1_96' title='bbox 1083 2195 1189 2253; x_wconf 90' lang='lat' dir='ltr'><strong>actum,</strong></span> <span class='ocrx_word' id='word_1_97' title='bbox 1209 2205 1267 2239; x_wconf 82' lang='lat' dir='ltr'><strong>non</strong></span> <span class='ocrx_word' id='word_1_98' title='bbox 1290 2185 1370 2239; x_wconf 79' lang='lat' dir='ltr'><strong>radit</strong></span> <span class='ocrx_word' id='word_1_99' title='bbox 1390 2187 1417 2238; x_wconf 92' lang='lat' dir='ltr'><strong>in</strong></span> <span class='ocrx_word' id='word_1_100' title='bbox 1438 2186 1602 2239; x_wconf 84' lang='lat' dir='ltr'><strong>inlinitum:</strong></span> <span class='ocrx_word' id='word_1_101' title='bbox 1625 2203 1641 2239; x_wconf 93' lang='lat' dir='ltr'><strong>e</strong></span> <span class='ocrx_word' id='word_1_102' title='bbox 1664 2196 1766 2238; x_wconf 89' lang='lat' dir='ltr'><strong>contra</strong></span> <span class='ocrx_word' id='word_1_103' title='bbox 1789 2202 1947 2256; x_wconf 85' lang='lat' dir='ltr'><strong>processus</strong></span> <span class='ocrx_word' id='word_1_104' title='bbox 1972 2184 2010 2238; x_wconf 91' lang='lat' dir='ltr'><strong>ad</strong></span> <span class='ocrx_word' id='word_1_105' title='bbox 2030 2184 2252 2238; x_wconf 86' lang='lat' dir='ltr'><strong>diminutionem</strong></span> <span class='ocrx_word' id='word_1_106' title='bbox 2276 2185 2344 2254; x_wconf 87' lang='lat' dir='ltr'><strong>quia</strong></span> <span class='ocrx_word' id='word_1_107' title='bbox 2364 2184 2445 2237; x_wconf 74' lang='lat' dir='ltr'><strong>vadit</strong></span> <span class='ocrx_word' id='word_1_108' title='bbox 2464 2185 2502 2237; x_wconf 87' lang='lat' dir='ltr'><strong>ad</strong></span> 
     </span>
     <span class='ocr_line' id='line_1_10' title="bbox 1025 2282 2500 2356; baseline -0.001 -18"><span class='ocrx_word' id='word_1_109' title='bbox 1025 2285 1188 2356; x_wconf 86' lang='lat' dir='ltr'><strong>potentiam</strong></span> <span class='ocrx_word' id='word_1_110' title='bbox 1216 2285 1278 2337; x_wconf 79' lang='lat' dir='ltr'><strong>sire</strong></span> <span class='ocrx_word' id='word_1_111' title='bbox 1311 2285 1348 2337; x_wconf 90' lang='lat' dir='ltr'><strong>ad</strong></span> <span class='ocrx_word' id='word_1_112' title='bbox 1376 2295 1473 2338; x_wconf 88' lang='lat' dir='ltr'><strong>actum</strong></span> <span class='ocrx_word' id='word_1_113' title='bbox 1505 2283 1679 2355; x_wconf 85' lang='lat' dir='ltr'><strong>permixtum</strong></span> <span class='ocrx_word' id='word_1_114' title='bbox 1711 2284 1871 2354; x_wconf 86' lang='lat' dir='ltr'><strong>potentiae.</strong></span> <span class='ocrx_word' id='word_1_115' title='bbox 1904 2282 1984 2336; x_wconf 78' lang='lat' dir='ltr'><strong>eadit</strong></span> <span class='ocrx_word' id='word_1_116' title='bbox 2014 2283 2043 2336; x_wconf 95' lang='lat' dir='ltr'><strong>in</strong></span> <span class='ocrx_word' id='word_1_117' title='bbox 2075 2283 2228 2336; x_wconf 91' lang='lat' dir='ltr'><strong>intinitum.</strong></span> <span class='ocrx_word' id='word_1_118' title='bbox 2259 2283 2442 2353; x_wconf 73' lang='lat' dir='ltr'><strong>Augustinus</strong></span> <span class='ocrx_word' id='word_1_119' title='bbox 2461 2286 2500 2349; x_wconf 68' lang='lat'><strong>12)</strong></span> 
     </span>
     <span class='ocr_line' id='line_1_11' title="bbox 1025 2380 2502 2453; baseline -0.001 -18"><span class='ocrx_word' id='word_1_120' title='bbox 1025 2382 1114 2436; x_wconf 89' lang='lat' dir='ltr'><strong>etiam</strong></span> <span class='ocrx_word' id='word_1_121' title='bbox 1134 2382 1205 2435; x_wconf 92' lang='lat' dir='ltr'><strong>dicit</strong></span> <span class='ocrx_word' id='word_1_122' title='bbox 1225 2382 1253 2435; x_wconf 94' lang='lat' dir='ltr'><strong>in</strong></span> <span class='ocrx_word' id='word_1_123' title='bbox 1272 2381 1417 2453; x_wconf 87' lang='lat' dir='ltr'><strong>principio</strong></span> <span class='ocrx_word' id='word_1_124' title='bbox 1442 2382 1478 2435; x_wconf 89' lang='lat' dir='ltr'><strong>de</strong></span> <span class='ocrx_word' id='word_1_125' title='bbox 1505 2382 1582 2434; x_wconf 74' lang='lat' dir='ltr'><strong>Vera</strong></span> <span class='ocrx_word' id='word_1_126' title='bbox 1610 2381 1765 2452; x_wconf 78' lang='lat' dir='ltr'><strong>Religione</strong></span> <span class='ocrx_word' id='word_1_127' title='bbox 1791 2380 1869 2451; x_wconf 92' lang='lat' dir='ltr'><strong>quod</strong></span> <span class='ocrx_word' id='word_1_128' title='bbox 1893 2382 1998 2435; x_wconf 75' lang='lat' dir='ltr'><strong>Deus⁸</strong></span> <span class='ocrx_word' id='word_1_129' title='bbox 2020 2380 2239 2434; x_wconf 77' lang='lat' dir='ltr'><strong>universitatem</strong></span> <span class='ocrx_word' id='word_1_130' title='bbox 2260 2398 2355 2433; x_wconf 91' lang='lat' dir='ltr'><strong>rerum</strong></span> <span class='ocrx_word' id='word_1_131' title='bbox 2376 2380 2502 2445; x_wconf 85' lang='lat' dir='ltr'><strong>inchoat,</strong></span> 
     </span>
     <span class='ocr_line' id='line_1_12' title="bbox 1026 2478 2503 2552; baseline -0.002 -18"><span class='ocrx_word' id='word_1_132' title='bbox 1026 2480 1156 2534; x_wconf 88' lang='lat' dir='ltr'><strong>continet</strong></span> <span class='ocrx_word' id='word_1_133' title='bbox 1176 2492 1205 2533; x_wconf 89' lang='lat' dir='ltr'><strong>et</strong></span> <span class='ocrx_word' id='word_1_134' title='bbox 1224 2480 1347 2552; x_wconf 81' lang='lat' dir='ltr'><strong>perlicit.</strong></span> <span class='ocrx_word' id='word_1_135' title='bbox 1370 2479 1431 2533; x_wconf 88' lang='lat' dir='ltr'><strong>Sed</strong></span> <span class='ocrx_word' id='word_1_136' title='bbox 1453 2480 1548 2532; x_wconf 64' lang='lat' dir='ltr'><strong>illud*</strong></span> <span class='ocrx_word' id='word_1_137' title='bbox 1570 2479 1598 2533; x_wconf 93' lang='lat' dir='ltr'><strong>in</strong></span> <span class='ocrx_word' id='word_1_138' title='bbox 1621 2497 1679 2551; x_wconf 91' lang='lat' dir='ltr'><strong>quo</strong></span> <span class='ocrx_word' id='word_1_139' title='bbox 1702 2488 1748 2533; x_wconf 90' lang='lat' dir='ltr'><strong>est</strong></span> <span class='ocrx_word' id='word_1_140' title='bbox 1770 2479 1920 2550; x_wconf 89' lang='lat' dir='ltr'><strong>possibilis</strong></span> <span class='ocrx_word' id='word_1_141' title='bbox 1942 2496 2099 2550; x_wconf 80' lang='lat' dir='ltr'><strong>processus</strong></span> <span class='ocrx_word' id='word_1_142' title='bbox 2121 2478 2148 2532; x_wconf 93' lang='lat' dir='ltr'><strong>in</strong></span> <span class='ocrx_word' id='word_1_143' title='bbox 2168 2478 2336 2532; x_wconf 73' lang='lat' dir='ltr'><strong>infinituml</strong></span> <span class='ocrx_word' id='word_1_144' title='bbox 2355 2496 2503 2548; x_wconf 85' lang='lat' dir='ltr'><strong>nunquam</strong></span> 
     </span>
     <span class='ocr_line' id='line_1_13' title="bbox 1025 2578 1459 2650; baseline 0 -19"><span class='ocrx_word' id='word_1_145' title='bbox 1025 2578 1183 2650; x_wconf 83' lang='lat' dir='ltr'><strong>perficitur.</strong></span> <span class='ocrx_word' id='word_1_146' title='bbox 1204 2579 1283 2649; x_wconf 79' lang='lat' dir='ltr'><strong>Ergo</strong></span> <span class='ocrx_word' id='word_1_147' title='bbox 1303 2587 1332 2631; x_wconf 90' lang='lat' dir='ltr'><strong>et</strong></span> <span class='ocrx_word' id='word_1_148' title='bbox 1351 2588 1459 2631; x_wconf 84' lang='lat' dir='ltr'><strong>cetera.</strong></span> 
     </span>
    </p>
   </div>
   <div class='ocr_carea' id='block_1_3' title="bbox 1115 2675 2503 2754">
    <p class='ocr_par' dir='ltr' id='par_1_4' title="bbox 1115 2675 2503 2754">
     <span class='ocr_line' id='line_1_14' title="bbox 1115 2675 2503 2754; baseline -0.001 -25"><span class='ocrx_word' id='word_1_149' title='bbox 1115 2676 1253 2729; x_wconf 88' lang='lat' dir='ltr'><strong>Secundo</strong></span> <span class='ocrx_word' id='word_1_150' title='bbox 1282 2676 1358 2729; x_wconf 87' lang='lat' dir='ltr'><strong>idem</strong></span> <span class='ocrx_word' id='word_1_151' title='bbox 1388 2679 1495 2746; x_wconf 76' lang='lat' dir='ltr'><strong>patet⁰</strong></span> <span class='ocrx_word' id='word_1_152' title='bbox 1522 2695 1559 2729; x_wconf 84' lang='lat' dir='ltr'><strong>ex</strong></span> <span class='ocrx_word' id='word_1_153' title='bbox 1587 2675 1760 2729; x_wconf 84' lang='lat' dir='ltr'><strong>limitatione</strong></span> <span class='ocrx_word' id='word_1_154' title='bbox 1781 2685 1943 2741; x_wconf 81' lang='lat' dir='ltr'><strong>creaturae,</strong></span> <span class='ocrx_word' id='word_1_155' title='bbox 1963 2676 2031 2747; x_wconf 90' lang='lat' dir='ltr'><strong>quia</strong></span> <span class='ocrx_word' id='word_1_156' title='bbox 2055 2675 2189 2754; x_wconf 80' lang='lat' dir='ltr'><strong>limitatio</strong></span> <span class='ocrx_word' id='word_1_157' title='bbox 2212 2684 2363 2729; x_wconf 85' lang='lat' dir='ltr'><strong>creaturae</strong></span> <span class='ocrx_word' id='word_1_158' title='bbox 2384 2675 2503 2746; x_wconf 89' lang='lat' dir='ltr'><strong>requirit</strong></span> 
     </span>
    </p>
   </div>
   <div class='ocr_carea' id='block_1_4' title="bbox 1023 2773 2506 5099">
    <p class='ocr_par' dir='ltr' id='par_1_5' title="bbox 1025 2773 2505 4315">
     <span class='ocr_line' id='line_1_15' title="bbox 1026 2773 2503 2845; baseline 0 -19"><span class='ocrx_word' id='word_1_159' title='bbox 1026 2773 1245 2828; x_wconf 73' lang='lat' dir='ltr'><strong>uniresitatem</strong></span> <span class='ocrx_word' id='word_1_160' title='bbox 1274 2784 1472 2827; x_wconf 83' lang='lat' dir='ltr'><strong>creaturarum</strong></span> <span class='ocrx_word' id='word_1_161' title='bbox 1501 2792 1559 2827; x_wconf 87' lang='lat' dir='ltr'><strong>non</strong></span> <span class='ocrx_word' id='word_1_162' title='bbox 1588 2774 1681 2827; x_wconf 90' lang='lat' dir='ltr'><strong>solum</strong></span> <span class='ocrx_word' id='word_1_163' title='bbox 1711 2774 1887 2827; x_wconf 81' lang='lat' dir='ltr'><strong>existentem</strong></span> <span class='ocrx_word' id='word_1_164' title='bbox 1916 2773 1969 2827; x_wconf 88' lang='lat' dir='ltr'><strong>sed</strong></span> <span class='ocrx_word' id='word_1_165' title='bbox 1997 2774 2085 2827; x_wconf 88' lang='lat' dir='ltr'><strong>etiam</strong></span> <span class='ocrx_word' id='word_1_166' title='bbox 2119 2773 2290 2845; x_wconf 88' lang='lat' dir='ltr'><strong>possibilem</strong></span> <span class='ocrx_word' id='word_1_167' title='bbox 2321 2773 2419 2826; x_wconf 81' lang='lat' dir='ltr'><strong>claudi</strong></span> <span class='ocrx_word' id='word_1_168' title='bbox 2449 2774 2503 2826; x_wconf 94' lang='lat' dir='ltr'><strong>sub</strong></span> 
     </span>
     <span class='ocr_line' id='line_1_16' title="bbox 1026 2871 2504 2943; baseline 0 -18"><span class='ocrx_word' id='word_1_169' title='bbox 1026 2871 1226 2925; x_wconf 84' lang='lat' dir='ltr'><strong>determinatis</strong></span> <span class='ocrx_word' id='word_1_170' title='bbox 1254 2873 1420 2943; x_wconf 73' lang='lat' dir='ltr'><strong>generibus.</strong></span> <span class='ocrx_word' id='word_1_171' title='bbox 1446 2872 1506 2926; x_wconf 85' lang='lat' dir='ltr'><strong>Sed</strong></span> <span class='ocrx_word' id='word_1_172' title='bbox 1532 2873 1559 2925; x_wconf 92' lang='lat' dir='ltr'><strong>in</strong></span> <span class='ocrx_word' id='word_1_173' title='bbox 1585 2873 1629 2925; x_wconf 84' lang='lat' dir='ltr'><strong>eis</strong></span> <span class='ocrx_word' id='word_1_174' title='bbox 1655 2890 1731 2942; x_wconf 85' lang='lat' dir='ltr'><strong>quae</strong></span> <span class='ocrx_word' id='word_1_175' title='bbox 1760 2873 1802 2925; x_wconf 94' lang='lat' dir='ltr'><strong>sic</strong></span> <span class='ocrx_word' id='word_1_176' title='bbox 1831 2871 2006 2925; x_wconf 90' lang='lat' dir='ltr'><strong>clauduntur</strong></span> <span class='ocrx_word' id='word_1_177' title='bbox 2033 2890 2092 2924; x_wconf 90' lang='lat' dir='ltr'><strong>non</strong></span> <span class='ocrx_word' id='word_1_178' title='bbox 2121 2883 2187 2925; x_wconf 91' lang='lat' dir='ltr'><strong>sunt</strong></span> <span class='ocrx_word' id='word_1_179' title='bbox 2216 2871 2372 2943; x_wconf 89' lang='lat' dir='ltr'><strong>possibiles</strong></span> <span class='ocrx_word' id='word_1_180' title='bbox 2401 2871 2504 2925; x_wconf 89' lang='lat' dir='ltr'><strong>intiniti</strong></span> 
     </span>
     <span class='ocr_line' id='line_1_17' title="bbox 1027 2969 2504 3042; baseline -0.001 -19"><span class='ocrx_word' id='word_1_181' title='bbox 1027 2969 1144 3042; x_wconf 80' lang='lat' dir='ltr'><strong>gradus.</strong></span> <span class='ocrx_word' id='word_1_182' title='bbox 1174 2970 1251 3042; x_wconf 74' lang='lat' dir='ltr'><strong>Ergo</strong></span> <span class='ocrx_word' id='word_1_183' title='bbox 1274 2979 1303 3023; x_wconf 87' lang='lat' dir='ltr'><strong>et</strong></span> <span class='ocrx_word' id='word_1_184' title='bbox 1326 2980 1433 3024; x_wconf 90' lang='lat' dir='ltr'><strong>cetera.</strong></span> <span class='ocrx_word' id='word_1_185' title='bbox 1463 2970 1601 3023; x_wconf 83' lang='lat' dir='ltr'><strong>l&#39;robatio</strong></span> <span class='ocrx_word' id='word_1_186' title='bbox 1629 2971 1757 3036; x_wconf 88' lang='lat' dir='ltr'><strong>maioris,</strong></span> <span class='ocrx_word' id='word_1_187' title='bbox 1782 2971 1850 3041; x_wconf 92' lang='lat' dir='ltr'><strong>quia</strong></span> <span class='ocrx_word' id='word_1_188' title='bbox 1877 2971 2060 3041; x_wconf 74' lang='lat' dir='ltr'><strong>Augustinus</strong></span> <span class='ocrx_word' id='word_1_189' title='bbox 2079 2970 2119 3035; x_wconf 68' lang='lat'><strong>⁴53)</strong></span> <span class='ocrx_word' id='word_1_190' title='bbox 2149 2970 2219 3023; x_wconf 88' lang='lat' dir='ltr'><strong>dicit</strong></span> <span class='ocrx_word' id='word_1_191' title='bbox 2238 2974 2258 3000; x_wconf 75' lang='lat'><strong>¹⁰</strong></span> <span class='ocrx_word' id='word_1_192' title='bbox 2286 2970 2387 3039; x_wconf 88' lang='lat' dir='ltr'><strong>quinto</strong></span> <span class='ocrx_word' id='word_1_193' title='bbox 2416 2987 2504 3040; x_wconf 87' lang='lat' dir='ltr'><strong>snper</strong></span> 
     </span>
     <span class='ocr_line' id='line_1_18' title="bbox 1027 3067 2505 3140; baseline 0 -19"><span class='ocrx_word' id='word_1_194' title='bbox 1027 3068 1177 3133; x_wconf 83' lang='lat' dir='ltr'><strong>Genesim,</strong></span> <span class='ocrx_word' id='word_1_195' title='bbox 1206 3067 1349 3137; x_wconf 75' lang='lat' dir='ltr'><strong>vigesimo</strong></span> <span class='ocrx_word' id='word_1_196' title='bbox 1377 3068 1471 3139; x_wconf 89' lang='lat' dir='ltr'><strong>primo</strong></span> <span class='ocrx_word' id='word_1_197' title='bbox 1500 3068 1639 3139; x_wconf 83' lang='lat' dir='ltr'><strong>capitulo,</strong></span> <span class='ocrx_word' id='word_1_198' title='bbox 1659 3069 1738 3139; x_wconf 91' lang='lat' dir='ltr'><strong>quod</strong></span> <span class='ocrx_word' id='word_1_199' title='bbox 1768 3068 1929 3122; x_wconf 85' lang='lat' dir='ltr'><strong>secundum</strong></span> <span class='ocrx_word' id='word_1_200' title='bbox 1959 3086 2068 3136; x_wconf 68' lang='lat' dir='ltr'><strong>genera</strong></span> <span class='ocrx_word' id='word_1_201' title='bbox 2100 3086 2176 3138; x_wconf 87' lang='lat' dir='ltr'><strong>quae</strong></span> <span class='ocrx_word' id='word_1_202' title='bbox 2205 3068 2330 3140; x_wconf 92' lang='lat' dir='ltr'><strong>primum</strong></span> <span class='ocrx_word' id='word_1_203' title='bbox 2362 3068 2505 3134; x_wconf 82' lang='lat' dir='ltr'><strong>condidit,</strong></span> 
     </span>
     <span class='ocr_line' id='line_1_19' title="bbox 1026 3165 2504 3238; baseline -0.001 -19"><span class='ocrx_word' id='word_1_204' title='bbox 1026 3183 1103 3219; x_wconf 78' lang='lat' dir='ltr'><strong>nova</strong></span> <span class='ocrx_word' id='word_1_205' title='bbox 1132 3183 1197 3218; x_wconf 90' lang='lat' dir='ltr'><strong>eum</strong></span> <span class='ocrx_word' id='word_1_206' title='bbox 1226 3167 1316 3218; x_wconf 84' lang='lat' dir='ltr'><strong>multa</strong></span> <span class='ocrx_word' id='word_1_207' title='bbox 1347 3166 1445 3220; x_wconf 82' lang='lat' dir='ltr'><strong>facere</strong></span> <span class='ocrx_word' id='word_1_208' title='bbox 1474 3184 1549 3238; x_wconf 88' lang='lat' dir='ltr'><strong>quae</strong></span> <span class='ocrx_word' id='word_1_209' title='bbox 1577 3176 1645 3220; x_wconf 92' lang='lat' dir='ltr'><strong>tunc</strong></span> <span class='ocrx_word' id='word_1_210' title='bbox 1675 3185 1733 3219; x_wconf 85' lang='lat' dir='ltr'><strong>non</strong></span> <span class='ocrx_word' id='word_1_211' title='bbox 1762 3165 1833 3220; x_wconf 86' lang='lat' dir='ltr'><strong>fecit</strong></span> <span class='ocrx_word' id='word_1_212' title='bbox 1864 3165 2049 3219; x_wconf 73' lang='lat' dir='ltr'><strong>manifestum</strong></span> <span class='ocrx_word' id='word_1_213' title='bbox 2075 3176 2129 3225; x_wconf 88' lang='lat' dir='ltr'><strong>est.</strong></span> <span class='ocrx_word' id='word_1_214' title='bbox 2154 3183 2262 3219; x_wconf 77' lang='lat' dir='ltr'><strong>norum</strong></span> <span class='ocrx_word' id='word_1_215' title='bbox 2288 3176 2384 3219; x_wconf 88' lang='lat' dir='ltr'><strong>autem</strong></span> <span class='ocrx_word' id='word_1_216' title='bbox 2411 3184 2504 3236; x_wconf 72' lang='lat' dir='ltr'><strong>genus</strong></span> 
     </span>
     <span class='ocr_line' id='line_1_20' title="bbox 1025 3263 2503 3339; baseline -0.001 -23"><span class='ocrx_word' id='word_1_217' title='bbox 1025 3263 1177 3317; x_wconf 85' lang='lat' dir='ltr'><strong>instituere</strong></span> <span class='ocrx_word' id='word_1_218' title='bbox 1197 3272 1277 3317; x_wconf 86' lang='lat' dir='ltr'><strong>recte</strong></span> <span class='ocrx_word' id='word_1_219' title='bbox 1297 3263 1376 3317; x_wconf 89' lang='lat' dir='ltr'><strong>credi</strong></span> <span class='ocrx_word' id='word_1_220' title='bbox 1397 3282 1453 3317; x_wconf 90' lang='lat' dir='ltr'><strong>non</strong></span> <span class='ocrx_word' id='word_1_221' title='bbox 1475 3273 1581 3333; x_wconf 88' lang='lat' dir='ltr'><strong>potest.</strong></span> <span class='ocrx_word' id='word_1_222' title='bbox 1604 3265 1638 3317; x_wconf 85' lang='lat' dir='ltr'><strong>Et</strong></span> <span class='ocrx_word' id='word_1_223' title='bbox 1658 3265 1701 3317; x_wconf 82' lang='lat' dir='ltr'><strong>sic</strong></span> <span class='ocrx_word' id='word_1_224' title='bbox 1721 3264 1881 3317; x_wconf 86' lang='lat' dir='ltr'><strong>secundnm</strong></span> <span class='ocrx_word' id='word_1_225' title='bbox 1902 3282 1967 3317; x_wconf 88' lang='lat' dir='ltr'><strong>eum</strong></span> <span class='ocrx_word' id='word_1_226' title='bbox 1987 3282 2045 3317; x_wconf 81' lang='lat' dir='ltr'><strong>non</strong></span> <span class='ocrx_word' id='word_1_227' title='bbox 2059 3274 2188 3335; x_wconf 76' lang='lat' dir='ltr'><strong>‘possunt</strong></span> <span class='ocrx_word' id='word_1_228' title='bbox 2208 3281 2273 3317; x_wconf 89' lang='lat' dir='ltr'><strong>esse</strong></span> <span class='ocrx_word' id='word_1_229' title='bbox 2293 3264 2376 3334; x_wconf 90' lang='lat' dir='ltr'><strong>plura</strong></span> <span class='ocrx_word' id='word_1_230' title='bbox 2395 3281 2503 3339; x_wconf 66' lang='lat' dir='ltr'><strong>genera</strong></span> 
     </span>
     <span class='ocr_line' id='line_1_21' title="bbox 1026 3361 2504 3433; baseline 0 -19"><span class='ocrx_word' id='word_1_231' title='bbox 1026 3372 1224 3415; x_wconf 80' lang='lat' dir='ltr'><strong>creaturarum</strong></span> <span class='ocrx_word' id='word_1_232' title='bbox 1253 3380 1339 3432; x_wconf 90' lang='lat' dir='ltr'><strong>quam</strong></span> <span class='ocrx_word' id='word_1_233' title='bbox 1369 3361 1434 3415; x_wconf 88' lang='lat' dir='ltr'><strong>sint.</strong></span> <span class='ocrx_word' id='word_1_234' title='bbox 1463 3363 1557 3415; x_wconf 78' lang='lat' dir='ltr'><strong>Minor</strong></span> <span class='ocrx_word' id='word_1_235' title='bbox 1584 3362 1672 3415; x_wconf 83' lang='lat' dir='ltr'><strong>etiam</strong></span> <span class='ocrx_word' id='word_1_236' title='bbox 1705 3364 1854 3432; x_wconf 83' lang='lat' dir='ltr'><strong>probatur,</strong></span> <span class='ocrx_word' id='word_1_237' title='bbox 1887 3363 1955 3433; x_wconf 90' lang='lat' dir='ltr'><strong>quia</strong></span> <span class='ocrx_word' id='word_1_238' title='bbox 1987 3363 2095 3415; x_wconf 90' lang='lat' dir='ltr'><strong>nullum</strong></span> <span class='ocrx_word' id='word_1_239' title='bbox 2127 3379 2220 3431; x_wconf 72' lang='lat' dir='ltr'><strong>genus</strong></span> <span class='ocrx_word' id='word_1_240' title='bbox 2251 3361 2360 3414; x_wconf 79' lang='lat' dir='ltr'><strong>claudit</strong></span> <span class='ocrx_word' id='word_1_241' title='bbox 2392 3361 2504 3414; x_wconf 86' lang='lat' dir='ltr'><strong>infinita</strong></span> 
     </span>
     <span class='ocr_line' id='line_1_22' title="bbox 1026 3459 2503 3531; baseline 0.001 -19"><span class='ocrx_word' id='word_1_242' title='bbox 1026 3460 1133 3513; x_wconf 62' lang='lat' dir='ltr'><strong>virtute</strong></span> <span class='ocrx_word' id='word_1_243' title='bbox 1162 3460 1229 3530; x_wconf 85' lang='lat' dir='ltr'><strong>quia</strong></span> <span class='ocrx_word' id='word_1_244' title='bbox 1259 3461 1313 3513; x_wconf 87' lang='lat' dir='ltr'><strong>boc</strong></span> <span class='ocrx_word' id='word_1_245' title='bbox 1339 3471 1383 3514; x_wconf 85' lang='lat' dir='ltr'><strong>est</strong></span> <span class='ocrx_word' id='word_1_246' title='bbox 1408 3460 1500 3513; x_wconf 85' lang='lat' dir='ltr'><strong>solius</strong></span> <span class='ocrx_word' id='word_1_247' title='bbox 1526 3462 1580 3513; x_wconf 76' lang='lat' dir='ltr'><strong>Dei</strong></span> <span class='ocrx_word' id='word_1_248' title='bbox 1610 3459 1658 3531; x_wconf 89' lang='lat' dir='ltr'><strong>qni</strong></span> <span class='ocrx_word' id='word_1_249' title='bbox 1688 3471 1733 3513; x_wconf 83' lang='lat' dir='ltr'><strong>est</strong></span> <span class='ocrx_word' id='word_1_250' title='bbox 1761 3471 1843 3514; x_wconf 76' lang='lat' dir='ltr'><strong>extra</strong></span> <span class='ocrx_word' id='word_1_251' title='bbox 1872 3477 1974 3527; x_wconf 60' lang='lat' dir='ltr'><strong>penus.</strong></span> <span class='ocrx_word' id='word_1_252' title='bbox 2003 3460 2062 3514; x_wconf 90' lang='lat' dir='ltr'><strong>Sed</strong></span> <span class='ocrx_word' id='word_1_253' title='bbox 2091 3479 2185 3527; x_wconf 71' lang='lat' dir='ltr'><strong>genus</strong></span> <span class='ocrx_word' id='word_1_254' title='bbox 2214 3459 2367 3530; x_wconf 84' lang='lat' dir='ltr'><strong>quodlibet</strong></span> <span class='ocrx_word' id='word_1_255' title='bbox 2398 3460 2503 3513; x_wconf 76' lang='lat' dir='ltr'><strong>virtute</strong></span> 
     </span>
     <span class='ocr_line' id='line_1_23' title="bbox 1026 3557 2504 3629; baseline 0 -18"><span class='ocrx_word' id='word_1_256' title='bbox 1026 3557 1136 3611; x_wconf 88' lang='lat' dir='ltr'><strong>claudit</strong></span> <span class='ocrx_word' id='word_1_257' title='bbox 1156 3557 1337 3611; x_wconf 73' lang='lat' dir='ltr'><strong>differentias</strong></span> <span class='ocrx_word' id='word_1_258' title='bbox 1356 3575 1432 3611; x_wconf 81' lang='lat' dir='ltr'><strong>suas.</strong></span> <span class='ocrx_word' id='word_1_259' title='bbox 1455 3559 1533 3625; x_wconf 67' lang='lat' dir='ltr'><strong>Ergo</strong></span> <span class='ocrx_word' id='word_1_260' title='bbox 1556 3558 1662 3611; x_wconf 78' lang='lat' dir='ltr'><strong>nullius</strong></span> <span class='ocrx_word' id='word_1_261' title='bbox 1684 3558 1802 3629; x_wconf 76' lang='lat' dir='ltr'><strong>generis</strong></span> <span class='ocrx_word' id='word_1_262' title='bbox 1824 3568 1891 3612; x_wconf 90' lang='lat' dir='ltr'><strong>sunt</strong></span> <span class='ocrx_word' id='word_1_263' title='bbox 1914 3558 2044 3612; x_wconf 83' lang='lat' dir='ltr'><strong>infinitae</strong></span> <span class='ocrx_word' id='word_1_264' title='bbox 2068 3559 2260 3623; x_wconf 75' lang='lat' dir='ltr'><strong>differentiae,</strong></span> <span class='ocrx_word' id='word_1_265' title='bbox 2283 3576 2336 3611; x_wconf 91' lang='lat' dir='ltr'><strong>nec</strong></span> <span class='ocrx_word' id='word_1_266' title='bbox 2359 3576 2413 3629; x_wconf 90' lang='lat' dir='ltr'><strong>per</strong></span> <span class='ocrx_word' id='word_1_267' title='bbox 2435 3576 2504 3611; x_wconf 91' lang='lat' dir='ltr'><strong>con-</strong></span> 
     </span>
     <span class='ocr_line' id='line_1_24' title="bbox 1026 3655 2503 3728; baseline 0.002 -21"><span class='ocrx_word' id='word_1_268' title='bbox 1026 3672 1153 3725; x_wconf 68' lang='lat' dir='ltr'><strong>sequens</strong></span> <span class='ocrx_word' id='word_1_269' title='bbox 1182 3655 1311 3709; x_wconf 85' lang='lat' dir='ltr'><strong>intinitae</strong></span> <span class='ocrx_word' id='word_1_270' title='bbox 1339 3657 1454 3727; x_wconf 88' lang='lat' dir='ltr'><strong>species</strong></span> <span class='ocrx_word' id='word_1_271' title='bbox 1483 3656 1643 3710; x_wconf 84' lang='lat' dir='ltr'><strong>existentes</strong></span> <span class='ocrx_word' id='word_1_272' title='bbox 1666 3657 1711 3710; x_wconf 76' lang='lat' dir='ltr'><strong>vel</strong></span> <span class='ocrx_word' id='word_1_273' title='bbox 1736 3657 1903 3728; x_wconf 84' lang='lat' dir='ltr'><strong>possibiles.</strong></span> <span class='ocrx_word' id='word_1_274' title='bbox 1923 3656 1959 3709; x_wconf 90' lang='lat' dir='ltr'><strong>Et</strong></span> <span class='ocrx_word' id='word_1_275' title='bbox 1978 3656 2020 3709; x_wconf 86' lang='lat' dir='ltr'><strong>sic</strong></span> <span class='ocrx_word' id='word_1_276' title='bbox 2041 3667 2122 3727; x_wconf 84' lang='lat' dir='ltr'><strong>paret</strong></span> <span class='ocrx_word' id='word_1_277' title='bbox 2141 3655 2220 3726; x_wconf 84' lang='lat' dir='ltr'><strong>qnod</strong></span> <span class='ocrx_word' id='word_1_278' title='bbox 2241 3674 2299 3710; x_wconf 86' lang='lat' dir='ltr'><strong>non</strong></span> <span class='ocrx_word' id='word_1_279' title='bbox 2319 3666 2418 3726; x_wconf 84' lang='lat' dir='ltr'><strong>potest</strong></span> <span class='ocrx_word' id='word_1_280' title='bbox 2437 3674 2503 3710; x_wconf 89' lang='lat' dir='ltr'><strong>esse</strong></span> 
     </span>
     <span class='ocr_line' id='line_1_25' title="bbox 1027 3752 2502 3825; baseline 0.001 -20"><span class='ocrx_word' id='word_1_281' title='bbox 1027 3752 1154 3806; x_wconf 88' lang='lat' dir='ltr'><strong>infinitas</strong></span> <span class='ocrx_word' id='word_1_282' title='bbox 1179 3753 1207 3806; x_wconf 95' lang='lat' dir='ltr'><strong>in</strong></span> <span class='ocrx_word' id='word_1_283' title='bbox 1226 3757 1244 3785; x_wconf 87' lang='lat'><strong>¹¹</strong></span> <span class='ocrx_word' id='word_1_284' title='bbox 1270 3753 1326 3807; x_wconf 90' lang='lat' dir='ltr'><strong>illis</strong></span> <span class='ocrx_word' id='word_1_285' title='bbox 1351 3771 1426 3824; x_wconf 90' lang='lat' dir='ltr'><strong>quae</strong></span> <span class='ocrx_word' id='word_1_286' title='bbox 1452 3755 1638 3808; x_wconf 63' lang='lat' dir='ltr'><strong>continentur</strong></span> <span class='ocrx_word' id='word_1_287' title='bbox 1663 3755 1717 3807; x_wconf 90' lang='lat' dir='ltr'><strong>snb</strong></span> <span class='ocrx_word' id='word_1_288' title='bbox 1743 3754 1944 3808; x_wconf 86' lang='lat' dir='ltr'><strong>determinatis</strong></span> <span class='ocrx_word' id='word_1_289' title='bbox 1968 3755 2136 3824; x_wconf 81' lang='lat' dir='ltr'><strong>generibus.</strong></span> <span class='ocrx_word' id='word_1_290' title='bbox 2156 3755 2229 3807; x_wconf 83' lang='lat' dir='ltr'><strong>Itein</strong></span> <span class='ocrx_word' id='word_1_291' title='bbox 2250 3754 2386 3825; x_wconf 86' lang='lat' dir='ltr'><strong>analogia</strong></span> <span class='ocrx_word' id='word_1_292' title='bbox 2408 3772 2502 3807; x_wconf 91' lang='lat' dir='ltr'><strong>rerum</strong></span> 
     </span>
     <span class='ocr_line' id='line_1_26' title="bbox 1026 3850 2504 3923; baseline 0.001 -20"><span class='ocrx_word' id='word_1_293' title='bbox 1026 3851 1147 3920; x_wconf 87' lang='lat' dir='ltr'><strong>requirit</strong></span> <span class='ocrx_word' id='word_1_294' title='bbox 1176 3850 1254 3920; x_wconf 91' lang='lat' dir='ltr'><strong>quod</strong></span> <span class='ocrx_word' id='word_1_295' title='bbox 1282 3853 1380 3905; x_wconf 88' lang='lat' dir='ltr'><strong>omnia</strong></span> <span class='ocrx_word' id='word_1_296' title='bbox 1408 3870 1516 3919; x_wconf 67' lang='lat' dir='ltr'><strong>genera</strong></span> <span class='ocrx_word' id='word_1_297' title='bbox 1539 3852 1648 3906; x_wconf 90' lang='lat' dir='ltr'><strong>entium</strong></span> <span class='ocrx_word' id='word_1_298' title='bbox 1671 3853 1799 3906; x_wconf 86' lang='lat' dir='ltr'><strong>habeant</strong></span> <span class='ocrx_word' id='word_1_299' title='bbox 1822 3852 2040 3905; x_wconf 83' lang='lat' dir='ltr'><strong>attributionem</strong></span> <span class='ocrx_word' id='word_1_300' title='bbox 2062 3851 2099 3904; x_wconf 80' lang='lat' dir='ltr'><strong>al</strong></span> <span class='ocrx_word' id='word_1_301' title='bbox 2118 3851 2237 3922; x_wconf 88' lang='lat' dir='ltr'><strong>aliquod</strong></span> <span class='ocrx_word' id='word_1_302' title='bbox 2257 3852 2382 3923; x_wconf 90' lang='lat' dir='ltr'><strong>primum</strong></span> <span class='ocrx_word' id='word_1_303' title='bbox 2401 3869 2504 3923; x_wconf 81' lang='lat' dir='ltr'><strong>genus,</strong></span> 
     </span>
     <span class='ocr_line' id='line_1_27' title="bbox 1027 3947 2504 4021; baseline 0.001 -19"><span class='ocrx_word' id='word_1_304' title='bbox 1027 3955 1056 4002; x_wconf 88' lang='lat' dir='ltr'><strong>et</strong></span> <span class='ocrx_word' id='word_1_305' title='bbox 1081 3947 1178 4001; x_wconf 90' lang='lat' dir='ltr'><strong>omnia</strong></span> <span class='ocrx_word' id='word_1_306' title='bbox 1204 3948 1280 4002; x_wconf 92' lang='lat' dir='ltr'><strong>illius</strong></span> <span class='ocrx_word' id='word_1_307' title='bbox 1304 3949 1388 4020; x_wconf 88' lang='lat' dir='ltr'><strong>primi</strong></span> <span class='ocrx_word' id='word_1_308' title='bbox 1412 3951 1529 4017; x_wconf 70' lang='lat' dir='ltr'><strong>generis</strong></span> <span class='ocrx_word' id='word_1_309' title='bbox 1554 3951 1731 4004; x_wconf 88' lang='lat' dir='ltr'><strong>reducantur</strong></span> <span class='ocrx_word' id='word_1_310' title='bbox 1756 3950 1793 4003; x_wconf 90' lang='lat' dir='ltr'><strong>ad</strong></span> <span class='ocrx_word' id='word_1_311' title='bbox 1820 3950 1939 4020; x_wconf 86' lang='lat' dir='ltr'><strong>aliquod</strong></span> <span class='ocrx_word' id='word_1_312' title='bbox 1968 3950 2092 4020; x_wconf 88' lang='lat' dir='ltr'><strong>primum</strong></span> <span class='ocrx_word' id='word_1_313' title='bbox 2119 3950 2195 4003; x_wconf 92' lang='lat' dir='ltr'><strong>illius</strong></span> <span class='ocrx_word' id='word_1_314' title='bbox 2219 3950 2337 4021; x_wconf 77' lang='lat' dir='ltr'><strong>generis</strong></span> <span class='ocrx_word' id='word_1_315' title='bbox 2362 3950 2441 4020; x_wconf 92' lang='lat' dir='ltr'><strong>quod</strong></span> <span class='ocrx_word' id='word_1_316' title='bbox 2466 3951 2504 4004; x_wconf 90' lang='lat' dir='ltr'><strong>sit</strong></span> 
     </span>
     <span class='ocr_line' id='line_1_28' title="bbox 1026 4047 2504 4115; baseline 0.001 -17"><span class='ocrx_word' id='word_1_317' title='bbox 1026 4063 1162 4099; x_wconf 87' lang='lat' dir='ltr'><strong>mensura</strong></span> <span class='ocrx_word' id='word_1_318' title='bbox 1191 4047 1318 4099; x_wconf 91' lang='lat' dir='ltr'><strong>omnium</strong></span> <span class='ocrx_word' id='word_1_319' title='bbox 1347 4047 1424 4100; x_wconf 91' lang='lat' dir='ltr'><strong>illius</strong></span> <span class='ocrx_word' id='word_1_320' title='bbox 1439 4050 1460 4079; x_wconf 77' lang='lat'><strong>¹²</strong></span> <span class='ocrx_word' id='word_1_321' title='bbox 1487 4049 1604 4115; x_wconf 68' lang='lat' dir='ltr'><strong>generis</strong></span> <span class='ocrx_word' id='word_1_322' title='bbox 1632 4066 1689 4102; x_wconf 76' lang='lat' dir='ltr'><strong>non</strong></span> <span class='ocrx_word' id='word_1_323' title='bbox 1720 4049 1812 4102; x_wconf 91' lang='lat' dir='ltr'><strong>solum</strong></span> <span class='ocrx_word' id='word_1_324' title='bbox 1841 4048 1916 4102; x_wconf 88' lang='lat' dir='ltr'><strong>sicut</strong></span> <span class='ocrx_word' id='word_1_325' title='bbox 1946 4065 2080 4101; x_wconf 88' lang='lat' dir='ltr'><strong>mensura</strong></span> <span class='ocrx_word' id='word_1_326' title='bbox 2109 4057 2191 4101; x_wconf 80' lang='lat' dir='ltr'><strong>extra</strong></span> <span class='ocrx_word' id='word_1_327' title='bbox 2216 4065 2318 4115; x_wconf 67' lang='lat' dir='ltr'><strong>genus</strong></span> <span class='ocrx_word' id='word_1_328' title='bbox 2347 4047 2399 4101; x_wconf 88' lang='lat' dir='ltr'><strong>sed</strong></span> <span class='ocrx_word' id='word_1_329' title='bbox 2429 4047 2504 4101; x_wconf 84' lang='lat' dir='ltr'><strong>sicut</strong></span> 
     </span>
     <span class='ocr_line' id='line_1_29' title="bbox 1027 4143 2504 4216; baseline 0.001 -20"><span class='ocrx_word' id='word_1_330' title='bbox 1027 4161 1162 4197; x_wconf 90' lang='lat' dir='ltr'><strong>mensura</strong></span> <span class='ocrx_word' id='word_1_331' title='bbox 1181 4143 1209 4197; x_wconf 94' lang='lat' dir='ltr'><strong>in</strong></span> <span class='ocrx_word' id='word_1_332' title='bbox 1228 4162 1346 4215; x_wconf 80' lang='lat' dir='ltr'><strong>genere.</strong></span> <span class='ocrx_word' id='word_1_333' title='bbox 1366 4145 1426 4198; x_wconf 85' lang='lat' dir='ltr'><strong>Sed</strong></span> <span class='ocrx_word' id='word_1_334' title='bbox 1446 4146 1473 4199; x_wconf 92' lang='lat' dir='ltr'><strong>in</strong></span> <span class='ocrx_word' id='word_1_335' title='bbox 1492 4148 1511 4178; x_wconf 76' lang='lat'><strong>¹⁸</strong></span> <span class='ocrx_word' id='word_1_336' title='bbox 1529 4146 1649 4200; x_wconf 83' lang='lat' dir='ltr'><strong>infinitis</strong></span> <span class='ocrx_word' id='word_1_337' title='bbox 1672 4165 1729 4200; x_wconf 90' lang='lat' dir='ltr'><strong>non</strong></span> <span class='ocrx_word' id='word_1_338' title='bbox 1754 4156 1798 4200; x_wconf 87' lang='lat' dir='ltr'><strong>est</strong></span> <span class='ocrx_word' id='word_1_339' title='bbox 1821 4146 1891 4199; x_wconf 85' lang='lat' dir='ltr'><strong>dare</strong></span> <span class='ocrx_word' id='word_1_340' title='bbox 1915 4146 2047 4216; x_wconf 90' lang='lat' dir='ltr'><strong>primum.</strong></span> <span class='ocrx_word' id='word_1_341' title='bbox 2069 4146 2146 4215; x_wconf 81' lang='lat' dir='ltr'><strong>Ergo</strong></span> <span class='ocrx_word' id='word_1_342' title='bbox 2171 4146 2197 4199; x_wconf 93' lang='lat' dir='ltr'><strong>in</strong></span> <span class='ocrx_word' id='word_1_343' title='bbox 2221 4147 2308 4199; x_wconf 89' lang='lat' dir='ltr'><strong>rebus</strong></span> <span class='ocrx_word' id='word_1_344' title='bbox 2331 4145 2437 4199; x_wconf 88' lang='lat' dir='ltr'><strong>creatis</strong></span> <span class='ocrx_word' id='word_1_345' title='bbox 2457 4145 2504 4199; x_wconf 77' lang='lat' dir='ltr'><strong>vel</strong></span> 
     </span>
     <span class='ocr_line' id='line_1_30' title="bbox 1026 4241 2236 4315; baseline 0.001 -21"><span class='ocrx_word' id='word_1_346' title='bbox 1026 4241 1203 4295; x_wconf 89' lang='lat' dir='ltr'><strong>creabilibus</strong></span> <span class='ocrx_word' id='word_1_347' title='bbox 1222 4259 1297 4312; x_wconf 90' lang='lat' dir='ltr'><strong>quae</strong></span> <span class='ocrx_word' id='word_1_348' title='bbox 1318 4243 1426 4296; x_wconf 85' lang='lat' dir='ltr'><strong>liabent</strong></span> <span class='ocrx_word' id='word_1_349' title='bbox 1444 4262 1510 4297; x_wconf 87' lang='lat' dir='ltr'><strong>esse</strong></span> <span class='ocrx_word' id='word_1_350' title='bbox 1530 4244 1558 4297; x_wconf 94' lang='lat' dir='ltr'><strong>in</strong></span> <span class='ocrx_word' id='word_1_351' title='bbox 1578 4262 1697 4315; x_wconf 86' lang='lat' dir='ltr'><strong>genere,</strong></span> <span class='ocrx_word' id='word_1_352' title='bbox 1717 4262 1774 4297; x_wconf 91' lang='lat' dir='ltr'><strong>non</strong></span> <span class='ocrx_word' id='word_1_353' title='bbox 1794 4253 1838 4298; x_wconf 89' lang='lat' dir='ltr'><strong>est</strong></span> <span class='ocrx_word' id='word_1_354' title='bbox 1859 4261 2016 4315; x_wconf 88' lang='lat' dir='ltr'><strong>processus</strong></span> <span class='ocrx_word' id='word_1_355' title='bbox 2035 4243 2064 4297; x_wconf 92' lang='lat' dir='ltr'><strong>in</strong></span> <span class='ocrx_word' id='word_1_356' title='bbox 2084 4243 2236 4297; x_wconf 88' lang='lat' dir='ltr'><strong>inlinitum.</strong></span> 
     </span>
    </p>

    <p class='ocr_par' dir='ltr' id='par_1_6' title="bbox 1023 4339 2506 5099">
     <span class='ocr_line' id='line_1_31' title="bbox 1114 4339 2504 4413; baseline 0.001 -21"><span class='ocrx_word' id='word_1_357' title='bbox 1114 4340 1214 4393; x_wconf 90' lang='lat' dir='ltr'><strong>Tertio</strong></span> <span class='ocrx_word' id='word_1_358' title='bbox 1243 4339 1320 4394; x_wconf 92' lang='lat' dir='ltr'><strong>idem</strong></span> <span class='ocrx_word' id='word_1_359' title='bbox 1348 4349 1430 4413; x_wconf 90' lang='lat' dir='ltr'><strong>patet</strong></span> <span class='ocrx_word' id='word_1_360' title='bbox 1457 4359 1494 4395; x_wconf 88' lang='lat' dir='ltr'><strong>ex</strong></span> <span class='ocrx_word' id='word_1_361' title='bbox 1522 4343 1624 4396; x_wconf 90' lang='lat' dir='ltr'><strong>ordine</strong></span> <span class='ocrx_word' id='word_1_362' title='bbox 1651 4360 1747 4396; x_wconf 91' lang='lat' dir='ltr'><strong>rerum</strong></span> <span class='ocrx_word' id='word_1_363' title='bbox 1777 4342 1815 4396; x_wconf 92' lang='lat' dir='ltr'><strong>ad</strong></span> <span class='ocrx_word' id='word_1_364' title='bbox 1843 4343 1969 4396; x_wconf 79' lang='lat' dir='ltr'><strong>invicem</strong></span> <span class='ocrx_word' id='word_1_365' title='bbox 1992 4342 2044 4405; x_wconf 89' lang='lat' dir='ltr'><strong>sic,</strong></span> <span class='ocrx_word' id='word_1_366' title='bbox 2063 4340 2132 4412; x_wconf 90' lang='lat' dir='ltr'><strong>quia</strong></span> <span class='ocrx_word' id='word_1_367' title='bbox 2154 4358 2311 4412; x_wconf 90' lang='lat' dir='ltr'><strong>processus</strong></span> <span class='ocrx_word' id='word_1_368' title='bbox 2329 4357 2425 4395; x_wconf 88' lang='lat' dir='ltr'><strong>rerum</strong></span> <span class='ocrx_word' id='word_1_369' title='bbox 2445 4356 2504 4394; x_wconf 91' lang='lat' dir='ltr'><strong>non</strong></span> 
     </span>
     <span class='ocr_line' id='line_1_32' title="bbox 1026 4436 2504 4511; baseline 0.001 -21"><span class='ocrx_word' id='word_1_370' title='bbox 1026 4436 1115 4491; x_wconf 89' lang='lat' dir='ltr'><strong>debet</strong></span> <span class='ocrx_word' id='word_1_371' title='bbox 1143 4436 1236 4509; x_wconf 90' lang='lat' dir='ltr'><strong>accipi</strong></span> <span class='ocrx_word' id='word_1_372' title='bbox 1266 4439 1454 4509; x_wconf 88' lang='lat' dir='ltr'><strong>procedendo</strong></span> <span class='ocrx_word' id='word_1_373' title='bbox 1483 4441 1521 4493; x_wconf 86' lang='lat' dir='ltr'><strong>ab</strong></span> <span class='ocrx_word' id='word_1_374' title='bbox 1549 4440 1650 4493; x_wconf 84' lang='lat' dir='ltr'><strong>intimo</strong></span> <span class='ocrx_word' id='word_1_375' title='bbox 1675 4440 1713 4493; x_wconf 90' lang='lat' dir='ltr'><strong>ad</strong></span> <span class='ocrx_word' id='word_1_376' title='bbox 1739 4458 1906 4511; x_wconf 88' lang='lat' dir='ltr'><strong>supremum</strong></span> <span class='ocrx_word' id='word_1_377' title='bbox 1930 4439 2010 4510; x_wconf 89' lang='lat' dir='ltr'><strong>quod</strong></span> <span class='ocrx_word' id='word_1_378' title='bbox 2029 4448 2076 4493; x_wconf 91' lang='lat' dir='ltr'><strong>est</strong></span> <span class='ocrx_word' id='word_1_379' title='bbox 2095 4439 2185 4501; x_wconf 89' lang='lat' dir='ltr'><strong>Deus,</strong></span> <span class='ocrx_word' id='word_1_380' title='bbox 2203 4438 2256 4493; x_wconf 86' lang='lat' dir='ltr'><strong>sed</strong></span> <span class='ocrx_word' id='word_1_381' title='bbox 2275 4437 2504 4510; x_wconf 91' lang='lat' dir='ltr'><strong>procedendoa</strong></span> 
     </span>
     <span class='ocr_line' id='line_1_33' title="bbox 1025 4533 2505 4610; baseline 0.001 -22"><span class='ocrx_word' id='word_1_382' title='bbox 1025 4533 1119 4606; x_wconf 90' lang='lat' dir='ltr'><strong>primo</strong></span> <span class='ocrx_word' id='word_1_383' title='bbox 1148 4543 1215 4590; x_wconf 80' lang='lat' dir='ltr'><strong>ente</strong></span> <span class='ocrx_word' id='word_1_384' title='bbox 1243 4536 1460 4607; x_wconf 89' lang='lat' dir='ltr'><strong>simplicissimo</strong></span> <span class='ocrx_word' id='word_1_385' title='bbox 1489 4537 1526 4592; x_wconf 91' lang='lat' dir='ltr'><strong>ad</strong></span> <span class='ocrx_word' id='word_1_386' title='bbox 1555 4538 1694 4593; x_wconf 86' lang='lat' dir='ltr'><strong>intimum.</strong></span> <span class='ocrx_word' id='word_1_387' title='bbox 1723 4539 1758 4592; x_wconf 89' lang='lat' dir='ltr'><strong>Et</strong></span> <span class='ocrx_word' id='word_1_388' title='bbox 1783 4540 1875 4593; x_wconf 74' lang='lat' dir='ltr'><strong>hoc¹⁴</strong></span> <span class='ocrx_word' id='word_1_389' title='bbox 1901 4546 1982 4609; x_wconf 87' lang='lat' dir='ltr'><strong>patet</strong></span> <span class='ocrx_word' id='word_1_390' title='bbox 2004 4555 2058 4610; x_wconf 91' lang='lat' dir='ltr'><strong>per</strong></span> <span class='ocrx_word' id='word_1_391' title='bbox 2080 4537 2233 4603; x_wconf 89' lang='lat' dir='ltr'><strong>rationem,</strong></span> <span class='ocrx_word' id='word_1_392' title='bbox 2256 4536 2324 4608; x_wconf 87' lang='lat' dir='ltr'><strong>quia</strong></span> <span class='ocrx_word' id='word_1_393' title='bbox 2347 4553 2505 4607; x_wconf 90' lang='lat' dir='ltr'><strong>processus</strong></span> 
     </span>
     <span class='ocr_line' id='line_1_34' title="bbox 1024 4631 2505 4707; baseline 0.001 -21"><span class='ocrx_word' id='word_1_394' title='bbox 1024 4631 1113 4686; x_wconf 90' lang='lat' dir='ltr'><strong>debet</strong></span> <span class='ocrx_word' id='word_1_395' title='bbox 1141 4632 1271 4705; x_wconf 88' lang='lat' dir='ltr'><strong>incipere</strong></span> <span class='ocrx_word' id='word_1_396' title='bbox 1299 4634 1327 4688; x_wconf 94' lang='lat' dir='ltr'><strong>in</strong></span> <span class='ocrx_word' id='word_1_397' title='bbox 1356 4652 1415 4688; x_wconf 94' lang='lat' dir='ltr'><strong>uno</strong></span> <span class='ocrx_word' id='word_1_398' title='bbox 1441 4635 1668 4707; x_wconf 68' lang='lat' dir='ltr'><strong>simplicissimo</strong></span> <span class='ocrx_word' id='word_1_399' title='bbox 1696 4654 1753 4689; x_wconf 93' lang='lat' dir='ltr'><strong>non</strong></span> <span class='ocrx_word' id='word_1_400' title='bbox 1783 4646 1880 4690; x_wconf 86' lang='lat' dir='ltr'><strong>autem</strong></span> <span class='ocrx_word' id='word_1_401' title='bbox 1907 4636 1936 4689; x_wconf 91' lang='lat' dir='ltr'><strong>in</strong></span> <span class='ocrx_word' id='word_1_402' title='bbox 1962 4653 1998 4689; x_wconf 93' lang='lat' dir='ltr'><strong>eo</strong></span> <span class='ocrx_word' id='word_1_403' title='bbox 2021 4635 2100 4707; x_wconf 93' lang='lat' dir='ltr'><strong>quod</strong></span> <span class='ocrx_word' id='word_1_404' title='bbox 2125 4635 2216 4688; x_wconf 90' lang='lat' dir='ltr'><strong>habet</strong></span> <span class='ocrx_word' id='word_1_405' title='bbox 2238 4633 2452 4688; x_wconf 89' lang='lat' dir='ltr'><strong>multitudinem</strong></span> <span class='ocrx_word' id='word_1_406' title='bbox 2474 4642 2505 4688; x_wconf 88' lang='lat' dir='ltr'><strong>et</strong></span> 
     </span>
     <span class='ocr_line' id='line_1_35' title="bbox 1024 4729 2506 4805; baseline 0.003 -23"><span class='ocrx_word' id='word_1_407' title='bbox 1024 4729 1290 4801; x_wconf 83' lang='lat' dir='ltr'><strong>potentialitatem3</strong></span> <span class='ocrx_word' id='word_1_408' title='bbox 1313 4742 1415 4803; x_wconf 82' lang='lat' dir='ltr'><strong>etper</strong></span> <span class='ocrx_word' id='word_1_409' title='bbox 1433 4734 1536 4799; x_wconf 91' lang='lat' dir='ltr'><strong>simile,</strong></span> <span class='ocrx_word' id='word_1_410' title='bbox 1559 4734 1627 4804; x_wconf 88' lang='lat' dir='ltr'><strong>quia</strong></span> <span class='ocrx_word' id='word_1_411' title='bbox 1647 4751 1805 4805; x_wconf 80' lang='lat' dir='ltr'><strong>processus</strong></span> <span class='ocrx_word' id='word_1_412' title='bbox 1824 4751 2009 4787; x_wconf 91' lang='lat' dir='ltr'><strong>numerorum</strong></span> <span class='ocrx_word' id='word_1_413' title='bbox 2034 4751 2092 4786; x_wconf 88' lang='lat' dir='ltr'><strong>non</strong></span> <span class='ocrx_word' id='word_1_414' title='bbox 2112 4731 2215 4804; x_wconf 92' lang='lat' dir='ltr'><strong>incipit</strong></span> <span class='ocrx_word' id='word_1_415' title='bbox 2234 4732 2263 4785; x_wconf 92' lang='lat' dir='ltr'><strong>in</strong></span> <span class='ocrx_word' id='word_1_416' title='bbox 2282 4731 2467 4786; x_wconf 91' lang='lat' dir='ltr'><strong>multitudine</strong></span> <span class='ocrx_word' id='word_1_417' title='bbox 2485 4733 2506 4763; x_wconf 76' lang='lat'><strong>¹⁵</strong></span> 
     </span>
     <span class='ocr_line' id='line_1_36' title="bbox 1023 4827 2504 4904; baseline 0.002 -24"><span class='ocrx_word' id='word_1_418' title='bbox 1023 4827 1149 4881; x_wconf 86' lang='lat' dir='ltr'><strong>maxima</strong></span> <span class='ocrx_word' id='word_1_419' title='bbox 1178 4829 1326 4884; x_wconf 91' lang='lat' dir='ltr'><strong>tendendo</strong></span> <span class='ocrx_word' id='word_1_420' title='bbox 1355 4840 1458 4902; x_wconf 89' lang='lat' dir='ltr'><strong>postea</strong></span> <span class='ocrx_word' id='word_1_421' title='bbox 1485 4832 1522 4885; x_wconf 90' lang='lat' dir='ltr'><strong>ad</strong></span> <span class='ocrx_word' id='word_1_422' title='bbox 1547 4831 1698 4898; x_wconf 91' lang='lat' dir='ltr'><strong>unitatem,</strong></span> <span class='ocrx_word' id='word_1_423' title='bbox 1727 4832 1781 4886; x_wconf 92' lang='lat' dir='ltr'><strong>sed</strong></span> <span class='ocrx_word' id='word_1_424' title='bbox 1803 4831 1906 4904; x_wconf 87' lang='lat' dir='ltr'><strong>incipit</strong></span> <span class='ocrx_word' id='word_1_425' title='bbox 1934 4832 1971 4885; x_wconf 90' lang='lat' dir='ltr'><strong>ab</strong></span> <span class='ocrx_word' id='word_1_426' title='bbox 1991 4831 2121 4895; x_wconf 88' lang='lat' dir='ltr'><strong>unitate;</strong></span> <span class='ocrx_word' id='word_1_427' title='bbox 2150 4839 2180 4884; x_wconf 91' lang='lat' dir='ltr'><strong>et</strong></span> <span class='ocrx_word' id='word_1_428' title='bbox 2208 4847 2261 4901; x_wconf 91' lang='lat' dir='ltr'><strong>per</strong></span> <span class='ocrx_word' id='word_1_429' title='bbox 2279 4830 2387 4883; x_wconf 88' lang='lat' dir='ltr'><strong>multas</strong></span> <span class='ocrx_word' id='word_1_430' title='bbox 2405 4837 2504 4883; x_wconf 91' lang='lat' dir='ltr'><strong>aucto-</strong></span> 
     </span>
     <span class='ocr_line' id='line_1_37' title="bbox 1023 4923 2502 5001; baseline 0.002 -24"><span class='ocrx_word' id='word_1_431' title='bbox 1023 4923 1125 4979; x_wconf 87' lang='lat' dir='ltr'><strong>ritates</strong></span> <span class='ocrx_word' id='word_1_432' title='bbox 1144 4926 1240 4981; x_wconf 87' lang='lat' dir='ltr'><strong>Procli</strong></span> <span class='ocrx_word' id='word_1_433' title='bbox 1260 4931 1300 4995; x_wconf 80' lang='lat' dir='ltr'><strong>(l)</strong></span> <span class='ocrx_word' id='word_1_434' title='bbox 1319 4927 1367 4998; x_wconf 92' lang='lat' dir='ltr'><strong>qui</strong></span> <span class='ocrx_word' id='word_1_435' title='bbox 1387 4929 1449 4982; x_wconf 90' lang='lat' dir='ltr'><strong>vult</strong></span> <span class='ocrx_word' id='word_1_436' title='bbox 1468 4928 1496 4982; x_wconf 92' lang='lat' dir='ltr'><strong>in</strong></span> <span class='ocrx_word' id='word_1_437' title='bbox 1517 4928 1650 5000; x_wconf 90' lang='lat' dir='ltr'><strong>pluribus</strong></span> <span class='ocrx_word' id='word_1_438' title='bbox 1668 4929 1921 5001; x_wconf 86' lang='lat' dir='ltr'><strong>propositionibus</strong></span> <span class='ocrx_word' id='word_1_439' title='bbox 1945 4930 2024 5001; x_wconf 91' lang='lat' dir='ltr'><strong>quod</strong></span> <span class='ocrx_word' id='word_1_440' title='bbox 2047 4928 2142 4983; x_wconf 91' lang='lat' dir='ltr'><strong>omnis</strong></span> <span class='ocrx_word' id='word_1_441' title='bbox 2161 4927 2317 4982; x_wconf 91' lang='lat' dir='ltr'><strong>multitudo</strong></span> <span class='ocrx_word' id='word_1_442' title='bbox 2337 4935 2367 4981; x_wconf 92' lang='lat' dir='ltr'><strong>et</strong></span> <span class='ocrx_word' id='word_1_443' title='bbox 2386 4928 2423 4980; x_wconf 91' lang='lat' dir='ltr'><strong>ab</strong></span> <span class='ocrx_word' id='word_1_444' title='bbox 2443 4944 2502 4980; x_wconf 92' lang='lat' dir='ltr'><strong>uno</strong></span> 
     </span>
     <span class='ocr_line' id='line_1_38' title="bbox 1023 5021 2504 5099; baseline 0.002 -24"><span class='ocrx_word' id='word_1_445' title='bbox 1023 5021 1126 5094; x_wconf 91' lang='lat' dir='ltr'><strong>incipit</strong></span> <span class='ocrx_word' id='word_1_446' title='bbox 1154 5032 1183 5078; x_wconf 92' lang='lat' dir='ltr'><strong>et</strong></span> <span class='ocrx_word' id='word_1_447' title='bbox 1211 5024 1248 5078; x_wconf 93' lang='lat' dir='ltr'><strong>ad</strong></span> <span class='ocrx_word' id='word_1_448' title='bbox 1277 5043 1364 5079; x_wconf 92' lang='lat' dir='ltr'><strong>unum</strong></span> <span class='ocrx_word' id='word_1_449' title='bbox 1380 5028 1401 5058; x_wconf 80' lang='lat'><strong>¹⁶</strong></span> <span class='ocrx_word' id='word_1_450' title='bbox 1428 5026 1585 5082; x_wconf 87' lang='lat' dir='ltr'><strong>reducitur.</strong></span> <span class='ocrx_word' id='word_1_451' title='bbox 1609 5027 1669 5081; x_wconf 92' lang='lat' dir='ltr'><strong>Sed</strong></span> <span class='ocrx_word' id='word_1_452' title='bbox 1692 5028 1758 5082; x_wconf 91' lang='lat' dir='ltr'><strong>talis</strong></span> <span class='ocrx_word' id='word_1_453' title='bbox 1781 5045 1939 5099; x_wconf 83' lang='lat' dir='ltr'><strong>processus</strong></span> <span class='ocrx_word' id='word_1_454' title='bbox 1958 5044 2016 5082; x_wconf 94' lang='lat' dir='ltr'><strong>non</strong></span> <span class='ocrx_word' id='word_1_455' title='bbox 2035 5034 2137 5099; x_wconf 91' lang='lat' dir='ltr'><strong>posset</strong></span> <span class='ocrx_word' id='word_1_456' title='bbox 2157 5027 2184 5080; x_wconf 92' lang='lat' dir='ltr'><strong>in</strong></span> <span class='ocrx_word' id='word_1_457' title='bbox 2212 5029 2216 5095; x_wconf 79' lang='grc'>1</span> <span class='ocrx_word' id='word_1_458' title='bbox 2242 5025 2341 5097; x_wconf 89' lang='lat' dir='ltr'><strong>cipere</strong></span> <span class='ocrx_word' id='word_1_459' title='bbox 2361 5024 2390 5078; x_wconf 90' lang='lat' dir='ltr'><strong>in</strong></span> <span class='ocrx_word' id='word_1_460' title='bbox 2409 5024 2504 5097; x_wconf 91' lang='lat' dir='ltr'><strong>primo</strong></span> 
     </span>
    </p>
   </div>
   <div class='ocr_carea' id='block_1_5' title="bbox 1020 5291 2504 5701">
    <p class='ocr_par' dir='ltr' id='par_1_7' title="bbox 1020 5291 2504 5701">
     <span class='ocr_line' id='line_1_39' title="bbox 1113 5291 2503 5368; baseline 0.001 -24"><span class='ocrx_word' id='word_1_461' title='bbox 1113 5292 1281 5347; x_wconf 83' lang='lat' dir='ltr'><strong>¹naturalis</strong></span> <span class='ocrx_word' id='word_1_462' title='bbox 1300 5294 1333 5348; x_wconf 88' lang='lat' dir='ltr'><strong>C.</strong></span> <span class='ocrx_word' id='word_1_463' title='bbox 1353 5325 1387 5333; x_wconf 93' lang='lat'>—</span> <span class='ocrx_word' id='word_1_464' title='bbox 1408 5294 1419 5325; x_wconf 66' lang='lat'><strong>³</strong></span> <span class='ocrx_word' id='word_1_465' title='bbox 1437 5313 1492 5349; x_wconf 86' lang='lat' dir='ltr'><strong>om.</strong></span> <span class='ocrx_word' id='word_1_466' title='bbox 1512 5293 1545 5349; x_wconf 84' lang='lat' dir='ltr'><strong>C.</strong></span> <span class='ocrx_word' id='word_1_467' title='bbox 1565 5327 1598 5336; x_wconf 94' lang='lat'><em>-</em></span> <span class='ocrx_word' id='word_1_468' title='bbox 1618 5297 1629 5328; x_wconf 84' lang='lat'><strong>¹</strong></span> <span class='ocrx_word' id='word_1_469' title='bbox 1648 5299 1686 5349; x_wconf 77' lang='lat' dir='ltr'><strong>no</strong></span> <span class='ocrx_word' id='word_1_470' title='bbox 1713 5295 1746 5351; x_wconf 91' lang='lat' dir='ltr'><strong>C.</strong></span> <span class='ocrx_word' id='word_1_471' title='bbox 1770 5327 1803 5335; x_wconf 95' lang='lat'>—</span> <span class='ocrx_word' id='word_1_472' title='bbox 1827 5299 1836 5328; x_wconf 86' lang='lat'>⁴</span> <span class='ocrx_word' id='word_1_473' title='bbox 1859 5295 1909 5368; x_wconf 92' lang='lat' dir='ltr'><strong>qui</strong></span> <span class='ocrx_word' id='word_1_474' title='bbox 1932 5295 1965 5351; x_wconf 92' lang='lat' dir='ltr'><strong>C.</strong></span> <span class='ocrx_word' id='word_1_475' title='bbox 1991 5327 2024 5334; x_wconf 94' lang='lat'>—</span> <span class='ocrx_word' id='word_1_476' title='bbox 2048 5296 2176 5367; x_wconf 76' lang='lat' dir='ltr'><strong>‘potest</strong></span> <span class='ocrx_word' id='word_1_477' title='bbox 2206 5293 2257 5362; x_wconf 90' lang='lat' dir='ltr'><strong>ire]</strong></span> <span class='ocrx_word' id='word_1_478' title='bbox 2286 5291 2381 5346; x_wconf 92' lang='lat' dir='ltr'><strong>tendit</strong></span> <span class='ocrx_word' id='word_1_479' title='bbox 2411 5291 2443 5346; x_wconf 95' lang='lat' dir='ltr'><strong>C.</strong></span> <span class='ocrx_word' id='word_1_480' title='bbox 2469 5322 2503 5332; x_wconf 94' lang='lat'><em>-</em></span> 
     </span>
     <span class='ocr_line' id='line_1_40' title="bbox 1021 5378 2502 5455; baseline -0.001 -22"><span class='ocrx_word' id='word_1_481' title='bbox 1021 5379 1033 5408; x_wconf 81' lang='lat'><em>⁰</em></span> <span class='ocrx_word' id='word_1_482' title='bbox 1051 5378 1089 5433; x_wconf 90' lang='lat' dir='ltr'><strong>de</strong></span> <span class='ocrx_word' id='word_1_483' title='bbox 1108 5378 1142 5434; x_wconf 91' lang='lat' dir='ltr'><strong>C.</strong></span> <span class='ocrx_word' id='word_1_484' title='bbox 1161 5411 1194 5419; x_wconf 95' lang='lat'><em>-</em></span> <span class='ocrx_word' id='word_1_485' title='bbox 1216 5381 1226 5412; x_wconf 83' lang='lat'>²</span> <span class='ocrx_word' id='word_1_486' title='bbox 1243 5380 1274 5434; x_wconf 93' lang='lat' dir='ltr'><strong>id</strong></span> <span class='ocrx_word' id='word_1_487' title='bbox 1294 5380 1327 5435; x_wconf 93' lang='lat' dir='ltr'><strong>C.</strong></span> <span class='ocrx_word' id='word_1_488' title='bbox 1343 5414 1375 5422; x_wconf 96' lang='lat'><em>-</em></span> <span class='ocrx_word' id='word_1_489' title='bbox 1397 5384 1465 5437; x_wconf 75' lang='lat' dir='ltr'><strong>⁸est</strong></span> <span class='ocrx_word' id='word_1_490' title='bbox 1478 5415 1511 5423; x_wconf 96' lang='lat'><em>-</em></span> <span class='ocrx_word' id='word_1_491' title='bbox 1525 5382 1679 5453; x_wconf 87' lang='lat' dir='ltr'><strong>infinitum]</strong></span> <span class='ocrx_word' id='word_1_492' title='bbox 1699 5383 1849 5455; x_wconf 86' lang='lat' dir='ltr'><strong>possibilis</strong></span> <span class='ocrx_word' id='word_1_493' title='bbox 1868 5400 2025 5455; x_wconf 88' lang='lat' dir='ltr'><strong>processus</strong></span> <span class='ocrx_word' id='word_1_494' title='bbox 2038 5381 2067 5435; x_wconf 92' lang='lat' dir='ltr'><strong>in</strong></span> <span class='ocrx_word' id='word_1_495' title='bbox 2081 5381 2224 5435; x_wconf 84' lang='lat' dir='ltr'><strong>inlinitum</strong></span> <span class='ocrx_word' id='word_1_496' title='bbox 2244 5388 2290 5435; x_wconf 89' lang='lat' dir='ltr'><strong>est</strong></span> <span class='ocrx_word' id='word_1_497' title='bbox 2304 5379 2337 5434; x_wconf 89' lang='lat' dir='ltr'><strong>C.</strong></span> <span class='ocrx_word' id='word_1_498' title='bbox 2352 5411 2386 5420; x_wconf 99' lang='lat'><em>-</em></span> <span class='ocrx_word' id='word_1_499' title='bbox 2400 5381 2411 5411; x_wconf 73' lang='lat'><strong>⁹</strong></span> <span class='ocrx_word' id='word_1_500' title='bbox 2423 5379 2502 5433; x_wconf 91' lang='lat' dir='ltr'><strong>idern</strong></span> 
     </span>
     <span class='ocr_line' id='line_1_41' title="bbox 1022 5465 2502 5543; baseline -0.001 -23"><span class='ocrx_word' id='word_1_501' title='bbox 1022 5469 1112 5536; x_wconf 88' lang='lat' dir='ltr'><strong>patet]</strong></span> <span class='ocrx_word' id='word_1_502' title='bbox 1127 5476 1208 5538; x_wconf 90' lang='lat' dir='ltr'><strong>patet</strong></span> <span class='ocrx_word' id='word_1_503' title='bbox 1221 5467 1299 5523; x_wconf 89' lang='lat' dir='ltr'><strong>idem</strong></span> <span class='ocrx_word' id='word_1_504' title='bbox 1315 5470 1348 5524; x_wconf 90' lang='lat' dir='ltr'><strong>C.</strong></span> <span class='ocrx_word' id='word_1_505' title='bbox 1361 5502 1395 5511; x_wconf 95' lang='lat'>—</span> <span class='ocrx_word' id='word_1_506' title='bbox 1411 5472 1432 5502; x_wconf 89' lang='lat'><strong>¹⁰</strong></span> <span class='ocrx_word' id='word_1_507' title='bbox 1444 5470 1627 5542; x_wconf 78' lang='lat' dir='ltr'><strong>Augustinus</strong></span> <span class='ocrx_word' id='word_1_508' title='bbox 1640 5470 1722 5541; x_wconf 91' lang='lat' dir='ltr'><strong>dicit]</strong></span> <span class='ocrx_word' id='word_1_509' title='bbox 1736 5470 1808 5526; x_wconf 90' lang='lat' dir='ltr'><strong>dicit</strong></span> <span class='ocrx_word' id='word_1_510' title='bbox 1821 5471 2004 5543; x_wconf 82' lang='lat' dir='ltr'><strong>Augustinus</strong></span> <span class='ocrx_word' id='word_1_511' title='bbox 2018 5470 2051 5525; x_wconf 89' lang='lat' dir='ltr'><strong>C.</strong></span> <span class='ocrx_word' id='word_1_512' title='bbox 2066 5501 2100 5510; x_wconf 92' lang='lat'>—</span> <span class='ocrx_word' id='word_1_513' title='bbox 2116 5471 2135 5501; x_wconf 87' lang='lat'><strong>¹¹</strong></span> <span class='ocrx_word' id='word_1_514' title='bbox 2149 5486 2205 5522; x_wconf 87' lang='lat' dir='ltr'><strong>om.</strong></span> <span class='ocrx_word' id='word_1_515' title='bbox 2219 5468 2258 5535; x_wconf 73' lang='grc' dir='ltr'><strong>ὃς</strong></span> <span class='ocrx_word' id='word_1_516' title='bbox 2276 5468 2346 5521; x_wconf 83' lang='lat' dir='ltr'><strong>add.</strong></span> <span class='ocrx_word' id='word_1_517' title='bbox 2365 5479 2400 5520; x_wconf 75' lang='lat'><strong>2⁰</strong></span> <span class='ocrx_word' id='word_1_518' title='bbox 2421 5485 2459 5520; x_wconf 90' lang='lat' dir='ltr'><strong>m.</strong></span> <span class='ocrx_word' id='word_1_519' title='bbox 2472 5465 2502 5520; x_wconf 92' lang='lat' dir='ltr'><strong>S.</strong></span> 
     </span>
     <span class='ocr_line' id='line_1_42' title="bbox 1021 5554 2504 5626; baseline -0.001 -18"><span class='ocrx_word' id='word_1_520' title='bbox 1021 5584 1054 5593; x_wconf 99' lang='lat'>-</span> <span class='ocrx_word' id='word_1_521' title='bbox 1076 5554 1097 5586; x_wconf 81' lang='lat'><strong>¹⁸</strong></span> <span class='ocrx_word' id='word_1_522' title='bbox 1116 5554 1200 5625; x_wconf 89' lang='lat' dir='ltr'><strong>primi</strong></span> <span class='ocrx_word' id='word_1_523' title='bbox 1219 5557 1288 5611; x_wconf 85' lang='lat' dir='ltr'><strong>add.</strong></span> <span class='ocrx_word' id='word_1_524' title='bbox 1309 5556 1341 5612; x_wconf 91' lang='lat' dir='ltr'><strong>C.</strong></span> <span class='ocrx_word' id='word_1_525' title='bbox 1362 5590 1394 5598; x_wconf 95' lang='lat'><em>-</em></span> <span class='ocrx_word' id='word_1_526' title='bbox 1413 5559 1433 5590; x_wconf 83' lang='lat'><strong>¹³</strong></span> <span class='ocrx_word' id='word_1_527' title='bbox 1452 5576 1507 5611; x_wconf 88' lang='lat' dir='ltr'><strong>om.</strong></span> <span class='ocrx_word' id='word_1_528' title='bbox 1526 5570 1559 5612; x_wconf 69' lang='grc' dir='ltr'><strong>ια</strong></span> <span class='ocrx_word' id='word_1_529' title='bbox 1578 5559 1669 5625; x_wconf 89' lang='lat' dir='ltr'><strong>m.S;</strong></span> <span class='ocrx_word' id='word_1_530' title='bbox 1688 5560 1758 5612; x_wconf 81' lang='lat' dir='ltr'><strong>add.</strong></span> <span class='ocrx_word' id='word_1_531' title='bbox 1778 5572 1813 5612; x_wconf 73' lang='lat'><strong>21¹</strong></span> <span class='ocrx_word' id='word_1_532' title='bbox 1834 5577 1871 5613; x_wconf 88' lang='lat' dir='ltr'><strong>m.</strong></span> <span class='ocrx_word' id='word_1_533' title='bbox 1891 5558 1920 5612; x_wconf 87' lang='lat' dir='ltr'><strong>S.</strong></span> <span class='ocrx_word' id='word_1_534' title='bbox 1941 5590 1974 5598; x_wconf 95' lang='lat'>-</span> <span class='ocrx_word' id='word_1_535' title='bbox 1997 5561 2016 5590; x_wconf 80' lang='lat'><strong>¹⁸</strong></span> <span class='ocrx_word' id='word_1_536' title='bbox 2034 5566 2066 5611; x_wconf 90' lang='lat' dir='ltr'><strong>et</strong></span> <span class='ocrx_word' id='word_1_537' title='bbox 2084 5557 2152 5626; x_wconf 92' lang='lat' dir='ltr'><strong>hoc]</strong></span> <span class='ocrx_word' id='word_1_538' title='bbox 2172 5574 2227 5609; x_wconf 88' lang='lat' dir='ltr'><strong>om.</strong></span> <span class='ocrx_word' id='word_1_539' title='bbox 2248 5555 2282 5610; x_wconf 90' lang='lat' dir='ltr'><strong>C.</strong></span> <span class='ocrx_word' id='word_1_540' title='bbox 2302 5587 2335 5594; x_wconf 90' lang='lat'><em>-</em></span> <span class='ocrx_word' id='word_1_541' title='bbox 2357 5556 2379 5587; x_wconf 79' lang='lat'><strong>¹⁵</strong></span> <span class='ocrx_word' id='word_1_542' title='bbox 2396 5570 2504 5626; x_wconf 80' lang='lat' dir='ltr'><strong>magna</strong></span> 
     </span>
     <span class='ocr_line' id='line_1_43' title="bbox 1020 5642 1614 5701; baseline 0.012 -7"><span class='ocrx_word' id='word_1_543' title='bbox 1020 5642 1067 5695; x_wconf 85' lang='lat' dir='ltr'><strong>vel</strong></span> <span class='ocrx_word' id='word_1_544' title='bbox 1086 5643 1156 5698; x_wconf 83' lang='lat' dir='ltr'><strong>add.</strong></span> <span class='ocrx_word' id='word_1_545' title='bbox 1176 5642 1208 5698; x_wconf 86' lang='lat' dir='ltr'><strong>C.</strong></span> <span class='ocrx_word' id='word_1_546' title='bbox 1229 5676 1262 5683; x_wconf 92' lang='lat'>—</span> <span class='ocrx_word' id='word_1_547' title='bbox 1284 5645 1305 5676; x_wconf 76' lang='lat'><strong>¹⁶</strong></span> <span class='ocrx_word' id='word_1_548' title='bbox 1319 5645 1413 5700; x_wconf 88' lang='lat' dir='ltr'><strong>tendit</strong></span> <span class='ocrx_word' id='word_1_549' title='bbox 1432 5646 1479 5699; x_wconf 90' lang='lat' dir='ltr'><strong>vel</strong></span> <span class='ocrx_word' id='word_1_550' title='bbox 1499 5647 1567 5700; x_wconf 84' lang='lat' dir='ltr'><strong>add.</strong></span> <span class='ocrx_word' id='word_1_551' title='bbox 1582 5646 1614 5701; x_wconf 91' lang='lat' dir='ltr'><strong>C.</strong></span> 
     </span>
    </p>
   </div>
   <div class='ocr_carea' id='block_1_6' title="bbox 1019 5834 2503 5999">
    <p class='ocr_par' dir='ltr' id='par_1_8' title="bbox 1019 5834 2503 5999">
     <span class='ocr_line' id='line_1_44' title="bbox 1066 5834 2503 5979; baseline -0.002 -86"><span class='ocrx_word' id='word_1_552' title='bbox 1066 5840 1150 5979; x_wconf 44' lang='lat'><strong>2¹¹31)</strong></span> <span class='ocrx_word' id='word_1_553' title='bbox 1171 5837 1230 5892; x_wconf 81' lang='lat' dir='ltr'><strong>Clr.</strong></span> <span class='ocrx_word' id='word_1_554' title='bbox 1250 5857 1278 5910; x_wconf 91' lang='lat' dir='ltr'><strong>p.</strong></span> <span class='ocrx_word' id='word_1_555' title='bbox 1296 5842 1358 5908; x_wconf 78' lang='lat'><strong>243,</strong></span> <span class='ocrx_word' id='word_1_556' title='bbox 1377 5857 1404 5894; x_wconf 91' lang='lat' dir='ltr'><strong>n.</strong></span> <span class='ocrx_word' id='word_1_557' title='bbox 1425 5844 1475 5908; x_wconf 77' lang='lat'><strong>(2).</strong></span> <span class='ocrx_word' id='word_1_558' title='bbox 1489 5872 1522 5881; x_wconf 95' lang='lat'>-</span> <span class='ocrx_word' id='word_1_559' title='bbox 1542 5844 1582 5907; x_wconf 79' lang='lat'><strong>(2)</strong></span> <span class='ocrx_word' id='word_1_560' title='bbox 1603 5840 1664 5896; x_wconf 86' lang='lat' dir='ltr'><strong>Csr.</strong></span> <span class='ocrx_word' id='word_1_561' title='bbox 1684 5841 1765 5909; x_wconf 73' lang='lat' dir='ltr'><strong>illd,</strong></span> <span class='ocrx_word' id='word_1_562' title='bbox 1785 5859 1810 5895; x_wconf 92' lang='lat' dir='ltr'><strong>n.</strong></span> <span class='ocrx_word' id='word_1_563' title='bbox 1832 5845 1880 5909; x_wconf 83' lang='lat'><strong>(1).</strong></span> <span class='ocrx_word' id='word_1_564' title='bbox 1903 5872 1934 5881; x_wconf 90' lang='lat'><strong>-·</strong></span> <span class='ocrx_word' id='word_1_565' title='bbox 1953 5844 1994 5908; x_wconf 87' lang='grc'><strong>(3)</strong></span> <span class='ocrx_word' id='word_1_566' title='bbox 2015 5839 2075 5895; x_wconf 82' lang='lat' dir='ltr'><strong>Clr.</strong></span> <span class='ocrx_word' id='word_1_567' title='bbox 2096 5858 2124 5911; x_wconf 88' lang='lat' dir='ltr'><strong>p.</strong></span> <span class='ocrx_word' id='word_1_568' title='bbox 2135 5841 2196 5906; x_wconf 71' lang='lat'><strong>244,</strong></span> <span class='ocrx_word' id='word_1_569' title='bbox 2216 5855 2242 5892; x_wconf 89' lang='lat' dir='ltr'><strong>n.</strong></span> <span class='ocrx_word' id='word_1_570' title='bbox 2262 5841 2312 5905; x_wconf 86' lang='lat'><strong>(1).</strong></span> <span class='ocrx_word' id='word_1_571' title='bbox 2326 5869 2359 5877; x_wconf 95' lang='lat'>-</span> <span class='ocrx_word' id='word_1_572' title='bbox 2380 5840 2420 5904; x_wconf 73' lang='lat' dir='ltr'><strong>(l)</strong></span> <span class='ocrx_word' id='word_1_573' title='bbox 2442 5834 2503 5891; x_wconf 82' lang='lat' dir='ltr'><strong>Cir.</strong></span> 
     </span>
     <span class='ocr_line' id='line_1_45' title="bbox 1019 5930 1320 5999; baseline 0.003 -19"><span class='ocrx_word' id='word_1_574' title='bbox 1019 5941 1047 5995; x_wconf 89' lang='lat' dir='ltr'><strong>p.</strong></span> <span class='ocrx_word' id='word_1_575' title='bbox 1121 5967 1127 5992; x_wconf 93' lang='lat'><strong>,</strong></span> <span class='ocrx_word' id='word_1_576' title='bbox 1147 5943 1175 5979; x_wconf 93' lang='lat' dir='ltr'><strong>n.</strong></span> <span class='ocrx_word' id='word_1_577' title='bbox 1196 5930 1235 5993; x_wconf 89' lang='lat' dir='ltr'><strong>(l)</strong></span> <span class='ocrx_word' id='word_1_578' title='bbox 1255 5944 1320 5999; x_wconf 89' lang='lat' dir='ltr'><strong>sqq.</strong></span> 
     </span>
    </p>
   </div>
   <div class='ocr_carea' id='block_1_7' title="bbox 0 0 3354 7988">
    <p class='ocr_par' dir='ltr' id='par_1_9' title="bbox 0 0 3354 7988">
     <span class='ocr_line' id='line_1_46' title="bbox 0 0 3354 7988; baseline 0 0"><span class='ocrx_word' id='word_1_579' title='bbox 0 0 3354 7988; x_wconf 95' lang='lat' dir='ltr'><strong> </strong></span> 
     </span>
    </p>
   </div>
  </div>
 </body>
</html>
