6700 7992
1222 1440 1397 1497 mariun
1427 1440 1726 1512 Quoutmarun,
1755 1441 1791 1512 Q.
1820 1419 1833 1494 '1
2211 1440 2261 1493 na

871 1622 1038 1688 Rationes
1076 1643 1160 1709 ergo
1196 1621 1349 1687 omnium
1386 1621 1517 1687 entium
1546 1643 1633 1706 quas
1670 1630 1811 1707 propter
1846 1619 2128 1687 communitatem
2165 1618 2262 1684 vocis

780 1759 845 1805 ens
872 1761 944 1804 non
971 1738 1177 1803 determinat
1200 1759 1267 1803 nec
1291 1736 1483 1824 distinguit,
1516 1736 1776 1802 communicant
1800 1735 1835 1800 in
1861 1747 1940 1802 ente
1966 1746 2133 1820 quantum
2158 1735 2202 1800 ad
2227 1735 2262 1800 id

781 1855 876 1940 quod
916 1866 969 1921 est
1007 1876 1085 1920 esse
1127 1853 1360 1942 significatum
1401 1853 1435 1917 in
1475 1852 1617 1918 nomine
1657 1863 1790 1917 tantum
1831 1863 1865 1917 et
1902 1853 2008 1917 modo
2040 1850 2262 1938 significandi

780 1970 931 2036 nominis
955 1969 1179 2055 grammatice
1205 1970 1393 2053 loquend0,
1423 1980 1455 2034 et
1479 1991 1552 2034 non
1577 1968 1612 2032 in
1640 1968 1756 2053 aliqua
1780 1966 1915 2034 ratione
1940 1989 2010 2033 una
2034 1989 2103 2052 qua
2126 1978 2262 2033 contra·

779 2088 881 2152 hatur
904 2087 948 2151 ad
981 2085 1118 2151 diversa
1141 2107 1273 2171 genera
1305 2107 1366 2169 per
1400 2085 1556 2149 diversas
1587 2106 1757 2172 generum
1793 2084 2006 2150 differentias
2038 2084 2092 2149 vel
2125 2083 2260 2149 modos

779 2203 854 2269 Nec
878 2213 994 2267 tamen
1019 2223 1082 2266 ens
1108 2213 1161 2267 est
1186 2224 1270 2286 pure
1295 2201 1536 2285 aequivocum,
1554 2202 1616 2266 sed
1635 2200 1787 2265 medium
1813 2200 1902 2266 inter
1925 2220 2012 2285 pure
2030 2199 2261 2284 aequivocum

780 2330 814 2385 et
850 2318 1046 2384 univocum.
1083 2318 1172 2382 Nam
1209 2317 1300 2382 entia
1336 2317 1371 2381 id
1407 2317 1502 2400 quod
1538 2328 1618 2381 sunt
1650 2318 1716 2381 sub
1752 2316 1894 2381 nomine
1931 2315 2020 2380 entis
2054 2314 2262 2400 participant

780 2434 939 2500 ordinata
974 2446 1008 2500 et
1043 2455 1203 2499 connexa
1234 2446 1268 2497 et
1303 2434 1347 2498 ad
1384 2432 1531 2498 invicem
1557 2433 1601 2496 ad
1626 2431 1755 2517 aliquid
1788 2454 1895 2496 unum
1928 2431 1983 2496 eui
2019 2430 2261 2510 attribuuntur,

780 2571 869 2634 quae
901 2550 1060 2615 ordinata
1091 2549 1260 2614 habitudo
1296 2548 1421 2614 dicitur
1451 2548 1623 2633 quaedam
1660 2547 1838 2634 proportio
1870 2558 1903 2613 et
1935 2546 2097 2634 analogia
2130 2546 2260 2612 entium

779 2676 814 2731 et
837 2664 870 2730 in
898 2666 1051 2731 essendo
1079 2667 1132 2730 vel
1161 2665 1195 2729 in
1223 2668 1227 2749 l
1261 2664 1504 2752 significanda,
1530 2664 1624 2748 quod
1650 2685 1721 2727 non
1748 2662 1913 2729 convenit
1938 2684 2023 2748 pure
2047 2660 2258 2748 aequivocis,
2282 2650 2454 2777 folodt'avva

779 2781 831 2845 Ex
862 2780 1048 2866 praedictis
1084 2780 1188 2867 igitur
1223 2792 1318 2866 patet
1348 2781 1443 2865 quod
1477 2801 1555 2845 esse
1587 2790 1767 2844 causatum
1805 2779 1839 2844 in
1873 2778 2096 2844 universitate
2129 2778 2258 2844 entium

779 2909 1000 2962 causatorum
1025 2918 1096 2962 non
1115 2908 1167 2962 est
1185 2896 1313 2980 aliquid
1340 2919 1445 2961 unum
1471 2896 1615 2974 ratione,
1633 2895 1722 2961 sicut
1747 2917 1861 2980 neque
1879 2895 2005 2961 entitas
2022 2896 2076 2959 vel
2094 2893 2259 2960 essentia¹

779 3022 895 3077 creata
929 3024 981 3077 est
1009 3011 1136 3097 aliquid
1167 3011 1300 3076 υηιιιη2
1324 3011 1457 3077 ratione
1482 3012 1515 3077 in
1547 3011 1770 3077 universitate
1799 3011 1929 3076 entium
1961 3022 2168 3089 creatorum,
2193 3031 2260 3076 nec

779 3137 832 3193 est
856 3127 985 3212 aliquid
1016 3150 1036 3192 a
1066 3129 1141 3193 lleo
1174 3140 1327 3193 creatum
1356 3126 1391 3191 in
1418 3129 1523 3193 rebus
1548 3129 1642 3213 quod
1675 3127 1719 3192 sit
1747 3148 1826 3193 esse
1854 3138 1987 3192 tantum
2020 3129 2064 3191 ab
2100 3126 2259 3195 essentiis

777 3265 891 3310 rerum
927 3243 1179 3329 participatum,
1216 3245 1311 3327 quod
1347 3243 1486 3327 quidem
1519 3264 1598 3309 esse
1631 3242 1874 3329 participatum
1909 3242 1952 3308 sit
1988 3242 2062 3308 eius
2099 3242 2260 3328 proprius

779 3360 924 3425 effectus
949 3359 1007 3444 qui
1042 3359 1166 3424 dieitur
1190 3381 1269 3425 esse
1297 3360 1410 3443 ipsum
1440 3380 1519 3424 esse
1547 3358 1837 3445 imparticipatum
1870 3360 1933 3425 sed
1967 3381 2028 3445 per
2060 3357 2260 3437 essentiam,

777 3474 825 3540 ita
858 3477 953 3559 quod
981 3474 1200 3560 particularia
1229 3474 1368 3562 agentia
1397 3485 1507 3561 agunt
1534 3486 1678 3539 naturas
1714 3474 1788 3540 sive
1824 3474 1996 3541 essentias
2032 3475 2191 3560 proprias
2227 3485 2261 3539 et

778 3590 1036 3669 determinatas,
1062 3590 1176 3676 ipsum
1205 3604 1320 3656 autem
1346 3613 1424 3655 esse
1452 3591 1547 3676 quod
1576 3602 1629 3655 est
1644 3590 1655 3625 ³
1690 3592 1786 3655 Deus
1815 3590 1913 3679 agit⁴
1938 3591 2050 3675 ipsum
2080 3612 2159 3655 esse
2185 3611 2260 3675 par·

777 3704 955 3792 ticipatum
991 3727 1011 3770 a
1046 3708 1160 3771 rebus.
1198 3706 1287 3771 Cum
1320 3706 1412 3771 enim
1440 3729 1547 3770 unum
1580 3719 1613 3771 et
1644 3708 1774 3771 bonum
1809 3718 1842 3772 et
1875 3706 1966 3772 ens⁵
2001 3717 2258 3785 convertantur,

776 3842 844 3889 nec
860 3822 973 3911 magis
998 3822 1134 3887 videtur
1158 3844 1265 3887 unum
1282 3821 1469 3907 importare
1487 3821 1616 3906 aliquid
1641 3822 1796 3888 additum
1822 3822 1853 3888 ei
1878 3823 1922 3889 de
1951 3845 2021 3907 quo
2040 3822 2260 3909 praedicatur

778 3960 882 4024 quam
909 3960 973 4004 ens
1001 3948 1060 4003 aut
1088 3960 1107 4003 e
1143 3958 1327 4017 converso,
1352 3936 1485 4002 immo⁰
1520 3937 1622 4003 etiam
1650 3961 1758 4003 unum
1791 3937 1874 4003 dicit
1909 3938 2058 4023 aliquam
2088 3939 2258 4006 rationem

777 4053 878 4119 aliam
910 4056 953 4119 ab
985 4076 1027 4120 eo
1060 4055 1104 4119 de
1138 4075 1208 4138 quo
1245 4053 1379 4133 dicitur,
1415 4075 1487 4118 non
1520 4053 1570 4119 sic
1602 4064 1716 4119 autem
1750 4075 1823 4133 ens,
1857 4065 1890 4119 et
1922 4077 2029 4119 unum
2062 4057 2255 4121 secundum

777 4192 900 4236 omnes
935 4191 1005 4235 non
1043 4169 1125 4236 dicit
1161 4170 1309 4255 aliquam
1347 4191 1417 4234 rem
1450 4170 1613 4245 additam,
1647 4169 1783 4234 videtur
1819 4169 1920 4234 etiarn
1954 4171 2049 4254 quod
2085 4193 2147 4236 ens
2184 4171 2257 4238 sive

777 4306 857 4352 esse
888 4307 960 4351 non
988 4285 1080 4351 dicat
1109 4286 1237 4370 aliquid
1266 4285 1401 4350 realiter
1432 4285 1588 4350 additum
1612 4285 1643 4351 ei
1673 4286 1717 4352 de
1752 4307 1821 4371 quo
1850 4286 1984 4351 dicitur.
2021 4287 2257 4373 Quocumque

777 4421 863 4489 ergo
892 4403 998 4466 modo
1026 4401 1216 4486 accipiatur
1240 4424 1303 4466 ens
1332 4424 1409 4467 cum
1440 4400 1586 4466 dicitur:
1612 4402 1682 4467 hoc
1710 4413 1763 4466 est
1791 4401 2002 4487 simpliciter,
2027 4403 2083 4468 vel
2106 4404 2175 4468 hoc
2205 4415 2257 4469 est

775 4518 893 4596 home,
918 4518 972 4582 vel
996 4517 1066 4583 hoc
1094 4530 1146 4583 est
1174 4517 1301 4597 album,
1331 4539 1393 4601 per
1420 4538 1499 4582 esse
1528 4538 1598 4581 non
1623 4516 1825 4602 intelligitur
1842 4517 1934 4581 aliud
1959 4538 2064 4601 quam
2081 4517 2116 4582 id
2142 4518 2256 4603 ipsum

776 4632 833 4698 cui
856 4632 1064 4721 adiungitur.
1084 4634 1186 4698 Unde
1212 4654 1277 4698 nec
1302 4633 1436 4697 videtur
1462 4632 1609 4716 [melius]
1636 4653 1742 4717 posse
1768 4631 1890 4697 melius
1912 4635 2061 4718 probare
2086 4633 2256 4700 intentum

776 4770 877 4833 quam
902 4771 966 4834 per
997 4749 1249 4834 Philosrqilrum
1268 4752 1314 4831 (l)
1340 4761 1374 4812 et
1406 4750 1725 4813 Commentatorem
1744 4752 1801 4831 (2),
1831 4760 1953 4833 quarto
1983 4750 2255 4835 Metaphysicae,

775 4863 834 4929 ubi
870 4864 1022 4929 ostendit
1058 4865 1293 4948 Philosophus
1330 4866 1424 4948 quod
1457 4886 1520 4928 ens
1556 4876 1590 4928 et
1621 4886 1726 4928 unuin
1761 4863 1850 4929 inter
1881 4885 1919 4929 se
1951 4876 2033 4929 sunt
2064 4867 2185 4931 eadem
2219 4888 2256 4932 re

775 4979 928 5061 omnino,
956 4980 1036 5065 quia
1061 4981 1178 5045 addita
1203 4980 1305 5044 alicui
1322 4981 1450 5043 nullam
1477 4979 1713 5045 diversitatem
1738 4981 1869 5044 liabent
1894 4981 1937 5045 ad
1963 4980 2055 5060 illud,
2081 5003 2165 5069 ergo
2191 5003 2256 5047 nec

775 5094 864 5162 inter
887 5117 935 5161 se.
966 5097 1058 5162 ldem
1088 5095 1206 5160 enim⁷
1231 5107 1284 5160 est
1312 5096 1462 5161 dictum:
1493 5097 1599 5160 horno
1625 5105 1659 5161 et
1685 5117 1775 5160 unus
1799 5096 1916 5175 homo,
1942 5107 1976 5161 et
2003 5097 2110 5162 homo
2135 5107 2169 5162 et
2193 5119 2256 5163 ens

865 5372 874 5403 ¹
888 5371 966 5425 entia
980 5371 1011 5425 P.
1026 5404 1058 5410 --
1080 5371 1130 5424 'in
1145 5372 1212 5425 cnm.
1229 5372 1258 5425 P.
1274 5404 1305 5410 --
1325 5371 1428 5442 aqund
1444 5371 1513 5424 add.
1528 5372 1557 5424 P.
1573 5403 1604 5410 —
1620 5374 1628 5401 ⁴
1644 5389 1698 5424 orn.
1715 5371 1744 5424 l'.
1759 5403 1787 5409 —
1806 5372 1858 5425 ⁵et
1873 5374 1936 5441 ens}
1951 5390 2005 5427 nnn
2022 5374 2051 5426 P.
2067 5404 2099 5411 --
2120 5371 2211 5427 ⁰ideo
2225 5374 2256 5428 P.

775 5489 809 5498 -
830 5458 940 5512 'etiam
961 5459 992 5511 P.

864 5640 904 5701 ll)
923 5636 1133 5691 Aristotelis
1155 5638 1372 5708 lietaplrysr'cae
1392 5637 1407 5689 l.
1429 5637 1469 5689 lll
1491 5636 1536 5703 [al.
1551 5637 1609 5704 lvi,
1629 5654 1653 5690 c.
1673 5640 1691 5689 ‘2
1710 5646 1748 5708 (p.
1766 5640 1853 5695 1003t.
1873 5635 1959 5692 Ταύτὸ
1977 5638 2029 5709 γὰρ
2047 5638 2082 5698 εἷς
2100 5634 2254 5708 ἅνθρωπος,

775 5723 819 5775 καὶ
836 5718 874 5775 ὢν
891 5718 1037 5792 ἅνθρωπος
1055 5726 1099 5775 καὶ
1117 5720 1261 5792 ἅνδρωπος
1280 5725 1323 5775 καὶ
1342 5721 1393 5792 οὐχ
1411 5722 1500 5791 ἕτερόν
1519 5742 1543 5774 τι
1561 5725 1637 5788 δηλοῖ
1655 5724 1724 5775 κατὰ
1742 5723 1789 5788 τὴν
1807 5721 1873 5784 λέξιν
1894 5719 2153 5787 ἐπαναδιπλούμενσν
2170 5722 2202 5774 τὸ
2220 5722 2256 5782 εἷς

775 5802 842 5858 ἐστὶν
860 5802 1000 5874 ἅνθρωπος
1018 5807 1062 5858 καὶ
1081 5798 1148 5858 ἔστιν
1166 5802 1311 5875 ἂνξ-ρωπος
1326 5821 1332 5832 ’
1346 5807 1426 5869 δῆλον
1438 5802 1503 5858 δ’ὅτι
1515 5803 1546 5858 οὗ
1559 5804 1703 5875 χωρίζεται
1720 5801 1783 5875 οὔτ’,
1794 5803 1838 5858 ἐπὶ
1855 5802 1981 5876 γενέσεως
1999 5798 2054 5856 οὔτ’
2073 5801 2116 5856 ἐπὶ
2135 5808 2253 5874 φθορᾶς.

774 5886 875 5953 ὁμοίως
893 5889 921 5940 δε
939 5889 984 5940 καὶ
1002 5885 1044 5940 ἐπὶ
1062 5893 1108 5940 τοῦ
1128 5886 1214 5947 ἑνός...
1235 5882 1295 5940 4Ἔτι
1313 5883 1353 5952 δ’τ]
1373 5886 1485 5940 ἑκάστου
1504 5885 1578 5940 οὐσία
1597 5887 1622 5939 ἓν
1641 5886 1708 5940 ἐστιν
1727 5885 1758 5939 οὐ
1776 5886 1844 5939 κατὰ
1862 5884 2043 5955 συμβεβηκός,
2058 5885 2159 5952 ὁμοίως
2171 5886 2199 5939 δὲ
2211 5888 2256 5939 καὶ

775 5970 882 6045 ὅπερὸν
894 5993 919 6028 τι
932 5992 939 6004 ·
951 5971 1020 6029 anfi·
1040 5973 1088 6028 ὅσα
1106 5995 1157 6045 περ
1174 5980 1221 6028 τοῦ
1240 5976 1295 6035 ἐνὸς
1314 5972 1378 6040 εἴδη,
1399 5981 1506 6028 τοιαῦτα
1526 5977 1570 6029 καὶ
1587 5981 1633 6028 τοῦ
1652 5971 1727 6035 ὄντος
1746 5973 1822 6028 ἐςτίν.
1847 6004 1878 6011 -
1899 5976 1938 6038 l‘2)
1959 5970 2142 6024 Averrois
2162 5967 2255 6024 Matu-

770 6058 910 6131 physicae
929 6060 945 6111 l.
966 6060 1015 6123 lv',
1035 6078 1059 6114 c.
1079 6064 1096 6113 2
1116 6060 1146 6117 rr'.
1166 6063 1200 6113 32
1221 6060 1335 6126 lla-llll.
