6700 7992
896 1385 932 1436 44
1262 1382 1454 1439 MAGISTRI
1482 1382 1703 1439 GODEFRlDl
1731 1383 1784 1437 DE
1811 1382 2010 1439 FONTIBUS

897 1582 1030 1649 ponere
1061 1561 1144 1628 illud
1176 1583 1256 1629 esse
1287 1560 1527 1629 substantiam.
1561 1563 1698 1627 Ponere
1729 1582 1815 1650 ergo
1847 1561 2013 1629 accidens
2045 1563 2139 1648 quod
2172 1563 2265 1630 dicat
2302 1584 2374 1631 rem

871 1675 999 1743 aliam
1026 1699 1047 1742 a
1077 1677 1273 1744 substantia
1300 1688 1334 1744 et
1356 1677 1441 1743 illud
1469 1699 1542 1743 non
1571 1698 1650 1744 esse
1677 1677 1713 1742 in
1730 1678 1826 1744 alio¹
1855 1690 1893 1743 ut
1919 1677 1955 1743 in
1982 1678 2141 1745 subiecto
2165 1689 2219 1745 est
2243 1700 2375 1766 ponere

897 1793 981 1859 illud
1005 1816 1084 1860 esse
1111 1794 1341 1860 substantiam
1358 1805 1393 1860 et
1408 1792 1574 1860 accidens
1598 1793 1709 1859 simul.
1727 1793 1854 1860 Nonne
1878 1793 2115 1879 Philosophus
2132 1797 2179 1880 (1)
2203 1794 2238 1860 in
2263 1795 2375 1881 primo

898 1907 986 1975 libro
1002 1930 1068 1975 suo
1085 1909 1144 1994 qui
1172 1909 1289 1995 pueris
1313 1909 1349 1974 in
1377 1908 1548 1995 principio
1569 1908 1706 1996 legitur,
1731 1908 1864 1975 scilicet
1891 1908 1926 1974 in
1950 1908 2252 1996 praedicamentis
2276 1911 2376 1997 ponit

897 2027 991 2091 hanc
1007 2011 1212 2091 divisio'nem
1238 2047 1300 2110 per
1323 2024 1522 2090 immediata
1546 2025 1641 2110 quod
1659 2045 1779 2090 eorum
1804 2047 1895 2110 quae
1918 2036 2009 2105 sunt,
2034 2025 2207 2111 quaedam
2227 2025 2263 2091 in
2279 2027 2375 2093 nullo

898 2139 1057 2206 subiecto
1089 2151 1171 2206 sunt
1197 2151 1235 2206 ut
1265 2142 1372 2206 homo
1403 2141 1458 2206 vel
1491 2141 1664 2221 SocrateS,
1694 2140 1760 2206 alia
1791 2140 1826 2206 in
1857 2140 2015 2206 subiecto
2044 2151 2125 2206 sunt
2152 2140 2256 2207 non¹
2286 2140 2376 2208 sicut

898 2276 989 2342 paro,
1020 2265 1054 2322 et
1084 2254 1300 2342 impossibile
1329 2267 1382 2321 est
1409 2278 1452 2322 ea
1478 2277 1558 2322 esse
1585 2255 1662 2322 sine
1690 2255 1775 2321 bis³
1805 2256 1841 2321 in
1869 2256 1996 2340 quibus
2029 2266 2111 2321 sunt
2138 2267 2175 2321 ut
2200 2257 2316 2322 album
2341 2268 2375 2324 et

898 2370 1124 2460 grammatica
1151 2384 1185 2437 et
1211 2371 1421 2451 huiusmodi,
1455 2383 1489 2438 et
1516 2394 1637 2458 parum
1669 2382 1750 2459 post
1780 2372 1879 2458 ponit
1906 2371 2008 2437 aliam
2036 2371 2244 2438 divisionem
2272 2371 2374 2438 etiam

898 2485 987 2553 entis
1015 2486 1050 2551 in
1082 2487 1258 2552 communi
1290 2486 1357 2552 iam
1388 2487 1468 2553 sic⁴
1501 2486 1599 2553 divisi
1615 2486 1636 2567 ⁶,
1665 2487 1788 2554 dicens
1813 2491 1885 2570 (2):
1915 2509 2033 2553 eorum
2063 2509 2153 2572 quae
2181 2489 2375 2554 secundum

898 2603 1028 2668 nullam
1060 2602 1339 2689 complexionem
1364 2602 1536 2683 dicuntur,
1561 2602 1737 2690 singulum
1769 2614 1829 2668 aut
1854 2602 2082 2668 substantiam
2115 2601 2290 2690 significat
2318 2613 2377 2669 aut

898 2717 1124 2802 quantitatem
1149 2729 1209 2783 aut
1232 2716 1431 2804 qualitatem
1455 2729 1515 2783 aut
1538 2719 1582 2783 ad
1608 2718 1737 2802 aliquid
1762 2729 1796 2784 et
1819 2719 1961 2785 cetera?

987 2832 1076 2899 Cum
1108 2853 1194 2922 ergo
1224 2855 1359 2899 summe
1392 2833 1534 2900 difficile
1567 2833 1609 2899 sit
1643 2833 1836 2922 intelligere
1868 2833 1963 2918 quod
1996 2833 2169 2919 quantitas
2200 2844 2235 2899 et
2267 2835 2376 2919 quod·

898 2968 1048 3034 cumque
1072 2949 1237 3015 accidens
1260 2949 1296 3014 in
1320 2960 1540 3016 sacramento
1564 2948 1681 3015 altaris
1698 2949 1733 3013 in
1750 2948 1874 3014 virtute
1891 2948 2009 3014 divina
2032 2959 2149 3035 potest
2172 2971 2251 3015 esse
2275 2948 2377 3015 sine⁸

898 3063 1068 3145 subiecto,
1088 3064 1242 3130 mirabile
1267 3075 1319 3132 est
1343 3066 1437 3149 quod
1462 3065 1585 3149 aliquis
1610 3066 1797 3152 theologus
1822 3064 1926 3130 audet
1951 3065 2067 3130 dicere
2091 3066 2185 3149 quod
2210 3065 2375 3130 accidens

897 3181 990 3246 reale
1012 3202 1132 3247 verum
1156 3192 1190 3246 et
1214 3181 1315 3246 aliam
1343 3202 1414 3246 rem
1440 3181 1562 3246 dicens
1586 3202 1689 3265 quam
1716 3180 1910 3245 substantia
1934 3181 1987 3246 vel
2012 3182 2258 3265 quodcumque
2282 3180 2375 3245 aliud

898 3296 1064 3362 accidens
1088 3297 1283 3362 secundum
1307 3307 1465 3362 naturam
1490 3297 1602 3382 possit
1627 3318 1706 3362 esse
1730 3294 1835 3361 sine⁷
1858 3295 2028 3361 subiecto,
2047 3295 2084 3362 Si
2109 3307 2224 3360 autem
2242 3295 2376 3361 dicatur

898 3412 994 3497 quod
1017 3413 1085 3478 tale
1109 3412 1275 3479 accidens
1300 3423 1352 3478 est
1375 3412 1506 3492 relatio,
1534 3412 1626 3478 idem
1655 3411 1909 3478 inconveniens
1934 3424 1987 3476 est
2011 3411 2055 3476 de
2083 3410 2252 3478 relatione
2280 3413 2375 3497 quod

898 3528 943 3594 de
959 3526 1026 3594 alio
1051 3528 1243 3609 accidente,
1268 3527 1349 3613 quia
1376 3527 1523 3614 posito⁸
1546 3528 1640 3613 quod
1666 3548 1738 3592 non
1762 3528 1890 3592 habeat
1917 3526 2018 3591 aliam
2043 3526 2231 3592 realitatem
2256 3549 2275 3591 a
2300 3528 2376 3592 fun·

898 3643 1063 3710 damento
1091 3664 1158 3709 nec
1185 3643 1279 3709 aliud
1307 3643 1473 3710 accidens
1497 3654 1559 3722 est,
1584 3644 1647 3709 sed
1676 3664 1744 3709 nec
1776 3642 1869 3707 aliud
1899 3642 2016 3708 inesse
2047 3644 2154 3707 habet
2185 3662 2252 3708 nec
2283 3663 2375 3708 com-

898 3758 1109 3845 positionem
1128 3758 1139 3794 ⁰
1162 3758 1254 3826 facit.
1273 3759 1392 3825 Posito
1416 3770 1530 3824 autem
1549 3760 1644 3844 quod
1661 3758 1810 3844 aliquam
1829 3758 2075 3843 proprietatem
2098 3758 2223 3823 realem
2248 3759 2377 3824 habeat

898 3884 933 3941 et
959 3874 1063 3941 faciat
1088 3856 1170 3941 cum
1198 3875 1394 3941 substantia
1421 3887 1455 3940 et
1483 3874 1558 3941 eius
1586 3874 1654 3939 alio
1684 3873 1866 3940 accidente
1894 3873 2147 3939 multitudinem
2179 3873 2255 3938 sine
2283 3895 2375 3939 com·

898 3989 1073 4076 positione
1094 3990 1118 4026 ¹⁰
1146 4000 1179 4056 et
1210 3989 1427 4056 inhaerentia
1454 3990 1544 4056 sicut
1575 3989 1705 4074 aliquid
1738 3989 1906 4054 assistens
1939 4000 1973 4054 et
2000 3990 2193 4054 secundum
2226 4010 2264 4054 se
2296 3991 2376 4054 sub·

898 4105 1036 4187 sistens,
1061 4117 1255 4191 sequuntur
1277 4105 1561 4172 inconvenientia
1585 4104 1728 4170 infinita.

987 4220 1136 4308 Explicit
1159 4221 1308 4307 primum
1333 4221 1511 4307 quodlibet
1536 4219 1730 4286 Godefridi.
1755 4219 1880 4306 Incipit
1904 4219 1997 4284 aliud
2019 4219 2052 4283 ¹¹.

989 4508 997 4541 ¹
1017 4506 1115 4579 aliquo
1135 4506 1308 4561 V.-¹nec
1328 4506 1405 4559 P.—
1425 4505 1506 4559 ⁸illis
1526 4506 1697 4559 P.-¹om.
1718 4504 1876 4557 P.—⁵sic
1900 4504 1969 4557 add.
1984 4504 2014 4557 P.
2030 4505 2157 4558 -⁸om.
2177 4505 2208 4558 P.
2224 4537 2257 4545 —
2274 4504 2324 4559 'in
2344 4506 2375 4559 Ρ.

898 4627 932 4636 -
952 4593 1129 4666 ⁸proposito
1143 4595 1173 4648 P.
1188 4595 1245 4633 —0
1265 4592 1467 4665 operationem
1487 4593 1517 4647 P.
1533 4626 1566 4632 —
1589 4595 1609 4623 ¹⁰
1622 4591 1795 4663 operatione
1813 4592 1843 4644 P.
1864 4624 1897 4630 -
1914 4593 1932 4623 ²¹
1954 4591 2081 4663 Explicit
2097 4623 2129 4631 -
2144 4591 2233 4661 aliud]
2249 4592 2376 4663 Explicit

899 4681 1056 4738 Godefridi
1069 4681 1230 4754 quodlibet.
1244 4680 1350 4752 lncipit
1362 4680 1510 4735 secundus
1524 4680 1558 4734 V.

987 4890 1027 4954 (l)
1040 4884 1253 4940 Aristotelis
1267 4885 1510 4958 categoriarum,
1524 4888 1574 4939 c.2
1588 4885 1762 4956 (vol.I‚p.l).
1775 4892 1833 4942 Τῶν
1846 4884 1929 4941 ὄντων
1941 4889 1974 4941 τὰ
1988 4886 2034 4953 μὲν
2046 4886 2106 4940 καθ’
2117 4884 2294 4954 ὑποκειμένου
2306 4887 2374 4948 τινὸς

897 4967 1012 5043 λέγεται,
1035 4967 1062 5025 ἐν
1084 4966 1253 5038 ὑποκιιμένω
1275 4969 1304 5024 δὲ
1326 4969 1412 5025 ουδενί
1434 4967 1511 5032 ἐστιν,
1533 4970 1588 5024 οἱον
1609 4966 1748 5039 ἅνθρωπος
1769 4971 1827 5023 καθ’
1848 4968 2025 5036 ὑποκειμένου
2047 4969 2093 5035 μὲν
2114 4967 2220 5040 λέγεται
2239 4974 2286 5023 τοῦ
2306 4969 2374 5030 τινὸς

897 5051 1048 5122 ἀνθρώπου,
1062 5051 1088 5106 ἐν
1100 5049 1268 5123 ὑποκειμένῳ
1279 5052 1308 5106 δὲ
1320 5050 1405 5106 οὐδενί
1417 5050 1481 5106 ἐστι·
1494 5053 1526 5105 τὰ
1538 5052 1567 5105 δὲ
1579 5050 1605 5106 ἐν
1617 5049 1786 5122 ὑποκειμένῳ
1805 5049 1852 5118 μέν
1870 5051 1933 5113 ἐστι,
1953 5053 2011 5105 καθ’
2030 5049 2207 5117 ὑποκειμένου
2224 5051 2252 5104 δὲ
2270 5049 2375 5112 οὐδενὸς

897 5132 1003 5208 λέγεται
1019 5132 1056 5201 (ἐν
1073 5132 1241 5205 ὑποκειμένῳ
1253 5134 1282 5188 δὲ
1294 5132 1375 5205 λέγω,
1389 5139 1403 5188 ὃ
1416 5131 1441 5188 ἔν
1454 5153 1502 5187 τινι
1516 5135 1552 5200 μὴ
1565 5135 1601 5194 ὡς
1616 5131 1696 5203 μέρος
1709 5132 1830 5204 ὕπαρχον
1842 5133 1969 5188 ἀδύνατον
1982 5135 2065 5204 χωρὶς
2078 5133 2142 5186 εἶναι
2154 5138 2200 5186 τοῦ
2213 5132 2239 5187 ἑν
2251 5134 2274 5202 ᾧ
2287 5131 2373 5196 ἐστίν),

897 5218 952 5271 οἷον
970 5217 987 5284 ἡ
1007 5219 1045 5278 τὶς
1063 5217 1236 5291 γραμματικὴ
1255 5215 1282 5270 ἐν
1299 5214 1467 5287 ὑποκειμένῳ
1486 5214 1533 5283 μέν
1551 5215 1606 5269 ἐστι
1623 5223 1655 5286 τῇ
1674 5219 1759 5287 ψυχῇ,
1782 5217 1839 5269 καθ’
1860 5213 2037 5282 ὑποκειμένου
2057 5215 2079 5267 δ’
2098 5212 2203 5275 οὐδενὸς
2221 5213 2326 5286 λέγεται

898 5333 931 5342 -
955 5305 994 5370 (2)
1018 5300 1102 5369 Ibin,
1124 5319 1149 5357 c.
1168 5303 1194 5356 4.
1213 5303 1271 5353 Τῶν
1294 5298 1363 5352 κατά
1386 5297 1516 5366 μηδεμίαν
1540 5298 1698 5364 συμπλοκὴν
1721 5295 1873 5368 λεγομένων
1896 5297 2007 5351 ἕκαστον
2028 5293 2087 5362 ἤτοι
2107 5295 2196 5350 οὐσίαν
2216 5296 2337 5363 σημαίνει
2357 5299 2373 5366 ἢ

897 5385 980 5441 ποσὸν
992 5384 1008 5452 ἢ
1021 5385 1096 5440 ποιὸν
1108 5384 1125 5452 ἢ
1138 5385 1205 5457 πρός
1217 5405 1242 5440 τι
1253 5385 1269 5453 ἢ
1282 5392 1334 5440 ποῦ
1347 5385 1362 5452 ἢ
1375 5385 1441 5440 ποτὲ
1454 5385 1470 5452 ἢ
1484 5391 1583 5440 κεῖσθαι
1596 5385 1611 5451 ἢ
1626 5379 1696 5457 ἔχειν
1710 5386 1725 5450 ’ἢ
1739 5393 1823 5440 ποιεῖν
1837 5385 1852 5451 ἢ
1865 5385 1987 5457 πάσχειν.
