6700 7992
1336 1458 1553 1513 SECUNDUn
1582 1459 1881 1528 QUODLIBETUM,
1908 1459 1944 1531 Q.
1974 1460 2016 1513 lll
2379 1461 2413 1514 75

935 1650 971 1702 61
996 1638 1125 1703 dictum
1151 1651 1212 1714 est,
1230 1639 1428 1703 huiusmodi
1456 1661 1557 1702 suom
1582 1660 1670 1716 esse,
1689 1638 1768 1722 quia
1798 1638 1881 1703 illud
1909 1661 1979 1702 non
2008 1641 2114 1703 habet
2142 1660 2183 1704 ex
2207 1660 2256 1715 se,
2274 1661 2413 1725 semper

934 1754 1017 1818 illud
1047 1756 1151 1819 habet
1179 1777 1199 1819 a
1228 1755 1303 1819 Deo
1332 1753 1424 1818 sihi¹
1454 1755 1658 1839 acquisitum
1686 1756 1729 1818 ‹le
1755 1777 1826 1819 non
1859 1778 1937 1819 esse
1966 1755 2020 1819 vel
2048 1756 2091 1819 tle
2118 1754 2236 1833 nihilo,
2265 1777 2337 1820 non
2362 1754 2412 1821 sic

935 1871 1029 1953 quod
1059 1870 1140 1934 illud
1173 1870 1267 1955 prius
1297 1870 1479 1935 duratione
1508 1892 1578 1933 non
1609 1872 1764 1948 haberet,
1793 1871 1855 1934 666
1885 1870 1965 1955 6616
1993 1870 2076 1935 illud
2105 1892 2208 1936 exse
2233 1892 2411 1955 nunquam

933 1987 1049 2065 habet,
1064 1998 1097 2050 et
1114 2000 1280 2070 quantum
1300 2002 1351 2051 est
1366 1986 1377 2019 ²
1394 2007 1434 2051 ex
1453 1986 1586 2050 ratione
1604 2008 1666 2050 sua
1684 1988 1844 2051 absolute
1863 2000 1983 2070 posset
2000 1986 2065 2050 sibi
2082 2008 2161 2052 esse
2176 1987 2188 2021 ³
2204 1986 2411 2071 acquisitum

935 2105 978 2168 de
998 2124 1092 2167 novo
1107 2103 1128 2180 ⁴,
1154 2102 1232 2167 licet
1250 2104 1293 2166 ab
1319 2116 1461 2167 aeterno
1487 2102 1665 2166 habuisset
1691 2124 1770 2166 esse
1794 2123 1867 2165 non
1892 2101 2098 2186 acquisitum
2124 2115 2205 2187 post
2224 2124 2297 2168 non
2322 2124 2411 2182 esse,

934 2219 996 2283 sed
1026 2219 1118 2283 dicto
1144 2217 1276 2282 6161165
1300 2218 1517 2301 acquisitum.
1544 2217 1636 2300 Quia
1662 2218 1754 2282 enim
1779 2239 1858 2281 esse
1890 2218 2069 2282 habuisset
2097 2217 2205 2283 libera
2232 2219 2411 2284 voluntate

934 2335 999 2398 Dei
1028 2336 1122 2399 nulla
1150 2333 1360 2398 necessitate
1388 2335 1556 2409 absoluta,
1582 2334 1662 2397 ideo
1692 2334 1793 2398 etiam
1819 2336 1863 2397 ab
1888 2345 2030 2398 aeterno
2056 2333 2215 2398 absolute
2240 2336 2411 2418 potuisset

933 2472 1006 2514 non
1037 2451 1156 2529 fuisse,
1183 2462 1216 2514 et
1242 2463 1320 2534 post
1348 2472 1419 2513 non
1450 2471 1527 2514 esse
1556 2450 1723 2514 habuisse
1752 2471 1830 2514 esse
1860 2449 2078 2533 acquisitum,
2105 2449 2221 2514 sieutl
2248 2462 2281 2515 et
2307 2453 2411 2516 modo

934 2587 1012 2631 cunr
1037 2568 1142 2630 habet
1172 2588 1191 2630 a
1222 2567 1299 2630 Deo
1324 2587 1403 2630 esse
1420 2564 1440 2642 ⁷,
1473 2566 1554 2648 6616
1577 2565 1685 2630 libera
1710 2569 1888 2630 maluntate
1914 2577 1965 2630 est
1990 2568 2034 2630 ab
2059 2566 2150 2650 ipso,
2176 2578 2209 2631 et
2234 2567 2284 2632 sic
2309 2566 2410 2632 etiam

934 2684 1093 2747 absolute
1118 2682 1290 2767 potuisset
1319 2703 1389 2745 non
1418 2704 1495 2746 esse
1525 2684 1568 2745 ab
1597 2682 1674 2766 ipso
1703 2682 1736 2745 in
1766 2683 1833 2747 hoc
1861 2681 2011 2746 instanti.
2040 2683 2123 2747 hleo
2149 2682 2251 2747 etiam
2280 2682 2314 2747 in
2343 2685 2412 2748 hoe

933 2798 1075 2863 instanti
1101 2798 1260 2863 absolute
1284 2799 1462 2882 loquendo
1488 2810 1608 2882 posset
1633 2798 1698 2861 sibi
1723 2798 1853 2882 acquiri
1878 2809 1958 2882 post
1982 2819 2053 2862 666
2083 2820 2162 2864 6666
2190 2799 2375 2864 duratione
2390 2799 2410 2879 ⁸,

933 2914 1013 2980 licet
1041 2935 1082 2979 ex
1110 2913 1352 2999 suppositione
1380 2914 1414 2977 in
1444 2926 1610 2997 quantum
1643 2914 1775 2979 scilieet
1803 2913 1868 2977 iam
1895 2913 1973 2978 est⁹
2004 2913 2069 2978 sibi
2094 2913 2312 2998 acquisitum,
2337 2913 2411 2980 sive

933 3029 1152 3113 inquantum
1178 3051 1272 3094 nunc
1291 3042 1343 3094 est
1370 3031 1486 3107 horne,
1513 3052 1584 3093 non
1611 3029 1731 3114 possit.
1751 3029 1810 3093 Sic
1835 3029 1936 3093 etiam
1962 3028 2224 3117 intelligendum
2240 3042 2292 3095 est
2316 3031 2411 3114 quod

934 3147 1030 3210 Deus
1049 3146 1178 3210 faceret
1202 3156 1394 3211 creaturam
1420 3167 1498 3210 esse
1527 3147 1570 3210 de
1599 3167 1670 3208 non
1697 3166 1786 3219 esse,
1812 3157 1845 3210 et
1870 3166 1942 3208 non
1966 3145 2078 3210 solum
2107 3146 2204 3210 daret
2232 3156 2412 3211 creaturae

934 3273 971 3327 ut
988 3274 1080 3327 esset
1108 3263 1142 3326 in
1172 3263 1264 3326 16616
1294 3283 1372 3326 6666
1397 3276 1431 3325 61
1455 3283 1509 3326 res
1535 3273 1668 3325 crearet
1693 3260 1727 3324 in
1745 3282 1823 3325 esse
1848 3271 1881 3325 61
1906 3272 2139 3340 conservaret,
2165 3261 2192 3325 si
2218 3272 2409 3327 creaturam

933 3381 977 3443 ab
1004 3391 1146 3443 aeterno
1176 3379 1336 3456 fecisset,
1367 3377 1412 3441 ita
1440 3390 1554 3442 tamen
1584 3378 1678 3463 quod
1707 3379 1795 3442 haec
1823 3399 1894 3441 non
1924 3376 2100 3442 differrent
2117 3398 2154 3442 re
2179 3378 2241 3443 sed
2266 3377 2409 3443 ratione.

932 3495 1020 3558 Nam
1049 3494 1083 3557 in
1113 3506 1279 3577 quantum
1310 3504 1467 3557 creatura
1491 3492 1712 3557 considerata
1738 3492 1932 3557 secundum
1958 3514 1996 3558 se
2020 3503 2057 3557 ut
2080 3495 2215 3558 hahens
2243 3507 2410 3579 quantum

934 3620 985 3675 est
995 3611 1046 3699 ¹de
1064 3631 1101 3673 66
1119 3631 1190 3673 666
1209 3630 1298 3688 6666,
1316 3608 1518 3695 intelligitur
1535 3631 1635 3672 suum
1654 3630 1732 3673 esse
1757 3610 1887 3674 habere
1911 3610 1955 3672 ab
1980 3608 2048 3673 alio
2066 3612 2113 3691 (et
2137 3609 2188 3675 sic
2212 3609 2411 3697 intelligitur

933 3725 978 3789 ibi
996 3747 1068 3790 non
1086 3725 1110 3760 ¹⁰
1127 3747 1205 3790 esse
1223 3725 1317 3810 prius
1335 3735 1457 3789 natura
1486 3735 1519 3789 et
1548 3746 1626 3789 esse
1654 3724 1828 3809 posterius
1855 3724 1934 3789 licet
1963 3724 2144 3790 duratione
2161 3746 2231 3790 non
2257 3725 2409 3808 distent),

939 3840 1058 3906 licitur
1085 3841 1156 3906 fieri
1187 3864 1248 3926 per
1275 3853 1472 3926 respectum
1501 3841 1545 3904 ad
1575 3863 1646 3905 non
1677 3862 1755 3906 esse
1776 3841 1993 3925 praecedens
2022 3840 2115 3905 dicto
2140 3841 2245 3905 modo
2269 3841 2314 3907 de
2338 3863 2410 3906 non

932 3978 1009 4022 esse
1027 3957 1051 3992 ¹¹
1083 3969 1117 4021 et
1145 3956 1253 4021 creari
1282 3978 1301 4019 a
1331 3957 1418 4033 Dec,
1437 3955 1627 4020 motatione
1653 3957 1803 4039 quadam
1826 3955 2035 4034 indivisibili,
2056 3978 2128 4021 non
2152 3956 2233 4021 reali
2258 3958 2410 4022 habente

930 4072 1096 4137 terminos
1135 4072 1271 4137 realiter
1310 4085 1343 4136 et
1382 4074 1575 4136 secundum
1616 4071 1832 4136 durationem
1877 4070 2070 4150 distinctos
2110 4073 2173 4137 sed
2213 4074 2406 4138 secundum

931 4188 1099 4253 rationem
1124 4188 1197 4253 sive
1222 4189 1417 4253 secundum
1442 4187 1653 4253 intellectum
1679 4187 1868 4264 distantes;
1894 4187 1927 4250 16
1953 4197 2120 4271 quantum
2145 4209 2226 4253 vere
2251 4200 2408 4254 creatura

931 4304 1172 4369 consideratur
1189 4318 1225 4369 ut
1243 4305 1325 4388 quid
1343 4304 1377 4368 in
1395 4317 1474 4368 actu
1499 4303 1700 4388 simpliciter
1716 4304 1873 4388 perfecto
1898 4315 1931 4367 et
1955 4324 2026 4367 666
2044 4303 2078 4367 16
2104 4302 2247 4367 nihilum
2265 4305 2407 4384 cadens,

930 4420 1055 4486 <licitur
1085 4422 1215 4486 habere
1248 4442 1327 4485 esse
1359 4420 1392 4483 16
1426 4421 1519 4484 16616
1552 4441 1631 4484 6666
1663 4418 1738 4483 sive
1770 4418 1970 4484 conservari
2010 4440 2071 4504 per
2110 4419 2407 4504 comparationem

930 4537 975 4600 ad
995 4558 1066 4600 non
1084 4557 1163 4601 esse
1187 4557 1339 4620 sequens
1368 4536 1462 4620 quod
1487 4557 1558 4599 non
1584 4535 1676 4599 cadit
1701 4534 1904 4599 causalitate
1929 4534 2045 4599 divina
2069 4556 2167 4599 suam
2192 4534 2406 4600 influentiam

931 4673 1000 4735 qua
1031 4652 1193 4736 produxit
1225 4652 1258 4716 in
1289 4673 1367 4716 esse
1400 4674 1472 4715 non
1505 4653 1741 4728 subtrahente,
1770 4664 1807 4714 ut
1832 4672 1944 4735 nuper
1968 4650 2029 4714 fuit
2055 4651 2275 4715 declaratum.
2305 4651 2408 4717 Unde

930 4770 1021 4833 bene
1052 4768 1188 4834 videtur
1220 4789 1298 4833 esse
1330 4767 1459 4832 dictum
1499 4768 1594 4851 66611
1633 4767 1796 4846 mundus,
1829 4766 1857 4830 si
1897 4766 2020 4831 fuisset
2058 4768 2102 4830 ab
2142 4777 2295 4847 aeterno,
2335 4789 2406 4832 non

931 4884 1124 4970 accepisset
1155 4907 1175 4948 a
1207 4885 1285 4949 Deo
1317 4906 1396 4948 esse
1429 4906 1490 4968 per
1521 4883 1748 4947 mutationem
1780 4883 1907 4947 realem
1943 4896 1976 4947 et
2008 4882 2148 4968 proprie
2176 4881 2314 4963 dictam,
2343 4884 2406 4948 sed

929 5022 1067 5086 semper
1094 5000 1274 5065 habuisset
1302 5022 1380 5065 esse
1409 5002 1452 5064 61)
1481 5021 1524 5064 66
1553 5021 1615 5084 per
1641 4998 1832 5084 simplicem
1862 4997 2027 5062 influxum
2046 4998 2078 5062 ¹².
2108 4999 2154 5065 Ut
2181 4998 2270 5064 sicut
2301 4999 2406 5064 Filius

930 5119 1035 5183 habet
1062 5138 1141 5182 esse
1169 5119 1213 5181 ab
1241 5129 1383 5182 aeterno
1412 5138 1432 5180 a
1460 5118 1561 5180 Patre
1592 5115 1626 5180 in
1663 5114 1842 5179 identitate
1874 5115 2089 5180 substantiae
2121 5137 2183 5199 per
2214 5115 2405 5202 simplicem

929 5235 1096 5298 mtluxum
1124 5255 1194 5297 non
1224 5255 1286 5318 per
1313 5232 1549 5311 mutationem,
1578 5232 1623 5295 116
1651 5232 1802 5295 mundus
1834 5233 1978 5296 haberet
2010 5252 2089 5296 esse
2124 5232 2168 5295 ab
2201 5244 2343 5296 aeterno
2372 5231 2405 5296 in

930 5349 1130 5414 diversitate
1153 5349 1368 5414 substantiae
1394 5370 1455 5434 per
1479 5347 1678 5411 huiusmodi
1705 5347 1882 5411 influxum.

1018 5465 1056 5531 Si
1084 5477 1199 5529 autem
1228 5464 1270 5529 611
1298 5465 1345 5529 116
1373 5464 1557 5528 manifesta
1583 5462 1815 5550 repugnantia
1844 5463 2090 5540 intellectuum,
2116 5462 2238 5528 mirum
2270 5462 2407 5528 videtur

1020 5807 1027 5835 ¹
1040 5804 1084 5857 sic
1107 5802 1136 5856 P.
1151 5836 1184 5843 —
1205 5805 1283 5856 ’6)6.
1307 5804 1336 5856 Ρ.
1358 5835 1389 5842 -
1410 5803 1489 5856 ³sibi
1509 5804 1585 5870 esse}
1606 5819 1672 5855 esse
1693 5801 1748 5854 sibi
1770 5802 1800 5854 P.
1823 5834 1853 5839 —
1875 5804 1884 5832 ⁴
1897 5802 1976 5855 bono
1996 5801 2027 5855 P.
2047 5833 2080 5841 -
2102 5803 2179 5854 lom.
2200 5802 2230 5855 P.
2251 5833 2283 5841 —
2305 5802 2405 5856 ⁸enim

927 5892 996 5946 add.
1008 5893 1041 5944 V.
1053 5924 1086 5931 —
1104 5894 1112 5922 ²
1126 5909 1141 5944 6
1160 5892 1224 5944 Deo
1242 5894 1318 5960 esse]
1334 5909 1399 5945 esse
1416 5910 1432 5943 6
1451 5891 1514 5944 Deo
1530 5891 1559 5943 P.
1577 5922 1608 5928 -
1621 5892 1631 5920 “³
1644 5888 1697 5942 sed
1715 5890 1783 5942 add.
1799 5890 1829 5941 P.
1846 5920 1877 5927 -
1889 5891 1899 5920 ⁰
1912 5907 1968 5942 om.
1982 5888 2012 5941 P.
2027 5921 2059 5927 -
2077 5890 2097 5919 ‘⁰
2109 5907 2164 5941 rim.
2179 5890 2210 5942 P.
2225 5922 2256 5927 —
2275 5892 2293 5921 ¹¹
2307 5908 2362 5944 om.
2375 5889 2404 5952 P,

927 6011 960 6019 -
976 5981 997 6012 ¹¹
1009 5997 1068 6032 non
1081 5997 1135 6049 per
1147 5980 1346 6033 mutationem.
1362 5980 1405 6031 lta
1424 5979 1549 6032 mundus
1568 5980 1690 6032 haberet
1710 5997 1775 6032 esse
1795 5980 1832 6032 ab
1846 5986 1966 6032 aeterno
1986 5978 2015 6031 in
2029 5978 2200 6032 diversitate
2219 5981 2403 6035 substantiae

927 6085 981 6139 per
993 6066 1160 6122 huiusmodi
1175 6067 1313 6120 influxum
1327 6068 1396 6120 add.
1410 6068 1441 6120 P.
