6700 7992
1093 1463 1310 1520 SECUNDUM
1339 1462 1639 1535 Quouirsserun,
1668 1462 1704 1534 Q.
1729 1462 1785 1517 v11
2124 1466 2174 1517 vos

693 1644 936 1713 terminatam¹
972 1644 1038 1710 nisi
1071 1643 1186 1730 aliquo
1218 1644 1366 1711 termino
1396 1654 1502 1710 certo.
1535 1643 1607 1710 Sed
1639 1655 1736 1710 certa
1766 1642 1962 1710 terminatio
1995 1641 2174 1710 constituit

694 1773 820 1830 certam
853 1759 1017 1848 speciem,
1046 1771 1080 1827 et
1108 1760 1153 1825 ita
1177 1759 1280 1826 etiam
1308 1759 1523 1845 impossibile
1552 1770 1605 1826 est
1636 1780 1716 1825 esse
1744 1758 1871 1825 animal
1903 1761 2039 1826 habens
2062 1760 2173 1845 pedes

693 1889 727 1945 'et
743 1899 816 1943 non
832 1877 961 1943 habeat
980 1876 1227 1943 determinatos
1244 1877 1364 1962 pedes,
1382 1875 1516 1942 scilicet
1531 1876 1621 1941 duos
1639 1876 1695 1941 vel
1713 1885 1877 1961 quattuor
1893 1877 1947 1942 vel
1962 1875 2172 1956 huiusmodi,

693 2004 727 2061 et
751 1993 878 2060 animal
894 1992 1018 2059 videns
1046 2013 1112 2058 nec
1139 1990 1338 2058 acutissime
1366 1993 1421 2058 vel
1449 1991 1689 2078 limpidissime
1716 2003 1754 2057 ut
1781 1991 1906 2078 aquila,
1934 2013 2001 2059 nec
2026 1992 2174 2059 obtusis·

693 2110 780 2178 sime
807 2110 863 2176 vel
887 2108 987 2175 non²
1020 2107 1260 2195 limpidissime
1288 2118 1326 2173 ut
1353 2119 1492 2188 noctua,
1517 2128 1584 2174 nec
1617 2107 1735 2174 medio
1770 2108 1876 2175 modo
1904 2107 2041 2188 utalia,
2066 2107 2174 2176 etsie

662 2279 665 2285 .
695 2228 739 2309 de
756 2226 841 2293 aliis.

783 2344 902 2427 Quare
941 2341 1077 2407 videtur
1115 2362 1194 2406 esse
1228 2339 1443 2426 impossibile
1483 2339 1622 2425 aliquod
1669 2362 1784 2430 genus
1824 2363 1902 2408 esse
1941 2341 2017 2408 sine
2056 2339 2175 2428 specie

694 2458 954 2545 specialissima,
990 2456 1064 2523 sive
1096 2457 1192 2541 quod
1225 2456 1318 2521 dicat
1347 2457 1493 2521 formam
1524 2455 1625 2521 aliam
1658 2478 1763 2542 quarn
1791 2456 2019 2523 differentiam
2051 2455 2174 2543 ipsam.

696 2574 742 2642 Ut
758 2575 849 2641 enirn
877 2572 1046 2659 exemplis
1063 2572 1326 2659 Philosophia)
1353 2581 1499 2652 utamur,
1517 2570 1607 2638 sicut
1623 2572 1658 2638 in
1676 2572 1816 2639 animali
1843 2572 1972 2660 bipede
1999 2595 2070 2640 non
2095 2584 2176 2639 sunt

655 2686 656 2690 ’
696 2690 811 2776 aliqua
842 2691 923 2770 duo,
955 2690 1085 2755 habere
1114 2688 1223 2774 pedes
1254 2699 1287 2754 et
1327 2689 1458 2754 habere
1489 2689 1580 2755 duos
1619 2689 1740 2775 pedes,
1773 2700 1807 2756 et
1839 2689 1872 2755 in
1906 2689 2056 2756 ternario
2096 2711 2176 2757 esse

696 2821 877 2873 numerum
894 2817 929 2871 et
952 2826 1031 2871 esse
1061 2803 1259 2885 temarium,
1289 2803 1405 2890 itaque
1421 2804 1457 2869 in
1482 2803 1645 2872 omnibus
1669 2816 1723 2871 est
1749 2805 2022 2894 intelligendum.
2052 2807 2176 2872 Forma

696 2942 782 3010 ergo
819 2921 960 3011 generis
1000 2933 1162 3008 respectu
1202 2920 1350 3007 plurium
1390 2919 1587 3006 specierum
1626 2932 1678 2987 est
1717 2943 1787 2987 una
1826 2923 1937 2987 solum
1981 2922 2177 2989 secundum

695 3039 864 3105 rationem
893 3048 927 3104 et
955 3049 1175 3124 conceptum,
1204 3059 1276 3103 non
1305 3048 1421 3102 autem
1449 3038 1645 3103 secundum
1671 3058 1753 3118 rem,
1782 3037 1856 3104 sive
1884 3038 1966 3105 huic
1988 3037 2177 3125 conceptui

696 3164 769 3221 non
785 3153 975 3240 respondet
1003 3175 1073 3218 una
1100 3175 1156 3218 res
1184 3165 1278 3218 extra
1295 3153 1358 3219 sed
1386 3153 1504 3238 plures
1531 3164 1693 3239 respectu
1721 3175 1866 3240 quarum
1894 3164 2010 3220 tamen
2034 3164 2178 3240 propter

697 3269 847 3356 aliquam
879 3268 1117 3355 apparentiam
1149 3268 1184 3333 in
1218 3267 1327 3334 eisin
1363 3267 1489 3353 quibus
1524 3269 1738 3337 conveniunt
1770 3271 1938 3335 formatur
1971 3291 2062 3335 unus
2094 3291 2176 3336 con·

696 3398 821 3473 ceptus
850 3385 952 3450 unius
979 3383 1122 3450 rationis
1151 3385 1194 3450 de
1223 3383 1317 3470 ipsis.
1347 3384 1451 3451 Unde
1475 3383 1557 3450 dicit
1596 3384 1908 3470 Themistius³(2),
1933 3386 2024 3453 circa
2052 3385 2177 3472 princi·

697 3501 793 3588 pium
826 3503 869 3567 de
901 3499 1025 3580 anima,
1060 3499 1155 3584 quod
1185 3520 1300 3586 genus
1332 3511 1385 3565 est
1413 3511 1606 3587 conceptus
1645 3499 1722 3567 sine
1761 3500 1942 3588 hypostasi
1981 3502 2177 3568 summatim

697 3618 866 3685 collectus
894 3637 936 3682 ex
961 3614 1084 3681 tenui⁴
1119 3615 1347 3703 singularium
1379 3615 1612 3696 similitudine,
1646 3617 1784 3703 species
1812 3628 1929 3683 autem
1953 3629 2077 3684 natura
2105 3619 2177 3684 vult

696 3753 776 3801 esse
804 3733 977 3818 quaedam
1006 3743 1039 3798 et
1067 3733 1188 3797 forma.
1218 3731 1261 3796 Et
1289 3730 1369 3797 ideo
1397 3731 1533 3820 logicus
1562 3732 1620 3818 qui
1648 3743 1702 3799 est
1733 3733 1854 3799 artifex
1887 3733 2063 3800 rationalis
2095 3734 2179 3800 dicit

698 3871 811 3939 genus
850 3848 1043 3936 praedicari
1085 3849 1129 3915 de
1168 3846 1356 3934 speciebus
1385 3847 1536 3915 univoce
1575 3859 1719 3936 propter
1756 3849 1924 3916 unitatem
1962 3849 2105 3917 rationis
2144 3861 2179 3917 et

698 3975 904 4054 conceptus
922 3966 1116 4032 secundum
1141 3964 1235 4050 quod
1258 3985 1373 4054 genus
1400 3964 1526 4032 dicitur
1550 3964 1691 4050 aliquod
1716 3987 1825 4031 unum
1853 3967 1965 4032 solum
1982 3968 2178 4034 secundum

699 4082 888 4162 rationem;
928 4081 1095 4168 physicus
1128 4102 1211 4146 vero
1244 4079 1302 4165 qui
1335 4091 1388 4147 est
1419 4080 1541 4147 artifex
1580 4080 1682 4147 realis
1714 4080 1798 4148 dicit
1832 4103 1946 4171 genus
1985 4082 2179 4170 praedicari

699 4198 816 4285 aliquo
840 4199 946 4265 modo
971 4197 1164 4283 aequivoce
1189 4196 1263 4263 sive
1297 4217 1369 4262 non
1402 4196 1602 4283 simpliciter
1632 4196 1794 4280 univoce,
1819 4220 1862 4265 eo
1894 4200 1988 4285 quod
2013 4199 2073 4265 uni
2096 4220 2179 4266 con·

700 4315 817 4402 ceptui
852 4325 886 4382 et
921 4312 1045 4379 rationi
1081 4314 1277 4380 secundum
1312 4312 1523 4379 intellectum
1559 4335 1632 4380 non
1667 4315 1858 4400 respondet
1893 4337 1963 4381 una
1998 4314 2110 4381 forma
2145 4326 2179 4382 et

700 4441 824 4498 natura
850 4430 885 4496 in
909 4452 946 4496 re
966 4441 1070 4510 extra,
1100 4441 1135 4496 et
1158 4430 1354 4496 secundum
1377 4432 1447 4495 hoc
1470 4430 1578 4496 latent
1605 4429 1946 4516 aequivocationes⁵
1972 4431 2007 4497 in
2037 4453 2178 4520 genere.

790 4547 862 4613 Sed
886 4545 916 4612 si
939 4547 1051 4612 forma
1074 4544 1214 4634 generis
1239 4556 1333 4612 esset
1356 4552 1436 4626 una,
1465 4546 1660 4621 secundum
1685 4568 1756 4612 rem
1782 4545 1946 4613 differens
1976 4569 1996 4613 a
2020 4547 2180 4617 differen-

699 4663 767 4744 tiis,
803 4662 894 4729 sicut
937 4663 1059 4728 eadem
1099 4661 1241 4728 materia
1279 4672 1395 4747 potest
1441 4663 1588 4728 subesse
1628 4661 1774 4728 diversis
1812 4663 1943 4744 formis,
1988 4660 2038 4730 ita
2077 4663 2182 4731 etiam.

700 4780 825 4846 eadem
859 4777 1002 4844 materia
1038 4800 1117 4844 cum
1153 4779 1277 4843 eadem
1312 4778 1423 4843 forma
1458 4777 1597 4865 generis
1633 4777 1791 4864 pluribus
1826 4778 2029 4845 differentiis
2060 4791 2180 4867 posset

700 4896 858 4974 subesse,
889 4896 1010 4961 saltem
1042 4894 1242 4960 successive
1277 4905 1311 4959 et
1346 4894 1470 4975 eadem
1504 4915 1661 4974 numero,
1699 4894 1793 4980 quod
1821 4917 1893 4961 non
1929 4895 2100 4983 contingit
2136 4898 2181 4963 de

701 5011 821 5098 specie
854 5021 1016 5096 respectu
1049 5009 1317 5089 individuorum,
1354 5020 1388 5075 et
1420 5008 1471 5076 sic
1506 5020 1601 5076 esset
1633 5009 1742 5075 maior
1773 5010 1887 5076 unitas
1923 5021 1957 5077 et
1981 5010 2180 5079 univocatio

701 5127 841 5217 generis
876 5135 1038 5212 respectu
1069 5125 1264 5212 specierum
1297 5147 1398 5210 quam
1440 5124 1572 5212 speciei
1608 5137 1772 5213 respectu
1802 5124 2069 5193 individuorum.
2102 5129 2182 5196 Hoc

700 5253 817 5310 autem
852 5243 978 5308 falsum
1007 5253 1078 5320 est;
1113 5244 1182 5307 hoc
1218 5240 1338 5306 enim⁶
1372 5241 1481 5308 solius
1516 5241 1681 5309 materiae
1717 5253 1779 5323 est,
1804 5242 1936 5309 scilicet
1959 5244 2071 5330 ipsam
2103 5266 2181 5312 esse

793 5581 801 5611 ¹
822 5586 898 5632 et-
912 5577 1106 5646 terminatam]
1127 5595 1183 5630 om.
1196 5577 1227 5630 P.
1248 5609 1280 5616 —
1301 5577 1311 5608 ²
1324 5593 1379 5630 om.
1394 5576 1428 5630 V.
1442 5577 1500 5616 -³
1521 5577 1592 5631 th’e⁹
1604 5577 1668 5632 PV.
1689 5610 1722 5618 —
1742 5582 1753 5610 ⁴
1766 5596 1822 5633 om.
1837 5580 1869 5635 P.
1888 5612 1921 5621 -
1942 5583 1953 5613 ⁶
1967 5581 2138 5653 questiones
2151 5584 2182 5637 P.

704 5667 762 5707 —0
780 5684 835 5721 om.
856 5666 886 5720 P.
1951 5689 1955 5696 '

792 5917 832 5982 (l)
853 5914 975 5981 lbid.,1.
996 5914 1044 5980 Vl,
1057 5932 1082 5969 c.
1104 5916 1137 5968 12
1158 5919 1197 5985 (p.
1219 5916 1306 5978 1037).
1327 5945 1360 5953 —
1379 5916 1419 5977 (2)
1439 5912 1641 5968 Themistii
1662 5914 1707 5967 De
1725 5916 1840 5985 anima,
1860 5918 1883 5985 1,
1904 5920 1917 5973 l
1940 5918 1997 5987 (ed.
2017 5920 2050 5974 R.
2069 5919 2183 5976 Heinze

704 6001 922 6057 Commentaria
942 6002 971 6055 in
990 6003 1180 6056 Aristotelem
1200 6019 1317 6071 graeca,
1331 6002 1388 6055 vol.
1402 6001 1436 6068 V,
1453 6018 1522 6073 pars
1540 6005 1565 6068 3,
1578 6018 1646 6073 pag.
1660 6005 1698 6069 3).
1716 6002 1752 6055 Τὸ
1765 6003 1812 6069 μὲν
1825 6005 1876 6076 γὰρ
1890 6003 1964 6077 γένος
1982 6004 2097 6074 ἐννόημά
2115 6005 2183 6063 ἐστιν

704 6086 885 6144 ἀνυπόστατον
904 6085 928 6149 ἐξ
948 6087 1066 6159 ἂμυδρᾶς
1084 6093 1137 6140 τῶν
1155 6084 1213 6142 καθ’
1233 6087 1339 6149 ἕκαστα,
1359 6086 1390 6141 τὸ
1408 6086 1436 6141 δὲ
1454 6087 1521 6147 εἶδος
1539 6085 1613 6159 φύσις
1630 6106 1668 6148 τις
1687 6087 1751 6141 εἶναι
1769 6088 1892 6157 βούλεται
1910 6092 1954 6143 καὶ
1972 6090 2073 6163 μορφή.
