6700 7992
1037 1418 1087 1470 ror
1399 1373 1839 1513 iterator-abunda
1868 1417 1920 1473 oa
1949 1405 2147 1474 rouuaus

1034 1611 1196 1681 respectu
1224 1570 1561 1692 differaqtiiieffier'go
1589 1619 1610 1661 a
1633 1598 1745 1662 forma
1769 1618 1839 1662 una
1867 1597 1991 1683 lapidis
2020 1608 2073 1663 est
2097 1596 2257 1683 accipere
2281 1597 2514 1666 differentiam

1035 1722 1069 1777 et
1093 1732 1216 1798 genus.
1230 1691 1340 1799 „gil-⁶
1363 1696 1381 1769 s'

1123 1810 1278 1906 Ulterius
1291 1798 1393 1893 etiam
1419 1827 1557 1894 ostendi
1582 1838 1698 1914 potest
1723 1828 1818 1913 quod
1842 1850 1914 1894 non
1939 1839 2057 1914 potest
2082 1828 2116 1894 in
2140 1850 2273 1917 genere
2295 1830 2514 1898 substantiae

1023 1949 1131 2035 esse·
1152 1922 1281 2028 aliquid
1321 1945 1416 2028 quod
1454 1943 1497 2008 sit
1536 1943 1732 2009 substantia
1770 1955 1914 2025 tantum,
1939 1945 2013 2010 sive
2048 1966 2162 2033 genus
2196 1954 2340 2027 tantum,
2373 1959 2408 2013 et
2438 1969 2514 2013 non

949 2101 973 2151 ·.-
1001 2038 1172 2143 ‘sedecies
1189 2057 1449 2144 specialissima,
1468 2061 1689 2126 ostendendo
1706 2060 1802 2144 quod
1827 2060 2002 2145 quaelibet
2026 2059 2299 2128 substantialitas
2324 2073 2377 2129 est
2399 2062 2513 2150 speci·

862 2153 1014 2260 ς·ἶ.’,”,”’·
1033 2172 1111 2253 fica,
1140 2184 1174 2240 et
1201 2175 1295 2240 nulla
1322 2174 1434 2240 forma
1460 2175 1601 2264 generis
1629 2175 1819 2241 subalterni
1847 2176 1902 2241 vel
1926 2175 2179 2264 generalissimi
2207 2176 2345 2244 realiter
2368 2189 2421 2244 est
2444 2178 2513 2245 alia

843 2269 876 2328 ³²
912 2262 948 2317 ς’
1034 2291 1078 2354 ab
1103 2289 1187 2376 ipsis
1211 2289 1404 2376 specificis3
1434 2291 1515 2376 quia
1542 2291 1718 2375 quaelibet
1745 2291 1857 2356 forma
1884 2290 1919 2357 in
1946 2313 2077 2380 genere
2104 2292 2320 2359 substantiae
2352 2305 2404 2360 est
2431 2296 2513 2360 sub·

1033 2406 1238 2472 stantialitas
1263 2407 1435 2492 quaedam
1467 2402 1715 2486 essentialiter;
1744 2428 1850 2492 quare
1882 2407 2077 2473 substantia
2109 2408 2144 2473 in
2176 2409 2354 2475 communi
2385 2409 2513 2476 dicitur

1034 2523 1079 2589 de
1106 2520 1190 2607 ipsis
1218 2522 1369 2589 univoce
1393 2533 1426 2589 et
1453 2520 1692 2589 essentialiter.
1718 2522 1811 2611 Ergo
1839 2523 2034 2589 substantia
2060 2524 2261 2610 praedicata
2285 2525 2329 2590 de
2353 2525 2513 2612 pluribus

1033 2637 1069 2704 in
1093 2658 1225 2725 genere
1249 2636 1465 2705 substantiae
1488 2659 1561 2704 non
1588 2648 1704 2725 potest
1724 2660 1804 2705 esse
1828 2638 1895 2704 alia
1918 2639 2029 2705 forma
2052 2639 2153 2705 realis
2178 2641 2223 2704 ab
2239 2639 2304 2706 illis
2322 2641 2366 2707 de
2383 2641 2513 2726 quibus

1034 2754 1275 2840 praedicatur;
1303 2776 1389 2843 ergo
1417 2766 1470 2821 est
1493 2755 1605 2820 solum
1630 2775 1759 2821 nomen
1788 2775 1975 2821 commune
2004 2756 2199 2821 secundum
2225 2755 2374 2842 aliquam
2401 2779 2510 2823 unam

846 2870 1011 2997 {OYOQVRb
1035 2891 1257 2937 communem
1282 2869 1449 2936 rationem
1474 2892 1578 2956 quam
1603 2869 1777 2959 significat
1800 2870 2004 2952 substantia,
2029 2881 2066 2936 ut
2091 2881 2143 2937 est
2174 2874 2179 2956 Ι
2211 2893 2326 2960 genus
2350 2871 2511 2959 primum.

890 2983 896 2996 ’
1035 2986 1184 3053 Constat
1210 2985 1302 3052 enim
1328 2986 1423 3071 quod
1449 2985 1532 3051 nihil
1558 2997 1675 3072 potest
1703 2985 1771 3053 dici
1797 3008 1876 3052 esse
1902 2986 2097 3052 substantia
2124 2986 2191 3052 nisi
2217 2987 2260 3053 sit
2284 2987 2398 3074 aliqua
2421 2991 2512 3055 haec

1034 3101 1236 3168 substantia.
1255 3102 1293 3170 si
1318 3113 1433 3169 autem
1457 3101 1586 3187 aliquid
1611 3114 1664 3168 est
1687 3104 1776 3168 haee
1800 3102 1994 3168 substantia
2022 3101 2218 3191 singularis,
2236 3102 2512 3171 substantialitas

1034 3240 1124 3304 quae
1151 3218 1372 3305 praedicatur
1399 3217 1444 3284 de
1471 3217 1547 3305 ipsa
1576 3230 1609 3284 et
1640 3219 1685 3285 de
1716 3239 1938 3304 quacumque
1966 3217 2032 3284 alia
2060 3218 2281 3305 praedicatur
2308 3219 2353 3286 de
2383 3219 2512 3286 talibus

1032 3345 1070 3400 ut
1086 3334 1191 3419 quid¹
1215 3356 1410 3401 commune.
1428 3334 1523 3421 Ergo
1540 3355 1620 3400 cum
1645 3332 1728 3399 illud
1745 3335 1840 3420 quod
1857 3344 1910 3401 est
1934 3333 2128 3400 substantia
2153 3346 2297 3416 tantum,
2314 3337 2511 3403 secundum

1032 3448 1118 3517 istos
1147 3449 1192 3517 sit
1222 3451 1311 3517 haec
1342 3449 1537 3516 substantia
1568 3471 1631 3536 per
1664 3472 1764 3516 suam
1792 3449 2128 3531 substantialitatem,
2162 3461 2196 3516 et
2223 3449 2304 3517 illud
2333 3452 2428 3537 quod
2457 3463 2513 3518 est

1033 3586 1162 3653 corpus
1187 3566 1289 3633 etiam
1318 3566 1361 3633 sit
1388 3567 1477 3634 haec
1505 3564 1700 3632 substantia
1727 3588 1790 3652 per
1816 3566 1927 3653 ipsam
1956 3565 2232 3653 corporeitatem,
2258 3577 2292 3634 et
2315 3567 2512 3635 substantia

1031 3683 1232 3770 praedicata
1263 3684 1308 3749 de
1339 3682 1423 3770 ipsis
1455 3693 1509 3750 est
1540 3681 1625 3769 quid'
1655 3703 1841 3749 commune
1880 3683 1974 3769 quod
2005 3693 2058 3749 est
2088 3704 2213 3772 genus,
2246 3695 2306 3750 aut
2335 3705 2420 3773 ergo
2457 3694 2512 3751 est

1031 3821 1145 3887 genus
1170 3798 1291 3866 dicens
1319 3820 1390 3866 rem
1415 3798 1515 3865 aliam
1544 3801 1588 3865 ab
1615 3809 1762 3884 utraque
1790 3798 1908 3864 talium
1936 3798 2132 3885 specierum
2160 3810 2195 3866 et
2222 3798 2273 3866 sic
2296 3811 2391 3866 esset
2414 3799 2511 3867 abire

1031 3914 1066 3980 in
1092 3914 1274 3996 infinitum,
1302 3926 1460 3981 autnon
1488 3914 1570 3981 dicit
1597 3937 1670 3982 rem
1695 3912 1806 3980 aliam.
1825 3915 1897 3982 Sed
1925 3936 1994 4000 qua
2021 3914 2157 3981 ratione
2181 3915 2265 3981 illud
2293 3937 2408 4004 genus
2436 3937 2510 3983 non

1032 4030 1114 4097 dicit
1141 4053 1213 4098 rem
1240 4031 1341 4097 aliam
1369 4053 1389 4097 a
1416 4030 1488 4097 suis
1516 4030 1642 4097 talibus
1670 4030 1867 4117 speciebus
1885 4031 2008 4097 eadem
2032 4030 2166 4097 ratione
2190 4052 2257 4097 nec
2281 4030 2395 4113 aliud;
2424 4053 2511 4122 ergo

1032 4146 1270 4214 universaliter
1308 4148 1439 4213 nullum
1472 4168 1586 4236 genus
1626 4145 1709 4213 dicit
1747 4168 1819 4212 rem
1851 4146 1952 4212 aliam
1985 4168 2005 4212 a
2044 4147 2116 4213 suis
2156 4145 2352 4234 speciebus.
2391 4149 2511 4232 Quare

1031 4263 1144 4330 omnis
1168 4264 1279 4329 forma
1306 4263 1407 4329 realis
1435 4263 1470 4329 in
1497 4284 1721 4348 quocumque
1748 4283 1880 4352 genere
1907 4275 1960 4329 est
1987 4264 2111 4329 eadem
2139 4263 2277 4329 realiter
2300 4285 2380 4330 cum
2397 4262 2510 4330 forma

1029 4379 1216 4467 specifica3
1242 4400 1349 4465 quare
1381 4381 1425 4445 ab
1453 4378 1577 4445 eadem
1608 4379 1720 4444 forma
1751 4399 1771 4443 a
1803 4399 1871 4463 qua
1899 4378 2037 4464 species
2068 4389 2122 4444 est
2148 4379 2298 4465 speciae,
2327 4378 2430 4445 etiam
2455 4390 2511 4446 est

1028 4517 1142 4585 genus
1170 4498 1364 4563 secundum
1392 4495 1494 4560 aliam
1521 4493 1700 4575 rationem,
1733 4492 1864 4561 scilieet
1896 4493 2112 4560 determinati
2151 4495 2206 4561 vel
2240 4494 2509 4562 indeterminati.

1118 4612 1161 4678 Et
1192 4611 1273 4678 ideo
1305 4611 1407 4678 etiam
1439 4611 1571 4676 formae
1599 4608 1846 4676 substantiales
1878 4609 2031 4676 numeris
2063 4611 2137 4677 sive
2169 4609 2356 4696 speciebus
2388 4632 2509 4678 nume·

1029 4750 1145 4795 rorum
1185 4738 1431 4814 comparantur
1470 4737 1597 4793 octavo
1628 4725 1889 4812 Metaphysicae
1902 4729 1959 4809 (1).
1992 4724 2091 4792 Sicut
2122 4747 2207 4814 ergo
2239 4747 2405 4793 numerus
2436 4748 2510 4794 non

1029 4842 1112 4910 dicit
1147 4843 1297 4929 aliquam
1335 4844 1480 4909 formam
1513 4842 1649 4909 realiter
1680 4840 1781 4907 aliam
1813 4840 1983 4907 a'formis
2015 4841 2238 4928 specierum²
2272 4864 2509 4925 numerorum,

1029 4959 1259 5046 (impossibile
1275 4958 1367 5025 enim
1385 4971 1438 5025 est
1453 4957 1646 5046 intelligere
1670 4957 1766 5042 quod
1783 4979 1948 5024 numerus
1965 4957 2058 5024 dieat
2077 4958 2229 5044 aliquam
2253 4957 2509 5025 multitudinem

1029 5073 1214 5141 discretam
1246 5094 1337 5160 quae
1370 5093 1437 5139 nec
1468 5070 1512 5138 sit
1539 5093 1602 5158 par
1633 5092 1700 5138 nec
1720 5070 1853 5157 impar),
1886 5070 1937 5137 sic
1972 5071 2188 5158 impossibile
2216 5070 2320 5139 etiam
2347 5082 2400 5138 est
2428 5092 2509 5139 esse

1029 5192 1184 5257 colorem
1200 5188 1260 5275 qui
1276 5210 1347 5255 non
1365 5188 1408 5254 sit
1432 5188 1542 5268 albus
1560 5189 1615 5254 vel
1639 5186 1749 5276 niger,
1765 5188 1820 5252 vel
1844 5187 1989 5254 medius.
2014 5188 2103 5253 Nam
2129 5187 2388 5274 supponendo³
2411 5189 2508 5274 quod

1029 5306 1074 5373 de
1101 5306 1234 5372 ratione
1262 5303 1388 5371 eoloris
1416 5303 1460 5370 sit
1487 5304 1544 5369 lux
1571 5302 1763 5383 terminata,
1789 5301 2004 5390 impossibile
2031 5315 2084 5370 est
2111 5324 2190 5370 esse
2222 5302 2362 5370 lucem⁴
2393 5304 2508 5370 termi-

1029 5434 1156 5502 natam,
1189 5422 1284 5488 nullo
1316 5431 1432 5487 tamen
1464 5420 1611 5487 termino
1643 5418 1870 5500 terminatam,
1903 5429 1937 5485 et
1963 5419 2178 5506 impossibile
2207 5429 2259 5486 est
2286 5420 2400 5487 lucem
2428 5440 2508 5487 esse

1121 5778 1128 5807 ¹
1148 5773 1227 5846 quod
1247 5772 1277 5829 P.
1298 5802 1330 5813 -
1350 5772 1361 5806 ¹
1379 5771 1536 5845 speciebus
1555 5772 1585 5826 P.
1606 5804 1638 5812 —
1663 5773 1674 5805 ⁸
1693 5772 1848 5844 supposito
1868 5772 1899 5827 P.
1919 5804 1952 5811 —
1972 5774 1982 5804 ⁴
2001 5788 2067 5826 esse
2090 5771 2195 5842 lucem]
2218 5772 2313 5827 lucem
2333 5787 2399 5826 esse
2421 5770 2453 5825 P.
2474 5800 2508 5813 -

1118 6032 1157 6096 (l)
1177 6027 1412 6083 Aristotelis
1431 6027 1658 6098 Metoplrysicae,
1678 6028 1695 6081 l.
1715 6026 1779 6092 Vll,
1799 6027 1846 6095 [al.
1866 6026 1955 6096 VIIl],
1974 6044 1999 6081 c.
2019 6030 2044 6082 3.
2063 6032 2103 6099 (p.
2125 6030 2213 6095 1043).
