6700 7992
1114 2102 1318 2214 mem
1356 2079 1689 2232 cantuum
1727 2099 1843 2210 nas
1880 2071 2209 2210 uernans.

1529 2401 1798 2409 —-.——-

926 2700 1206 2817 Introduction
1292 2795 1779 2811 ......

1354 2990 1734 3080 QUODLIBETUM
1762 2989 1979 3059 PRIMUM

944 3236 951 3251 .
1056 3193 1163 3250 l'trum
1179 3191 1285 3251 eadem
1302 3193 1342 3251 sit
1357 3191 1436 3251 aetio
1451 3209 1513 3268 qua
1526 3192 1608 3250 Dens
1625 3189 1767 3269 producit
1780 3208 1829 3249 res
1845 3190 1876 3249 in
1893 3207 1963 3250 esse
1978 3197 2006 3250 ot
2023 3207 2084 3267 qrra
2099 3199 2259 3250 conservat

1101 3275 1224 3335 easdem
1241 3275 1272 3334 in
1288 3292 1358 3333 esse
1374 3292 1429 3351 per
1443 3273 1583 3333 eiusdem
1599 3290 1669 3332 esse
1684 3272 1949 3332 continuationem
2060 3317 2067 3332 .
2156 3318 2163 3333 .
2252 3318 2259 3332 .

960 3428 967 3441 .
1059 3385 1164 3443 l'trum
1182 3384 1319 3460 operatio
1345 3401 1405 3461 qua
1433 3384 1514 3442 lteus
1541 3380 1688 3441 iustificat
1713 3382 1842 3460 impium
1870 3382 1910 3440 sit
1936 3383 2103 3460 perfectior
2124 3384 2262 3461 operatio

1104 3467 1157 3526 ltei
1173 3467 1253 3524 circa
1269 3474 1426 3525 creaturas
1485 3508 2260 3526 .........

974 3618 982 3633 .
1060 3576 1165 3635 Utrum
1196 3576 1228 3634 in
1258 3574 1380 3634 Christo
1409 3575 1472 3634 sint
1501 3573 1580 3634 duae
1610 3571 1775 3633 filiationes
1812 3574 1923 3646 reales,
1952 3591 2016 3633 una
2051 3591 2113 3652 qua
2148 3574 2263 3634 dicitur

1103 3655 1187 3716 filius
1203 3659 1302 3717 Patris
1318 3657 1357 3716 ab
1372 3664 1497 3717 aeterno
1513 3663 1542 3716 et
1557 3657 1694 3734 aliaque
1713 3654 1827 3715 dicitur
1843 3655 1927 3715 lilius
1949 3657 2057 3716 matris
2072 3675 2109 3716 cx
2125 3663 2262 3736 temporo

959 3767 977 3825 '.
1060 3769 1164 3825 l'trnm
1195 3767 1324 3827 materia
1352 3767 1451 3844 prima
1487 3773 1587 3826 creata
1626 3765 1720 3826 luerit
1748 3764 1796 3824 vel
1829 3766 1928 3826 creari
1965 3766 2100 3843 potnerit
2136 3769 2262 3826 omnino

1104 3850 1248 3908 inlormis
1271 3849 1337 3909 sive
1359 3867 1469 3909 carens
1492 3848 1576 3907 omni
1600 3847 1698 3908 iorma

957 4002 964 4016 .
1057 3958 1165 4017 Utrum
1192 3959 1321 4017 scientia
1347 3958 1518 4038 theologica
1545 3956 1657 4018 babeat
1683 3975 1738 4035 pro
1764 3956 1884 4016 obiecto
1908 3958 2003 4017 ileum
2028 3959 2212 4037 simpliciter
2233 3968 2261 4018 et

1104 4040 1245 4101 absolute
1268 4040 1315 4100 vel
1340 4039 1400 4099 sub
1422 4041 1526 4117 aliqua
1549 4041 1668 4100 rollone
1690 4039 1817 4118 speciali
1868 4084 2260 4101 .....

945 4150 952 4162 ’
1058 4150 1165 4208 lItrunr
1188 4149 1237 4208 lex
1259 4148 1370 4209 habeat
1393 4148 1494 4209 iacere
1518 4149 1659 4209 homines
1682 4149 1782 4208 bonos
1803 4156 1834 4208 et
1855 4150 2068 4209 virtuosos,
2156 4195 2164 4210 .
2252 4196 2260 4210 .

1060 4259 1167 4317 [trum
1189 4258 1365 4317 intellectus
1389 4257 1549 4335 possibilis
1571 4258 1610 4318 ad
1632 4260 1736 4336 ipsum
1758 4266 1859 4318 aetum
1875 4257 2071 4337 intelligendi
2094 4260 2136 4319 sit
2156 4259 2261 4338 aliquo

1105 4340 1195 4400 mollo
1219 4341 1350 4414 activum,
1378 4341 1443 4400 sive
1469 4348 1572 4400 utrum
1598 4341 1637 4401 ad
1659 4342 1763 4418 ipsum
1790 4359 1823 4400 se
1848 4341 1960 4401 lrabeat
1985 4341 2090 4419 aliquo
2116 4341 2206 4401 modo
2229 4343 2260 4402 iu

1105 4424 1222 4482 ratione
1248 4440 1360 4483 causae
1386 4421 1552 4482 cilicientis
1577 4430 1607 4482 et
1632 4424 1755 4503 agentis
1781 4423 1828 4483 vel
1855 4423 1956 4483 solum
1981 4424 2014 4483 in
2039 4425 2158 4485 ratione
2184 4426 2262 4484 reci-

1104 4506 1218 4583 pientis
1240 4513 1270 4564 et
1293 4505 1438 4583 patientis
1487 4549 2261 4568 .........

1059 4615 1165 4674 Utrum
1188 4615 1365 4674 Intellectus
1387 4615 1487 4693 possit
1508 4615 1602 4674 simul
1624 4614 1800 4694 intelligere
1822 4614 1912 4692 plma
1935 4623 1969 4674 ut
1991 4616 2081 4693 plura
2157 4662 2165 4677 .
2253 4663 2261 4677 .
2368 4663 2385 4678 .

945 4769 979 4783 ..
1059 4725 1166 4783 Utrum
1196 4724 1372 4784 intellectus
1401 4722 1563 4802 possibilis
1592 4724 1769 4783 necessario
1797 4723 1985 4784 informetur
2019 4725 2123 4804 aliqua
2160 4728 2263 4804 speeie

1104 4807 1294 4886 intelligibili
1324 4807 1384 4865 alia
1413 4805 1453 4865 ab
1482 4807 1551 4884 ipso
1580 4813 1648 4865 actu
1679 4805 1888 4885 intelligendi,
1915 4824 1995 4885 quac
2021 4809 2062 4866 sit
2087 4812 2263 4869 necessaria

995 4919 1002 4929 ·
1104 4889 1141 4948 ad
1166 4889 1222 4948 lroc
1244 4887 1327 4967 quoti
1350 4890 1418 4966 ipsa
1440 4889 1577 4967 operatio
1600 4887 1796 4969 intelligendi
1819 4888 1962 4949 eliciatur
2060 4934 2068 4950 .
2157 4935 2164 4950 .
2253 4937 2260 4951 .
2369 4938 2385 4952 .

944 5000 965 5057 '.
1058 4998 1165 5057 l'trum
1190 5016 1272 5058 unus
1293 4998 1462 5057 arnieorum
1488 4998 1598 5058 debeat
1620 4998 1708 5057 alteri
1731 4998 1829 5057 amico
1852 4998 1931 5057 velie
1954 5000 2086 5059 irraxima
2109 4999 2189 5060 bona
2253 5046 2260 5061 .
2368 5046 2386 5061 .

931 5108 951 5165 .'
972 5151 980 5166 .
1060 5107 1166 5166 l'trum
1184 5115 1399 5167 testamentum
1417 5107 1552 5166 hominis
1567 5124 1628 5184 quo
1643 5105 1800 5184 disposuit
1815 5114 1848 5165 ut
1863 5107 1932 5166 eius
1946 5126 2061 5186 eorpus
2080 5103 2266 5188 sepeliretur

1105 5191 1136 5247 in
1163 5191 1267 5267 aliquo
1294 5191 1359 5249 loco
1385 5207 1485 5262 sacro,
1513 5190 1545 5248 in
1568 5207 1630 5267 quo
1652 5190 1745 5248 etiam
1768 5196 1870 5268 patres
1893 5191 1942 5249 sui
1964 5193 2170 5253 comnmniter
2192 5201 2266 5252 sunt

1105 5273 1232 5350 sepulti,
1256 5273 1355 5350 possit
1375 5270 1415 5331 ab
1437 5272 1542 5350 aliquo
1567 5272 1724 5331 immutari
1739 5272 1772 5330 in
1795 5271 1852 5331 hoc
1867 5271 1950 5349 quoti
1973 5273 2077 5351 aliqua
2099 5275 2168 5335 eius
2191 5293 2263 5353 pars

1108 5355 1140 5413 in
1163 5355 1224 5413 alio
1247 5355 1313 5413 loco
1336 5354 1505 5431 sepeliatur

932 5468 951 5524 .’
987 5511 994 5526 .
1060 5465 1137 5535 Quis
1166 5463 1290 5523 illorum
1319 5464 1447 5541 gravius
1477 5470 1580 5540 peccat
1611 5463 1658 5522 rol
1688 5463 1741 5541 qui
1771 5463 1898 5522 omnino
1926 5481 1989 5522 non
2019 5465 2083 5524 vult
2114 5466 2262 5545 baptizari

1105 5546 1151 5605 vel
1176 5547 1229 5623 qui
1253 5545 1442 5624 baptismum
1464 5547 1545 5605 circa
1570 5563 1603 5604 se
1626 5546 1730 5623 ipsum
1753 5545 1818 5604 vult
1842 5546 1947 5604 iterari
2061 5591 2069 5606 .
2157 5594 2165 5608 .

1060 5656 1137 5726 Quis
1162 5656 1287 5714 illorum
1312 5656 1440 5733 gratius
1467 5661 1571 5732 peceat
1593 5655 1646 5731 qui
1669 5653 1796 5713 simulat
1818 5655 2010 5714 sanctitatem
2034 5656 2114 5717 vitae
2136 5669 2263 5738 propter

1105 5737 1326 5879 ppppppbippilu
1355 5737 1402 5796 vel
1432 5736 1486 5795 ille
1521 5737 1575 5813 qui
1605 5736 1732 5795 simulat
1760 5737 1953 5796 sanctitatem
1991 5746 2117 5818 propter
2146 5739 2262 5802 bonum

998 5974 1005 5989 .
1062 5930 1169 5989 Utrum
1198 5930 1288 5988 liceat
1317 5928 1473 6008 religiosis
1501 5926 1650 5987 inducere
1680 5927 1818 5988 novicios
1847 5928 1952 6008 signo,
1982 5937 2061 5990 nutu
2090 5932 2139 5992 vel
2168 5933 2263 5994 verbo

1105 6011 1144 6072 ad
1167 6011 1224 6071 hoc
1245 6009 1329 6088 quod
1351 6018 1422 6071 ante
1444 6010 1568 6088 lapsum
1589 6009 1664 6070 anni
1690 6008 1884 6089 probationis
1909 6008 2114 6090 profiteantur
2157 6058 2166 6075 .
2253 6061 2261 6077 .
