6700 7992
1193 1405 1390 1478 QUARTUM
1419 1404 1720 1476 QUODtassETUM,
1749 1403 1882 1474 Q.t'111
2228 1407 2280 1456 333

1338 1821 1606 1891 Qunasmo
1638 1821 1735 1875 vrri

1448 1997 1450 2001 ¹
1462 1979 1626 2034 (annvtsf.

901 2171 1010 2224 Utrum
1032 2170 1166 2222 velitatus
1186 2169 1320 2221 includat
1339 2170 1415 2220 ditus
1431 2171 1590 2239 palmatius,
1610 2187 1702 2221 numu
1719 2169 1872 2239 passivam
1892 2173 1919 2221 et
1938 2168 2032 2221 oliam
2051 2168 2181 2220 uctivmn

1352 2265 1430 2316 sicut
1448 2269 1476 2316 et
1495 2265 1658 2318 intellectus
1673 2269 1712 2328 tl)

889 2535 996 2587 Postea
1021 2535 1216 2605 quaerebatur
1247 2551 1334 2586 unum
1363 2534 1511 2604 pertinens
1540 2532 1577 2586 ad
1606 2541 1740 2586 naturam
1768 2533 1923 2586 humanam
1950 2530 2133 2601 generaliter,
2162 2531 2278 2585 scilicet

800 2639 894 2684 utrum
914 2631 1051 2683 voluntas
1080 2630 1211 2683 includat
1240 2629 1312 2682 duas
1335 2629 1492 2700 potentias,
1514 2646 1601 2681 unam
1631 2628 1779 2700 passivam
1806 2637 1835 2681 et
1861 2629 1947 2681 aliam
1974 2627 2098 2681 activam
2126 2628 2202 2680 sicut
2226 2630 2278 2680 et¹

800 2726 974 2779 intellectus.
1003 2727 1040 2778 Et
1069 2725 1200 2793 arguitur
1226 2726 1305 2796 quod
1335 2726 1386 2789 sic,
1416 2727 1483 2795 quia
1512 2725 1620 2778 mobile
1655 2733 1772 2795 oportet
1804 2723 2019 2795 proportionari
2052 2724 2190 2776 moventi.
2219 2722 2279 2776 Sed

800 2823 937 2875 voluntas
963 2829 1098 2874 moretur
1125 2822 1161 2873 ab
1189 2822 1349 2875 intellectu.
1379 2823 1458 2893 Ergo
1485 2821 1560 2875 sicut
1586 2830 1631 2875 est
1656 2822 1726 2874 dare
1753 2821 1932 2873 intellectum
1963 2828 2100 2890 agentem
2132 2827 2161 2873 et
2186 2818 2279 2890 passi·

800 2935 868 2970 vum
889 2916 951 2970 sive
972 2917 1153 2988 passibilem,
1172 2917 1212 2970 ita
1232 2926 1351 2988 oportet
1369 2935 1480 2989 ponere
1500 2918 1682 2970 voluntatem
1704 2924 1839 2987 agentem
1860 2926 1889 2969 et
1912 2917 2091 2970 voluntatem
2121 2916 2278 2988 passivam.

890 3013 1001 3066 Contra
1021 3021 1066 3066 est
1087 3013 1165 3083 quod
1185 3014 1282 3066 nullus
1303 3015 1429 3067 auct0r²
1448 3013 1594 3066 invenitur
1613 3014 1668 3066 boc
1689 3012 1831 3083 posuisse.
1852 3014 1931 3083 Ergo
1952 3020 1980 3066 et
1999 3020 2107 3067 cetera.

889 3109 1068 3179 Respondeo
1082 3109 1238 3162 dicendum
1254 3109 1332 3180 quod
1347 3128 1404 3162 non
1426 3118 1543 3180 oportet
1565 3127 1675 3180 ponere
1697 3110 1877 3161 voluntatem
1901 3118 2037 3179 agentem
2058 3117 2087 3161 et
2107 3108 2278 3179 possibilem

800 3204 875 3258 sicut
910 3206 1029 3275 ponitur
1063 3205 1091 3258 in
1126 3205 1285 3260 intellectu.
1319 3208 1353 3258 Et
1386 3207 1460 3259 ratio
1493 3206 1609 3272 buius³,
1647 3206 1715 3276 quia
1746 3205 1908 3258 necessitas
1940 3205 2068 3275 ponendi
2100 3205 2279 3258 intellectum

802 3307 937 3369 agentern
957 3319 1015 3354 uua
1038 3320 1103 3355 cum
1128 3302 1261 3372 possibili
1286 3306 1355 3355 est⁴
1376 3302 1443 3373 quia
1466 3320 1513 3355 res
1535 3301 1696 3355 materialis
1718 3320 1774 3354 non
1796 3312 1840 3354 est
1864 3300 2014 3355 suiticiens
2035 3318 2139 3371 perse
2159 3318 2278 3354 movere

801 3397 963 3467 potentiam
995 3397 1225 3464 immaterialem,
1257 3407 1286 3451 et
1325 3398 1393 3452 ideo
1425 3407 1544 3468 praeter,
1582 3399 1788 3468 phantasmata
1826 3405 1942 3468 oportet
1975 3414 2085 3468 ponere
2117 3397 2278 3467 potentiam

800 3491 1023 3546 immaterialem
1050 3502 1187 3564 agentem
1215 3494 1329 3548 scilicet
1361 3494 1540 3548 intellectum
1574 3502 1719 3565 agentem.
1752 3495 1895 3547 Voluntas
1926 3501 2023 3546 autem
2055 3510 2113 3546 non
2145 3501 2280 3546 movetur

801 3588 969 3643 immediate
993 3607 1009 3651 a
1032 3607 1062 3642 re
1086 3590 1230 3643 materiali
1245 3592 1263 3656 ⁵,
1283 3589 1336 3644 sed
1361 3598 1497 3643 movetur
1522 3591 1558 3643 ab
1585 3590 1772 3661 apprehenso
1792 3607 1845 3661 per
1867 3590 2047 3642 intellectum
2071 3598 2100 3642 et
2123 3589 2180 3642 iarn
2199 3587 2279 3642 facto

800 3683 994 3738 immateriali.
1028 3687 1063 3739 Et
1096 3686 1163 3739 ideo
1196 3703 1254 3739 non
1288 3693 1407 3758 oportet
1438 3704 1548 3758 ponere
1580 3685 1744 3757 potentiam
1779 3684 1999 3738 immaterialem
2035 3692 2171 3755 agentem
2203 3702 2279 3755 quae

801 3780 892 3834 faciat
916 3799 978 3834 rem
999 3781 1207 3852 aliquomodo
1228 3781 1450 3836 immaterialem
1477 3782 1591 3835 adhoc
1616 3781 1697 3853 quod
1725 3781 1818 3853 possit
1846 3798 1964 3834 movere
1991 3780 2153 3852 appetitum
2180 3781 2280 3833 imma·

800 3876 941 3944 terialem,
961 3886 1078 3949 praeter
1103 3878 1292 3945 intellectum,
1314 3887 1437 3949 propter
1465 3877 1544 3949 quod
1572 3895 1630 3932 non
1657 3886 1775 3949 oportet
1800 3895 1911 3949 ponere
1936 3878 2117 3931 voluntatem
2143 3883 2280 3948 agentem

801 3980 831 4026 et
852 3972 1024 4043 possibilem
1048 3974 1124 4027 sicut
1144 3973 1262 4044 ponitur
1285 3974 1451 4028 intellectus
1474 3991 1567 4044 agens
1589 3982 1619 4028 et
1642 3973 1800 4045 possibilis.
1824 3973 1885 4027 Sed
1907 3973 1931 4027 si
1952 3974 2087 4027 voluntas
2111 3972 2280 4026 immediate

800 4070 1018 4122 moveretur⁶a
1039 4086 1069 4122 re
1093 4071 1235 4123 materiali
1255 4088 1314 4124 non
1334 4069 1413 4124 facta
1434 4078 1531 4123 autem
1550 4069 1737 4123 immateriali
1755 4087 1808 4140 per
1821 4068 2086 4140 apprehensionem
2106 4068 2280 4134 intellectus

800 4172 870 4218 tunc
895 4166 971 4217 bene
997 4173 1149 4237 oporteret
1172 4184 1284 4237 ponere
1309 4166 1493 4220 voluntatem
1519 4168 1682 4237 agentem⁷
1710 4174 1740 4218 et
1768 4164 1948 4236 possibilem.
1976 4166 2037 4218 Et⁸
2062 4164 2129 4236 quia
2155 4164 2194 4217 ita
2220 4181 2280 4217 non

801 4268 854 4323 est,
868 4260 935 4314 ideo
949 4278 1008 4314 non
1028 4270 1145 4332 oportet
1165 4279 1275 4333 ponere
1293 4263 1383 4316 talem
1403 4261 1622 4316 distinctionem
1642 4260 1840 4333 potentiamm
1859 4261 1888 4314 in
1907 4261 2058 4315 voluntate
2078 4261 2141 4314 sive
2155 4267 2282 4332 ponatur

801 4362 912 4409 tanturn
944 4356 1067 4410 activa⁹
1098 4357 1160 4411 sive
1193 4365 1321 4430 ponatur
1352 4366 1465 4411 tanturn
1493 4358 1612 4429 passiva
1644 4358 1681 4410 ab
1707 4357 1825 4411 obiecto
1851 4357 1915 4410 sive
1940 4365 2067 4428 ponatur
2091 4356 2210 4428 passiva
2242 4355 2279 4409 ab

800 4451 917 4505 obiecto
947 4460 976 4505 et
1004 4461 1109 4523 postea
1140 4452 1220 4507 facta
1251 4454 1280 4507 in
1309 4461 1376 4507 actu
1391 4455 1413 4485 ¹⁰
1443 4462 1570 4525 ponatur
1602 4454 1699 4507 activa
1728 4461 1865 4524 respectu
1897 4454 2018 4506 aliarum
2047 4454 2243 4524 potentiarum
2259 4455 2279 4484 ¹¹

798 4548 979 4619 impellendo
999 4565 1050 4601 eas
1064 4548 1101 4601 ad
1115 4548 1285 4603 exercitium
1302 4558 1393 4604 actus.
1408 4551 1512 4604 Utrum
1527 4558 1622 4603 autem
1638 4550 1677 4603 sit
1690 4549 1827 4621 ponenda
1845 4551 1865 4581 ¹²
1884 4549 1912 4602 in
1932 4551 2084 4603 voluntate
2098 4548 2246 4603 distinctio
2260 4548 2280 4581 ¹³

800 4643 829 4696 in
849 4643 1110 4714 concupiscibilem
1130 4654 1159 4699 et
1175 4647 1195 4677 ¹⁴
1214 4644 1402 4713 irascibilem,
1421 4645 1492 4699 nihil
1512 4645 1550 4699 ad
1569 4663 1719 4717 praesens

888 4738 936 4791 Ad
955 4738 1098 4792 rationem
1118 4741 1146 4793 in
1167 4740 1337 4812 oppositum
1358 4741 1514 4795 dicendum
1542 4742 1622 4813 quod
1648 4741 1763 4795 adhoc
1791 4742 1870 4813 quod
1887 4743 1907 4774 ¹³
1935 4742 2071 4795 voluntas
2102 4741 2139 4795 sit
2158 4759 2280 4813 propor-

800 4833 943 4887 tionatum
972 4836 1081 4888 mobile
1107 4846 1245 4907 respectu
1270 4836 1446 4902 intellectus,
1472 4837 1582 4891 sufficit
1613 4837 1694 4908 quod
1719 4837 1756 4891 sit
1783 4839 1932 4909 appetitus
1965 4837 2166 4891 immaterialis
2194 4845 2280 4891 natus

800 4930 912 4982 moveri
926 4947 943 4982 a
962 4931 1040 4983 bono
1056 4933 1243 5003 apprehenso
1257 4932 1496 5001 immaterialiter,
1510 4941 1540 4987 et
1559 4933 1596 4987 ad
1615 4933 1672 4987 hoc
1692 4951 1750 4987 non
1770 4933 1903 5004 sequitur
1917 4936 1939 4966 ¹⁶
1957 4933 2110 5006 praedicta
2129 4932 2279 4987 distinctio

800 5024 829 5078 in
849 5025 1030 5080 voluntatem
1056 5029 1059 5095 Ι
1087 5036 1224 5099 agentern
1244 5039 1274 5083 et
1292 5029 1464 5101 possibilem
1484 5038 1515 5084 ut
1534 5030 1638 5101 patuit.

891 5443 967 5494 ¹om.
990 5443 1022 5496 C.
1043 5475 1076 5482 —
1105 5443 1294 5514 ’actor(sz'c)
1314 5443 1347 5497 C.
1367 5475 1401 5484 -
1427 5445 1495 5498 ⁸est
1515 5445 1585 5498 add.
1605 5445 1638 5499 C.
1659 5477 1692 5484 —
1719 5445 1800 5500 ‘ista
1818 5445 1887 5498 add.
1908 5445 1941 5499 C.
1961 5478 1994 5485 —
2024 5447 2173 5501 ⁶naturali
2193 5447 2226 5501 C.
2246 5477 2280 5485 —

797 5527 992 5584 *immediate
1012 5533 1189 5600 moveretur]
1210 5539 1377 5585 moveretur
1396 5531 1565 5586 immediate
1584 5530 1617 5586 C.
1646 5563 1680 5571 —
1711 5534 1851 5604 ⁷gentem
1870 5534 1942 5604 (sic)
1962 5534 1995 5589 C.
2025 5567 2058 5574 —
2087 5536 2163 5592 ⁸sed
2184 5536 2216 5591 C.
2246 5568 2280 5575 —

798 5616 860 5669 ⁹ab
874 5617 992 5671 obiecto
1012 5619 1081 5671 add.
1102 5618 1134 5672 C.
1155 5650 1188 5657 —
1210 5621 1231 5650 ¹⁰
1244 5637 1299 5672 om.
1320 5619 1353 5673 C.
1374 5651 1407 5658 -
1429 5622 1448 5651 ¹¹
1463 5619 1584 5673 aliarum
1604 5619 1812 5691 potentiarum]
1832 5622 2030 5692 potentiarum
2050 5623 2172 5678 aliarum
2192 5624 2226 5679 C.
2246 5656 2279 5663 —

797 5703 822 5734 '¹¹
834 5720 946 5774 ponere
966 5705 999 5758 C.
1028 5737 1061 5744 —
1092 5707 1113 5738 ¹³
1127 5705 1347 5761 distinctionem
1368 5706 1400 5761 C.
1430 5739 1462 5746 -
1494 5709 1514 5738 ¹⁴
1527 5706 1790 5779 concupiscibilem
1815 5711 1855 5778 et]
1876 5727 1931 5764 orn.
1953 5710 1986 5764 C.
2006 5742 2040 5751 —
2071 5712 2163 5767 ¹⁵om.
2184 5712 2216 5768 C.
2246 5744 2279 5753 -

801 5790 823 5822 ¹⁶
835 5791 992 5863 requiritur
1012 5793 1044 5848 C.

889 6022 929 6086 (1)
950 6019 1009 6074 Cfr.
1029 6040 1077 6094 pp.
1097 6024 1224 6106 abt-aaa.
