6700 7992
1213 1341 1408 1412 QUARTUlll
1438 1340 1736 1410 QUODLIBETUM,
1765 1340 1801 1410 Q.
1831 1340 1883 1392 XX
2231 1341 2278 1389 351

806 1522 863 1576 hoc
886 1528 1054 1574 moveretur
1076 1520 1113 1573 de
1137 1519 1213 1572 sacili
1239 1519 1276 1572 ad
1300 1519 1467 1590 negandum
1490 1518 1586 1573 sciens
1608 1518 1688 1589 quod
1707 1536 1765 1571 non
1787 1527 1890 1589 posset
1909 1517 2028 1589 probari
2047 1524 2077 1571 et
2095 1516 2180 1570 fieret
2194 1515 2284 1569 irater

807 1619 945 1677 deterior.
970 1627 999 1671 et
1027 1619 1070 1671 sic
1099 1617 1210 1671 laceret
1236 1626 1337 1670 contra
1365 1617 1576 1671 correctionem
1603 1615 1760 1670 fraternam
1790 1615 1840 1669 ubi
1875 1615 1969 1669 solum
1998 1615 2147 1686 quaeritur
2174 1615 2282 1667 bonum

807 1716 1011 1787 delinquentis.
1038 1716 1098 1769 Sed
1123 1716 1146 1768 si
1173 1715 1266 1784 magis
1294 1722 1460 1785 speraretur
1485 1714 1521 1769 de
1548 1715 1730 1768 correctione
1757 1713 1819 1767 eins
1844 1731 1897 1786 per
1923 1714 2086 1784 praelatum
2113 1729 2200 1782 quarn
2232 1729 2284 1783 per

807 1814 905 1881 alium,
925 1823 993 1867 tunc
1013 1823 1115 1884 posset
1135 1813 1192 1866 dici
1214 1814 1347 1883 praelato
1367 1821 1398 1864 ut
1420 1814 1499 1864 bono
1519 1811 1627 1866 homini
1651 1813 1698 1865 vel
1711 1812 1799 1865 etiam
1824 1810 1871 1864 alii
1892 1812 1970 1865 bono
1990 1811 2054 1864 viro
2073 1811 2097 1863 si
2117 1819 2284 1882 speraretur

807 1911 886 1983 quod
906 1912 1010 1964 melius
1036 1911 1147 1965 laceret
1172 1929 1258 1981 quam
1287 1911 1445 1981 praelatus.
1474 1911 1566 1962 Immo
1586 1910 1683 1974 etiam,
1706 1909 1730 1962 si
1756 1927 1822 1962 eum
1849 1912 1972 1981 posset¹
2003 1909 2204 1962 convincere²
2232 1925 2285 1979 per

808 2027 920 2081 paucos
946 2017 1045 2074 testes,
1072 2027 1124 2080 per
1150 2009 1256 2074 du‹›s³,
1284 2009 1307 2061 si
1334 2026 1392 2061 non
1419 2008 1531 2061 cucurit
1563 2007 1692 2073 infamia,
1718 2007 1756 2060 ad
1788 2007 1960 2061 salvandum
1986 2005 2094 2061 lamam
2122 2006 2283 2060 secundum

807 2107 940 2161 ordinem
963 2107 1101 2172 caritatis,
1127 2107 1215 2160 debet
1231 2110 1244 2137 ⁴
1260 2124 1325 2159 eum
1346 2114 1414 2159 ante
1429 2108 1439 2136 ⁵
1457 2106 1605 2177 corripere
1628 2105 1656 2158 in
1680 2105 1795 2176 privato
1822 2122 1908 2174 quam
1932 2104 2095 2175 procedere
2117 2104 2155 2157 ad
2174 2104 2285 2158 denun-

807 2202 958 2256 tiationem
975 2221 1028 2273 per
1047 2219 1134 2273 quam
1148 2202 1199 2255 fiat
1212 2201 1330 2272 publica
1346 2202 1499 2255 correctio.
1514 2201 1571 2256 Ubi
1587 2211 1684 2253 autern
1699 2218 1752 2272 per
1765 2209 1856 2254 testes
1876 2218 1933 2253 non
1954 2201 2081 2270 posset⁶
2099 2200 2284 2264 convincere,

809 2301 834 2354 si
854 2301 903 2354 ille
923 2319 981 2353 non
1002 2301 1062 2353 vult
1082 2319 1113 2353 sc
1134 2300 1291 2371 corrigere,
1312 2299 1400 2352 debet
1421 2300 1604 2353 committere
1625 2299 1697 2352 De0.

898 2398 928 2450 Si
943 2408 1040 2450 autem
1054 2400 1091 2449 sit
1111 2407 1265 2467 peccatum
1286 2397 1536 2463 committendum,
1556 2404 1605 2450 aut
1625 2396 1704 2449 cedit
1724 2404 1836 2450 tantum
1857 2396 1885 2448 in
1906 2405 2114 2449 nocumentum
2133 2397 2285 2466 peccantis

810 2504 858 2548 aut
879 2495 957 2548 cedit
977 2513 1041 2548 cum
1062 2496 1118 2548 hoc
1139 2495 1167 2547 in
1193 2503 1400 2548 nocumentum
1427 2495 1558 2548 aliorum.
1579 2495 1608 2546 Si
1636 2494 1731 2565 primo
1757 2494 1854 2558 modo,
1880 2511 1937 2546 non
1963 2493 2052 2546 debet
2077 2493 2193 2547 ostendi
2214 2494 2285 2546 νεὶ1

809 2593 933 2674 revelari
956 2593 1096 2662 praelato,
1116 2594 1170 2646 nisi
1194 2593 1269 2646 sicut
1291 2593 1400 2646 dictum
1424 2603 1469 2647 est
1492 2593 1528 2646 de
1551 2603 1675 2664 peccato
1699 2593 1866 2655 commisso,
1889 2591 1957 2662 quia
1980 2591 2113 2646 similiter
2131 2593 2179 2646 hic
2193 2593 2285 2646 inten-

2344 2653 2400 2707 cod
2422 2653 2444 2707 S

809 2690 885 2743 ditur
917 2690 1117 2762 principaliter
1148 2693 1256 2745 bonum
1283 2695 1286 2759 l
1315 2690 1521 2762 delinquentis
1553 2691 1584 2744 Si
1616 2690 1747 2745 secundo
1779 2691 1877 2757 modo,
1910 2709 1975 2745 cum
2007 2691 2047 2745 ibi
2078 2692 2172 2745 solum
2203 2693 2286 2744 non‘*
2314 2696 2468 2779 lolbthb

809 2788 916 2842 debeat
939 2788 1048 2841 intendi
1072 2790 1181 2842 bonum
1204 2789 1401 2860 delinquentis
1420 2789 1473 2842 sed
1494 2789 1601 2842 debeat
1621 2789 1735 2842 etiam⁹
1758 2789 1856 2842 caveri
1879 2798 2057 2844 nocumento
2076 2789 2285 2861 proximorum,

809 2885 876 2940 ideo
897 2886 925 2938 in
957 2886 1007 2939 tali
1039 2904 1109 2939 casu
1141 2887 1229 2940 debet
1262 2887 1433 2941 denuntiare
1464 2887 1597 2958 praelato
1623 2887 1652 2940 in
1685 2895 1825 2958 quantum
1854 2886 1924 2941 illud
1953 2896 2107 2958 peccatum
2133 2887 2229 2958 vergit
2256 2889 2284 2941 in

808 2992 1015 3037 nocumentum
1036 2985 1166 3038 aliorum.
1187 2985 1249 3038 Nec
1275 2985 1352 3038 istud
1379 2984 1505 3055 pertinet
1525 2984 1562 3038 ad
1588 2986 1800 3038 correctionem
1826 2984 1984 3039 fraternam
2012 2986 2117 3057 inqua
2137 2986 2286 3056 quaeritur

808 3082 1008 3154 principaliter
1040 3084 1148 3137 bonum
1180 3082 1386 3154 delinquentis,
1417 3083 1470 3136 sed
1510 3081 1637 3153 pertinet
1668 3082 1706 3136 ad
1740 3083 1876 3136 virtutem
1908 3083 2036 3137 iustitiae
2077 3083 2222 3155 publicae,
2255 3086 2285 3137 ut

809 3181 922 3234 scilicet
945 3183 1093 3252 praelatus
1116 3189 1222 3234 caveat
1244 3182 1323 3234 bono
1347 3180 1563 3234 communitatis
1583 3180 1663 3250 quod
1685 3181 1993 3253 praeponendurn'est
2014 3180 2110 3236 lamae
2130 3182 2286 3254 singularis

809 3296 962 3350 personae.
996 3281 1058 3334 Nec
1091 3279 1127 3332 ad
1159 3280 1213 3333 lroc
1246 3279 1393 3348 obligatur
1424 3297 1460 3332 ex
1491 3288 1653 3350 praecepto
1678 3279 1810 3349 praelati,
1837 3280 1890 3332 sed
1922 3258 1963 3333 ex.
1990 3288 2152 3352 praecepto
2184 3280 2284 3333 divino

811 3377 975 3447 pertinente
1008 3378 1043 3431 ad
1076 3378 1213 3430 virtutem
1244 3378 1381 3448 publicae
1414 3376 1551 3430 iustitiae.
1581 3377 1669 3446 Quod
1701 3385 1799 3431 autem
1827 3378 1876 3430 ubi
1906 3379 2055 3448 quaeritur
2085 3378 2287 3450 principaliter

809 3475 917 3527 bonum
944 3475 1140 3545 delinquentis
1169 3475 1244 3528 sicut
1272 3475 1300 3528 in
1330 3475 1512 3528 correctione
1538 3474 1674 3541 fraterna,
1700 3493 1758 3528 non
1784 3475 1874 3529 debet
1890 3479 1910 3506 ¹⁰
1935 3476 2059 3529 revelari
2082 3477 2214 3547 praelato
2240 3476 2287 3531 vel

810 3571 983 3643 cuicumque
1009 3573 1057 3626 alii
1083 3573 1137 3626 nisi
1163 3581 1249 3643 prout
1276 3581 1377 3643 posset
1403 3572 1510 3627 cedere
1535 3572 1572 3626 ad
1606 3573 1714 3626 bonum
1732 3574 1921 3644 ¹¹peccantis¹
1950 3574 2020 3628 dicit
2050 3575 2232 3646 Augustinus
2248 3579 2288 3637 (ll

810 3668 847 3721 de
866 3669 972 3721 Verbis
995 3670 1122 3727 Domini.
1144 3685 1280 3723 sermone
1302 3669 1418 3723 decimo
1441 3669 1563 3740 quinto:
1584 3669 1699 3741 corripe
1722 3669 1817 3741 ipsum
1840 3671 1915 3724 inter
1937 3679 1965 3724 te
1989 3680 2018 3724 et
2038 3671 2141 3742 ipsum,
2164 3671 2286 3725 studens

809 3766 993 3833 correctioni,
1013 3783 1137 3837 parcens
1157 3767 1270 3838 pudori.
1291 3767 1377 3821 Forte
1398 3767 1475 3821 enim
1495 3784 1565 3838 prae
1585 3768 1765 3821 verecundia
1785 3768 1886 3841 incipit
1906 3767 2066 3824 defendere
2085 3788 2167 3823 suum
2182 3787 2288 3841 pecca-

809 3872 879 3930 tum,
899 3874 928 3918 et
948 3882 1034 3935 quem
1057 3865 1099 3918 ris
1119 3865 1217 3920 lacere
1237 3866 1387 3919 meliorem
1408 3864 1483 3919 sorte
1503 3864 1576 3919 lacis
1595 3865 1736 3937 peiorem.

898 3963 946 4016 Ad
977 3972 1181 4034 argumentum
1213 3964 1369 4018 dicendum
1401 3963 1481 4034 quod
1513 3964 1541 4017 in
1572 3963 1690 4019 casibus
1721 3965 1750 4018 in
1781 3965 1887 4037 quibus
1918 3965 2028 4019 dictum
2060 3974 2104 4020 est
2136 3983 2193 4020 non
2220 3985 2286 4021 esse

809 4061 1007 4128 revelandum,
1030 4079 1088 4115 non
1125 4062 1250 4133 pertinet
1276 4062 1314 4115 ad
1339 4063 1449 4116 bonum
1474 4061 1607 4133 proximi.
1633 4063 1670 4116 Et
1695 4062 1828 4118 similiter
1853 4064 2010 4118 dicendum
2037 4073 2083 4118 est
2110 4065 2147 4119 de
2172 4075 2287 4119 secreto

809 4158 888 4230 quod
913 4177 971 4213 non
997 4159 1086 4213 debet
1111 4160 1235 4213 revelari
1259 4161 1393 4231 praelato
1418 4160 1474 4214 nisi
1505 4159 1543 4214 sit
1574 4160 1603 4213 in
1633 4171 1840 4216 nocumentum
1873 4162 2004 4231 aliorum,
2036 4173 2065 4218 et
2096 4171 2165 4218 tunc
2198 4164 2288 4218 debet

809 4255 934 4309 revelari
962 4274 1019 4309 non
1047 4257 1184 4309 obstante
1206 4256 1264 4311 fide
1291 4256 1359 4310 data
1385 4256 1422 4310 de
1448 4257 1603 4324 contraria
1623 4257 1692 4327 quia
1720 4257 1749 4311 in
1773 4258 1850 4311 male
1876 4258 2029 4329 promissis
2055 4260 2249 4314 rescindenda
2268 4261 2288 4292 ¹¹

810 4360 855 4406 est
883 4352 965 4406 fides
995 4353 1027 4406 ln
1053 4353 1160 4407 talibus
1188 4353 1264 4407 enim
1286 4353 1416 4426 cognitio
1447 4363 1628 4409 secretorum
1646 4357 1665 4388 ¹¹
1693 4356 1821 4426 pertinet
1840 4355 1878 4410 ad
1909 4357 2057 4428 praelatos
2089 4375 2211 4428 quorum
2243 4366 2288 4412 est

809 4449 963 4504 intendere
983 4460 1012 4504 et
1032 4468 1189 4522 procurare
1208 4452 1318 4506 bonum
1338 4469 1501 4507 commune.

902 5435 908 5464 ¹
925 5450 990 5486 eum
1010 5435 1122 5503 posset]
1142 5439 1241 5503 potest
1260 5451 1326 5486 eum
1347 5431 1379 5486 C.
1400 5465 1432 5472 —
1454 5433 1586 5487 ”meliud
1605 5435 1674 5487 odd.
1695 5434 1728 5488 C.
1753 5465 1781 5473 —
1801 5435 1939 5490 ³scilicet
1958 5437 2028 5491 odd.
2052 5437 2084 5492 C.
2104 5470 2138 5478 —
2167 5441 2289 5494 ⁴autem

810 5521 879 5574 add.
893 5521 922 5574 S.
938 5552 970 5559 —
986 5522 1063 5572 boni.
1080 5521 1117 5584 S;
1138 5521 1205 5572 add.
1225 5534 1259 5573 2(l
1278 5537 1314 5572 m.
1330 5520 1359 5573 S.
1380 5552 1412 5559 -
1432 5521 1555 5592 lpotest
1569 5522 1601 5575 C.
1616 5553 1648 5560 -
1666 5523 1738 5575 ⁷seu
1753 5521 1786 5577 C.
1799 5554 1833 5562 -
1854 5523 1972 5578 'solum
1985 5528 2055 5595 non]
2068 5543 2125 5580 non
2145 5527 2240 5581 solum
2255 5527 2289 5582 C.

811 5641 844 5647 —
859 5610 869 5639 ⁰
882 5627 936 5661 om.
952 5608 984 5661 (j.
1000 5639 1031 5646 -
1049 5609 1069 5638 ¹⁰
1082 5607 1190 5661 debeat
1204 5608 1236 5661 (J.
1252 5639 1284 5646 -
1303 5610 1320 5639 ¹¹
1335 5606 1363 5660 in
1379 5607 1410 5661 C.
1425 5639 1457 5647 -
1474 5608 1495 5639 ¹³
1508 5608 1607 5662 redd'a
1624 5609 1656 5663 C.
1670 5641 1704 5648 -
1721 5611 1740 5641 ¹⁸
1753 5610 1883 5680 cognitio
1898 5617 2090 5684 secretorum]
2108 5625 2288 5670 secretorum

811 5695 942 5764 cognitio
957 5694 989 5748 C.

901 5949 940 6011 (l)
962 5946 1021 6000 Clr.
1042 5965 1068 6018 p.
1089 5949 1149 6013 296,
1169 5964 1195 6000 n.
1216 5949 1264 6012 (l).
