6700 7992
1329 1392 1546 1449 saconoou
1572 1389 1871 1463 Quoomssarmr,
1899 1389 1935 1461 Q.
1963 1388 2005 1443 111
2371 1388 2405 1440 77

928 1588 1045 1642 tamen
1077 1574 1185 1641 libere
1216 1596 1254 1640 se
1287 1573 1551 1640 determinasset
1582 1574 1626 1637 ad
1657 1575 1725 1637 hoc
1757 1570 1852 1656 quod
1884 1571 2036 1636 mundus
2068 1568 2120 1636 sic
2149 1567 2330 1634 habuisset
2361 1568 2405 1633 ab

929 1692 1006 1778 ipso
1024 1712 1102 1757 esse
1127 1693 1171 1756 ab
1196 1704 1338 1756 aeterno
1363 1701 1396 1755 et
1420 1689 1592 1774 potuisset
1616 1688 1846 1754 determinare
1871 1688 1965 1771 quod
1990 1686 2088 1753 aliter
2111 1685 2292 1752 habuisset
2315 1706 2404 1751 esse.

929 1809 1012 1873 Ideo
1044 1807 1146 1873 etiam
1175 1807 1203 1872 si
1235 1807 1387 1872 mundus
1418 1805 1541 1871 fuisset
1573 1807 1616 1869 ab
1652 1816 1805 1883 aeterno,
1838 1826 1910 1869 non
1949 1803 2073 1869 fuisset
2112 1804 2156 1868 de
2197 1799 2406 1867 necessitate

929 1925 1091 1990 absoluta
1119 1925 1163 1989 ab
1191 1934 1345 2003 aeterno,
1363 1924 1426 1987 sed
1455 1923 1567 1987 solum
1596 1920 1843 1987 condicionata
1871 1920 1945 1986 sive
1962 1942 2004 1985 ex
2031 1917 2285 2006 suppositione,
2310 1917 2405 2003 quod

928 2061 1001 2106 non
1018 2039 1154 2106 videtur
1168 2038 1431 2104 inconveniens,
1450 2038 1549 2104 Sicut
1572 2059 1658 2125 ergo
1684 2038 1778 2122 quod
1796 2049 1858 2117 est,
1881 2038 2023 2121 quando
2048 2046 2110 2116 est,
2128 2038 2172 2101 de
2196 2033 2406 2102 necessitate

929 2168 992 2236 est,
1009 2179 1081 2221 non
1098 2155 1309 2240 simpliciter,
1327 2156 1390 2220 sed
1408 2176 1449 2219 ex
1466 2153 1708 2239 suppositione
1726 2153 1858 2219 scilicet
1875 2152 1910 2217 in
1924 2163 2090 2237 quantum
2109 2162 2171 2231 est,
2187 2190 2225 2199 —
2241 2151 2405 2217 Socrates

930 2273 1022 2341 enim
1054 2293 1196 2339 currens
1220 2271 1255 2336 in
1280 2292 1300 2335 a
1327 2292 1399 2335 non
1429 2272 1473 2336 de
1504 2269 1714 2335 necessitate
1742 2269 1845 2361 currit
1873 2268 1908 2334 in
1937 2291 1966 2349 a,
1995 2270 2058 2334 sed
2085 2270 2166 2333 dum
2195 2267 2299 2334 currit
2326 2266 2361 2332 in
2386 2286 2407 2331 a

929 2411 1001 2456 non
1030 2400 1146 2474 potest
1174 2409 1245 2453 non
1274 2408 1421 2466 currere,
1439 2386 1485 2451 ita
1509 2387 1603 2471 quod
1628 2387 1788 2452 absolute
1812 2386 1990 2470 loquendo
2015 2396 2135 2471 posset
2153 2383 2161 2419 ¹
2181 2405 2253 2450 non
2269 2405 2406 2451 currere

930 2506 965 2571 in
994 2528 1024 2586 a,
1052 2505 1133 2590 quia
1161 2525 1299 2570 currere
1326 2503 1361 2568 in
1389 2524 1409 2567 a
1433 2525 1505 2567 non
1541 2514 1593 2568 est
1626 2504 1670 2568 de
1700 2503 1774 2568 eius
1813 2502 1957 2582 ratione,
1986 2541 2027 2549 —
2059 2502 2105 2566 ita
2140 2500 2242 2566 etiarn
2274 2501 2406 2565 mundo

930 2643 1002 2688 non
1034 2620 1203 2686 existente
1235 2641 1306 2684 non
1335 2629 1388 2684 est
1415 2641 1532 2684 verum
1558 2619 1653 2703 quod
1686 2617 1886 2704 simpliciter
1916 2619 2095 2703 loquendo
2126 2620 2129 2700 Ι
2159 2637 2307 2683 necesse
2338 2614 2408 2681 sit⁸
2464 2602 2566 2660 cod.P

930 2738 1043 2824 ipsum
1069 2757 1147 2803 esse
1171 2758 1192 2801 a
1215 2736 1293 2801 Deo
1318 2734 1444 2813 hodie3
1470 2735 1564 2800 unde
1589 2734 1691 2800 etiam
1715 2755 1793 2799 cras
1818 2757 1889 2800 non
1913 2735 1977 2800 erit
2004 2734 2163 2800 absolute
2187 2754 2316 2798 verum.
2346 2732 2408 2797 Est
2429 2677 2547 2733 sollte
2559 2677 2600 2732 Ra

931 2855 1047 2921 dicere
1074 2874 1138 2938 pro
1167 2851 1223 2917 die
1253 2851 1443 2916 hodierna:
1472 2872 1620 2917 necesse
1648 2850 1712 2915 fuit
1742 2852 1910 2916 mundum
1938 2850 2011 2916 heri
2039 2872 2059 2915 a
2094 2851 2172 2915 Deo
2201 2849 2320 2929 fuisse,
2343 2849 2407 2915 sed

930 2991 973 3037 ex
989 2967 1233 3054 suppositione
1257 2967 1318 3033 et³
1341 2966 1560 3046 condicione,
1585 2967 1619 3032 in
1644 2978 1812 3052 quantum
1837 2978 1889 3033 est
1913 2988 2008 3032 nunc
2031 2968 2085 3033 vel
2103 2967 2136 3031 in
2159 2977 2327 3050 quantum
2344 2963 2408 3029 fuit

929 3085 1025 3165 heri3
1051 3086 1097 3151 ita
1121 3085 1224 3151 etiam
1249 3105 1312 3169 pro
1338 3094 1410 3148 toto
1435 3095 1592 3169 ternpore
1617 3083 1802 3168 praeterito
1827 3094 1860 3149 et
1883 3084 2009 3149 futuro.

1020 3202 1101 3267 Non
1140 3200 1231 3266 valet
1263 3199 1366 3266 etiam
1396 3199 1483 3265 ratio
1521 3221 1590 3284 qua
1622 3199 1747 3265 dicitur
1785 3200 1953 3265 mundum
1993 3220 2064 3265 non
2102 3198 2260 3285 potuisse
2298 3199 2408 3266 fuisse

930 3331 1120 3397 aeternum,
1153 3317 1234 3402 quia
1263 3326 1421 3382 creatura
1449 3315 1687 3401 parificaretur
1726 3315 1872 3381 creatori
1911 3315 1946 3381 in
1972 3315 2165 3396 duratione,
2198 3315 2280 3401 quia
2314 3326 2408 3384 esset

930 3447 1083 3515 aeterna,
1100 3433 1190 3498 sicut
1207 3433 1304 3498 Deus
1329 3443 1501 3512 aeternuS,
1520 3443 1553 3497 et
1578 3454 1741 3498 mensura
1765 3432 1830 3497 Dei
1855 3454 1926 3497 non
1952 3434 2138 3499 excederet
2160 3454 2227 3500 nec
2251 3454 2408 3519 compre·

930 3553 1100 3617 henderet
1127 3570 1193 3615 nec
1221 3548 1366 3614 ambiret
1393 3560 1500 3614 totam
1534 3548 1752 3615 durationem
1777 3560 1978 3628 creaturae;
2002 3549 2093 3635 quia,
2118 3560 2156 3615 ut
2184 3549 2409 3635 probabiliter

931 3667 1070 3733 dicebat
1107 3667 1339 3751 respondens,
1371 3667 1439 3730 hoc
1479 3664 1595 3750 posito
1624 3665 1793 3751 semper⁴
1816 3665 2002 3731 aeternitas
2037 3665 2110 3731 sive
2149 3687 2313 3732 mensura
2353 3667 2408 3733 vel

931 3781 1068 3848 duratio
1085 3783 1150 3847 Dei
1179 3793 1272 3847 esset
1295 3792 1369 3847 tota
1392 3781 1493 3846 simul
1517 3781 1552 3846 in
1577 3803 1714 3847 summa
1741 3781 1961 3868 simplicitate
1986 3781 2193 3861 consistens,
2215 3795 2248 3849 et
2272 3782 2408 3849 duratio

932 3898 1053 3964 mundi
1084 3897 1295 3976 successiva,
1335 3897 1414 3963 licet
1454 3897 1535 3982 quia
1574 3919 1699 3963 carens
1735 3897 1905 3984 principio
1946 3898 2138 3964 durationis
2178 3910 2212 3965 et
2250 3898 2408 3979 termin0,

932 4013 1106 4081 diceretur
1122 4012 1257 4079 duratio
1275 4024 1427 4093 aeterna,
1445 4013 1480 4078 id
1497 4024 1550 4078 est
1574 4013 1767 4079 aeternitati
1792 4013 1990 4079 indivisibili
2014 4036 2086 4080 non
2110 4015 2306 4082 secundum
2330 4036 2409 4081 esse

932 4130 1076 4198 omnino
1101 4129 1320 4210 indivisibile,
1346 4131 1408 4195 sed
1433 4131 1628 4195 secundum
1653 4152 1754 4196 suum
1789 4151 1867 4196 esse
1891 4130 2129 4197 successivum
2154 4142 2188 4197 et
2209 4131 2409 4198 secundum

932 4269 1032 4313 suam
1064 4257 1240 4312 aeternam
1269 4267 1467 4311 mensuram
1492 4245 1728 4312 successivam
1753 4257 1868 4312 tamen
1894 4268 2032 4333 semper
2060 4247 2268 4315 coexistens.
2293 4247 2335 4313 Et
2359 4246 2409 4314 sic

933 4362 1035 4429 etiam
1063 4362 1098 4428 in
1126 4362 1341 4449 perfectione
1370 4374 1404 4428 et
1431 4362 1649 4448 simplicitate
1681 4362 1865 4428 excederet
1896 4373 2002 4428 totam
2032 4363 2249 4429 durationem
2278 4363 2409 4445 mundi,

933 4489 967 4544 et
991 4500 1068 4545 eam
1093 4500 1164 4543 uno
1189 4477 1322 4544 modo⁶
1345 4478 1493 4563 simplici
1525 4480 1847 4564 comprehenderet,
1880 4479 1961 4563 quia
1992 4501 2065 4544 non
2093 4481 2289 4545 secundum
2317 4478 2409 4545 aliud

933 4606 968 4661 et
998 4594 1092 4660 aliud
1123 4593 1233 4680 ipsius
1266 4594 1477 4660 aeternitatis
1507 4606 1645 4680 tempus
1677 4595 1731 4659 vel
1762 4605 1878 4680 partes
1902 4595 2069 4681 temporis
2093 4595 2144 4661 sic
2168 4595 2409 4676 coexisterent,

933 4723 971 4776 ut
1005 4710 1056 4776 sic
1091 4732 1172 4797 pars
1211 4710 1423 4778 aeternitatis
1462 4722 1595 4796 partem
1634 4711 1801 4796 temporis
1840 4710 1896 4777 cui
1935 4711 2144 4778 coexisteret
2181 4714 2410 4797 comprehen-

935 4828 1042 4908 deret,
1067 4838 1101 4894 et
1124 4826 1191 4892 alia
1215 4849 1296 4913 pars
1321 4827 1432 4907 aliam,
1458 4826 1547 4893 sed⁶
1570 4826 1654 4892 illud
1679 4828 1873 4893 secundum
1907 4830 2001 4913 quod
2034 4827 2169 4894 modo⁷
2196 4827 2355 4895 coexistit
2379 4827 2411 4893 ei

934 4954 1073 5029 tempus
1095 4965 1275 5030 praesens,
1304 4943 1498 5010 secundum
1523 4943 1605 5009 illud
1629 4943 1799 5010 coexistet
1823 4943 1855 5010 ei
1878 4943 2043 5031 tempus⁸
2065 4946 2216 5011 futurum
2248 4944 2283 5010 in
2307 4945 2411 5012 mille·

935 5059 1060 5126 simum
1084 5081 1225 5125 annum.
1243 5060 1324 5125 Non
1348 5062 1460 5125 solum
1486 5059 1578 5126 enim
1606 5059 1860 5126 inconveniens
1885 5073 1938 5126 est
1962 5062 2056 5146 quod
2081 5060 2197 5126 divina
2225 5061 2411 5129 aeternitas

934 5175 1069 5242 ratione
1097 5196 1183 5242 suae
1210 5174 1389 5241 infinitatis
1413 5199 1485 5242 non
1510 5177 1657 5242 excedat
1688 5176 1905 5243 durationem
1931 5177 2051 5242 mundi
2075 5189 2289 5244 aetemama
2313 5190 2411 5264 parte

935 5302 1026 5372 ante,
1051 5293 1114 5358 sed
1139 5290 1242 5357 etiam
1270 5315 1290 5358 a
1314 5303 1413 5378 parte
1441 5303 1530 5378 post.
1560 5293 1626 5359 Cui
1651 5315 1724 5358 non
1748 5305 1922 5382 repugnat
1945 5293 2034 5359 forte
2065 5305 2245 5360 aeternum
2269 5314 2290 5359 a
2313 5305 2411 5380 parte

936 5418 1027 5494 post,
1056 5407 1137 5492 quia
1172 5407 1238 5473 ista
1265 5408 1451 5475 aeternitas
1478 5408 1599 5474 mundi
1627 5422 1661 5475 et
1692 5430 1756 5474 sua
1787 5408 1938 5474 infinitas
1970 5410 2076 5475 habet
2109 5431 2188 5476 esse
2213 5430 2353 5495 semper
2375 5409 2410 5475 in

935 5534 1015 5590 actu
1032 5523 1202 5609 permixto
1219 5525 1397 5610 potentiae
1421 5535 1455 5590 et
1471 5546 1542 5590 non
1560 5523 1595 5590 in
1619 5536 1699 5590 actu
1717 5524 1917 5611 simpliciter
1932 5526 2089 5611 perfecto
2114 5525 2194 5611 quia
2210 5525 2412 5593 successiva

1025 5839 1107 5891 ¹non
1119 5837 1214 5908 possit
1227 5837 1303 5891 P.-
1316 5838 1327 5869 ¹
1340 5836 1394 5891 fuit
1407 5837 1437 5892 P.
1449 5868 1483 5877 -
1497 5838 1508 5870 ⁸
1520 5837 1608 5891 etiam
1618 5836 1652 5891 V.
1667 5869 1700 5877 —
1716 5839 1726 5869 ⁴
1740 5846 1818 5892 esset
1831 5838 1900 5892 add.
1911 5837 1942 5892 P.
1954 5868 1986 5876 -
2002 5839 2080 5893 ὗοηι.
2091 5838 2125 5892 V.
2139 5869 2171 5878 -
2188 5839 2369 5894 lsecundum
2380 5839 2412 5894 P.

882 5952 905 5965 -·
935 5925 1076 5980 -²non
1095 5926 1324 5980 1³.-⁸0m.P.

2272 6017 2304 6070 11
