6700 7992
1170 1450 1386 1509 secuuntur
1415 1452 1715 1525 Quooussruu,
1744 1452 1780 1524 Q.
1806 1450 1861 1506 vu
2201 1452 2244 1503 tar

770 1634 960 1721 opponitur
983 1632 1142 1720 proprie3
1179 1645 1212 1699 et
1237 1634 1287 1698 sic
1322 1655 1401 1700 esse
1436 1654 1642 1719 corporeum
1679 1633 1912 1699 substantiale
1947 1631 2098 1698 hominis
2133 1642 2249 1717 potest

770 1770 849 1816 esse
873 1752 917 1815 ab
942 1749 1067 1817 anima.
1092 1749 1224 1815 Eadem
1249 1749 1352 1814 etiam
1378 1749 1511 1814 ratione
1546 1760 1666 1834 posset
1698 1748 1797 1836 argui
1820 1750 1914 1834 quod
1947 1772 2019 1814 non
2046 1749 2143 1813 daret
2170 1769 2250 1814 esse

771 1866 967 1932 irrationale
984 1865 1058 1932 sive
1082 1864 1247 1931 sensibile
1272 1877 1306 1930 et
1328 1876 1452 1931 cetera.
1478 1865 1537 1931 Sic
1562 1865 1653 1931 enim
1678 1887 1876 1952 repugnare
1900 1865 2060 1931 videntur
2084 1864 2250 1930 sensibile

754 1996 804 2050 et
830 1982 1063 2048 intellectuale
1088 1982 1178 2046 sicut
1202 2002 1409 2067 corporeum
1435 1993 1469 2045 et
1493 1981 1749 2066 incorporeum,
1767 1992 1801 2046 et
1817 1980 1898 2046 ideo
1916 1980 1996 2045 talia
2021 2002 2094 2045 non
2118 1980 2250 2046 faciunt

771 2098 1009 2163 difficultatem
1045 2097 1232 2183 propriam,
1265 2098 1328 2161 sed
1364 2097 1539 2182 explicant
1573 2096 1814 2162 difficultatem
1850 2117 1940 2181 quae
1973 2108 2027 2161 est
2061 2096 2153 2161 circa
2181 2097 2250 2161 hoc

771 2215 950 2299 quomodo
975 2213 1090 2278 anima
1114 2212 1226 2298 possit
1250 2233 1328 2277 esse
1352 2213 1464 2277 forma
1488 2212 1725 2280 substantialis
1750 2212 1908 2297 corporis
1934 2223 1968 2278 et
1991 2221 2116 2279 cetera.

860 2330 918 2395 Ad
943 2329 1026 2395 illud
1051 2330 1095 2395 de
1120 2328 1250 2394 unitate
1276 2328 1433 2413 corporis
1468 2327 1595 2393 Christi
1627 2328 1694 2393 vivi
1727 2339 1761 2393 et
1791 2328 1916 2394 mortui
1947 2340 1982 2393 et
2015 2341 2140 2408 cetera,
2164 2339 2250 2414 puto

772 2447 866 2532 quod
891 2467 1014 2511 omnes
1039 2445 1262 2510 auctoritates
1287 2466 1377 2529 quae
1401 2445 1562 2510 videntur
1586 2445 1773 2511 ostendere
1797 2466 1926 2530 corpus
1962 2467 2069 2510 unum
2101 2456 2136 2510 et
2159 2444 2250 2511 idem

772 2562 808 2628 in
843 2561 995 2641 Christo,
1027 2561 1184 2627 dicerent
1219 2561 1320 2626 etiam
1357 2560 1511 2626 similiter
1545 2560 1581 2625 in
1614 2560 1699 2625 aliis.
1736 2561 1838 2626 Unde
1872 2561 2011 2627 Christo
2047 2572 2183 2626 mortuo
2218 2569 2252 2627 et

771 2679 906 2743 latrone
941 2676 1103 2756 similiter,
1137 2699 1207 2741 non
1244 2676 1381 2742 videtur
1416 2677 1511 2761 quod
1551 2678 1720 2741 deberent
1755 2676 1823 2742 dici
1862 2676 2062 2742 huiusmodi
2104 2698 2252 2762 corpora

776 2804 912 2859 mortua
942 2795 987 2857 ab
1015 2792 1164 2859 invicem
1189 2792 1307 2878 specie
1333 2792 1537 2871 differentia,
1562 2792 1652 2858 sicut
1683 2813 1751 2858 nec
1775 2813 1854 2858 curn
1879 2793 2001 2859 erant¹
2026 2793 2106 2858 viva
2133 2792 2252 2877 specie

774 2909 989 2975 differebant.
1019 2909 1098 2973 Non
1125 2907 1228 2972 video
1257 2929 1341 2993 ergo
1367 2930 1473 2991 quare
1498 2918 1636 2992 oportet
1659 2907 1727 2972 dici
1756 2909 1800 2974 de
1829 2908 1969 2974 Christo
1994 2910 2091 2993 quod
2114 2909 2149 2973 in
2174 2908 2252 2994 ipso

773 3025 853 3091 vivo
878 3035 912 3089 et
935 3036 1072 3090 mortuo
1097 3023 1160 3088 fuit
1185 3045 1292 3087 unum
1319 3034 1352 3089 et
1376 3023 1468 3089 idem
1493 3044 1632 3109 corpus,
1657 3023 1686 3087 si
1716 3045 1787 3089 non
1816 3024 1951 3090 dicatur
1979 3026 2049 3090 hoc
2077 3024 2179 3090 etiam
2209 3025 2253 3090 de

774 3140 870 3219 aliis3
896 3162 962 3206 nec
987 3140 1089 3206 video
1113 3139 1142 3203 si
1178 3139 1387 3205 necessitate
1421 3150 1566 3204 naturae
1600 3139 1633 3203 in
1666 3151 1777 3205 morte
1809 3140 1952 3206 aliorum
1988 3140 2065 3207 sic²
2099 3139 2253 3205 introdu-

775 3267 900 3323 cuntur
927 3277 1040 3321 novae
1072 3257 1215 3320 formae.
1250 3256 1368 3339 Quare
1393 3255 1553 3320 Christus
1578 3257 1646 3320 hoc
1670 3255 1774 3320 etiam
1806 3256 1839 3320 in
1872 3255 1938 3323 se³
1965 3256 2042 3341 ipso
2075 3278 2147 3322 non
2178 3276 2253 3341 per-

774 3372 865 3437 misit
889 3372 972 3457 [qui]
997 3373 1192 3437 secundum
1217 3373 1311 3455 quod
1336 3370 1419 3436 dicit
1443 3370 1724 3457 Augustinust'l)
1750 3383 1872 3437 contra
1889 3371 2101 3438 Felicianum
2119 3394 2126 3436 :
2145 3372 2252 3438 credo

775 3488 896 3553 Filium
922 3487 987 3552 Dei
1011 3498 1183 3552 mortuum
1201 3487 1395 3552 secundum
1420 3488 1534 3572 legem
1560 3500 1705 3552 naturae
1730 3509 1833 3572 quam
1859 3509 1922 3573 pro
1946 3487 2089 3553 humani
2113 3486 2254 3575 generis

776 3602 1016 3688 redemptione
1051 3603 1224 3688 suscepit.⁴
1256 3603 1332 3669 Nec
1369 3614 1507 3688 oportet
1547 3602 1663 3669 dicere
1704 3605 1799 3688 quod
1839 3603 1919 3688 quia
1958 3624 2087 3689 corpus
2126 3602 2253 3669 Christi

776 3719 895 3786 debuit
919 3718 1119 3785 conservari
1143 3719 1218 3784 sine
1242 3718 1508 3804 putrefactione,
1525 3718 1605 3784 ideo
1630 3718 1698 3783 alia
1713 3720 1824 3785 forma
1848 3741 1920 3784 non
1945 3719 2064 3785 debuit
2081 3717 2254 3785 introduci

776 3834 857 3921 quia
878 3834 1001 3899 suisset
1026 3835 1136 3899 forma
1160 3834 1364 3919 putredinis.
1400 3835 1488 3899 Nam
1522 3846 1598 3900 esto
1629 3836 1724 3920 quod
1756 3834 1982 3901 remansisset
2014 3856 2126 3919 usque
2160 3856 2253 3900 nunc

776 3952 909 4036 absque
934 3949 1058 4031 anima,
1085 3949 1197 4036 potuit
1220 3950 1419 4016 conservari
1449 3950 1525 4017 sine
1550 3951 1816 4036 putrefactione,
1841 3950 1930 4017 sicut
1955 3951 2058 4016 etiam
2083 3949 2255 4038 contingit

776 4067 821 4133 de
844 4066 1017 4151 aliquibus
1042 4065 1249 4152 corporibus
1274 4076 1474 4131 sanctorum
1500 4066 1693 4151 aliquorum
1719 4078 1755 4131 ut
1787 4066 1921 4132 dicitur.
1955 4066 2048 4149 Quia
2079 4065 2182 4131 etiam
2208 4066 2254 4131 ita

777 4180 846 4248 cito
870 4182 1015 4247 surrexit
1039 4194 1072 4246 et
1096 4182 1151 4247 tali
1178 4193 1334 4267 tempore
1360 4194 1393 4247 et
1418 4182 1468 4247 sic
1493 4182 1557 4246 fuit
1581 4182 1794 4247 aromatibus
1816 4203 1945 4268 corpus
1970 4182 2045 4248 eius
2063 4182 2253 4261 conditum,

775 4310 896 4384 posset
920 4298 989 4363 dici
1014 4300 1107 4383 quod
1139 4320 1268 4383 corpus
1305 4297 1433 4362 Christi
1469 4320 1541 4362 non
1573 4297 1656 4362 vidit
1685 4298 1944 4384 corruptionem
1977 4298 2050 4363 sive
2083 4298 2255 4383 putrefac-

774 4414 906 4480 tionem
931 4414 1033 4479 etiam
1058 4416 1191 4499 absque
1209 4413 1325 4498 aliquo
1343 4414 1529 4493 miraculo;
1554 4413 1635 4498 quia
1652 4416 1720 4480 hoc
1737 4413 1861 4479 dicitur
1877 4426 2020 4500 propter
2036 4414 2254 4480 velocitatem

776 4548 811 4596 et
837 4529 1125 4597 accelerationem
1151 4552 1236 4595 suae
1260 4529 1535 4609 resurrectionis
1562 4529 1661 4613 quasi
1685 4529 1833 4595 dicens⁴
1854 4553 1861 4593 :
1886 4551 1958 4595 non
1984 4529 2150 4615 permittis
2175 4550 2254 4596 eum

776 4645 822 4711 ita
847 4646 906 4711 diu
933 4657 1044 4711 morte
1069 4645 1215 4712 detineri
1243 4646 1339 4729 quod
1371 4646 1474 4710 etiam
1508 4657 1628 4731 posset
1651 4644 1837 4730 putrefieri.
1871 4646 1972 4710 Nulla
2004 4667 2089 4734 ergo
2121 4645 2256 4710 videtur

776 4761 969 4829 necessitas
992 4765 1061 4828 hoc
1085 4762 1241 4847 ponendi
1266 4762 1463 4846 specialiter
1486 4762 1520 4827 in
1546 4762 1697 4841 Christ0,
1715 4774 1791 4827 esto
1816 4763 1910 4846 quod
1927 4761 1963 4826 in
1987 4761 2057 4827 eo⁶
2080 4760 2148 4827 sint
2165 4762 2255 4827 duae

776 4879 919 4959 formae,
939 4878 968 4943 si
999 4878 1035 4943 in
1060 4878 1134 4943 aliis
1165 4880 1233 4944 hoc
1257 4900 1327 4944 non
1357 4889 1515 4963 ponatur.

788 5076 789 5080 Ἰ
865 4994 902 5061 Si
927 4993 1061 5059 dicatur
1088 4995 1183 5078 quod
1211 4992 1328 5059 immo.
1346 5015 1440 5058 nova
1468 4994 1565 5059 lieret
1589 4993 1672 5059 unio
1698 4993 1778 5078 quia
1802 4994 1892 5059 sicut
1915 5006 2073 5059 naturam
2099 5016 2255 5079 assump-

775 5121 844 5177 tam
869 5131 941 5175 non
965 5109 1138 5195 deposuit,
1164 5109 1210 5174 ita
1234 5109 1337 5174 etiam
1362 5131 1428 5174 nec
1452 5131 1579 5175 novam
1604 5110 1802 5194 assumpsit,
1829 5149 1869 5156 —
1895 5111 1958 5176 sed
1983 5112 2027 5175 ad
2050 5112 2119 5175 lroc
2137 5121 2256 5196 posset

776 5225 845 5292 dici
874 5227 970 5311 quod
1001 5248 1119 5291 verum
1144 5237 1196 5290 est
1224 5226 1320 5309 quod
1348 5236 1505 5289 naturam
1537 5247 1663 5289 novam
1698 5248 1760 5311 per
1790 5247 1829 5291 se
1857 5248 1929 5290 non
1957 5225 2153 5311 assumpsit.
2183 5227 2255 5291 Sed

775 5364 846 5407 non
862 5341 875 5375 ⁰
898 5341 1034 5406 videtur
1059 5340 1310 5407 inconveniens
1328 5342 1422 5425 quod
1447 5341 1490 5405 sit
1507 5342 1663 5427 perfecta
1680 5341 1796 5425 aliquo
1821 5342 1927 5406 modo
1945 5341 2028 5407 unio
2058 5363 2159 5421 nova,
2177 5342 2257 5408 licet

867 5629 874 5658 ¹
888 5635 952 5681 erat
967 5626 998 5680 V.
1014 5658 1047 5665 —
1061 5627 1072 5658 ²
1085 5626 1161 5680 sicut
1176 5628 1207 5680 P?
1221 5659 1252 5665 —
1268 5628 1346 5679 lom.
1362 5625 1392 5678 P.
1413 5657 1441 5664 —
1463 5630 1470 5657 ¹
1486 5626 1570 5696 quasi
1584 5626 1695 5695 diceus]
1711 5646 1750 5697 .q.
1765 5626 1792 5678 (l.
1807 5624 1829 5676 P
1836 5625 1868 5678 V.
1883 5658 1914 5664 -
1936 5625 2024 5697 ⁸ipso
2038 5626 2068 5679 P.
2082 5657 2115 5665 -—
2130 5627 2209 5681 “aaa
2224 5627 2254 5680 P.

863 5807 904 5871 (1)
932 5805 1068 5875 [Vigilii
1088 5806 1113 5857 T
1119 5804 1315 5876 apsensisil
1338 5804 1451 5858 (butro
1473 5804 1658 5857 Feta-arnum
1678 5805 1713 5857 da
1732 5806 1849 5857 unitate
1873 5804 2040 5865 Trinitatis,
2060 5822 2084 5858 c.
2100 5808 2133 5858 18
2152 5806 2194 5867 (P.
2215 5805 2256 5873 L.,

775 5893 833 5947 vol.
846 5896 891 5958 42,
905 5892 959 5947 col.
975 5895 1073 5949 117‘2r:
1091 5914 1140 5947 r..
1155 5893 1253 5946 (Jrcdo
1269 5902 1412 5945 mortuum
1428 5909 1493 5944 essc
1509 5892 1530 5943 F
1533 5892 1612 5944 ilium
1626 5891 1690 5958 Dei,
1704 5910 1760 5945 non
1775 5892 1934 5946 secuudum
1955 5910 2080 5962 poenam
2097 5892 2256 5947 iniustitiae

776 5998 862 6051 quam
876 5998 912 6034 ex
926 5987 989 6035 toto
1008 5998 1065 6033 uon
1080 5980 1190 6045 habuit,
1203 5981 1256 6033 sed
1270 5979 1430 6033 secundum
1443 5980 1539 6048 legem
1553 5988 1675 6033 naturae
1690 5998 1776 6049 quarn
1792 5998 1846 6050 pro
1860 5980 1976 6033 humani
1992 5980 2109 6049 generis
2122 5981 2256 6053 redemp-

775 6068 856 6122 tione
875 6068 1042 6139 suscepit.»
