6700 7992
1337 1429 1556 1486 secuuntur
1586 1429 1886 1501 Quonmnaauu
1915 1430 1951 1501 o.
1977 1431 2017 1488 ιν
2378 1437 2408 1486 ar

1026 1612 1166 1678 Contra.
1203 1611 1352 1696 Oportet
1386 1612 1483 1694 quod
1512 1609 1603 1675 actio
1638 1609 1683 1674 sit
1715 1609 1984 1695 proportionalis
2012 1609 2126 1675 virtuti
2161 1610 2308 1699 agentis.
2341 1612 2414 1678 Sed

936 1727 1050 1794 omnis
1074 1726 1165 1793 aetio
1182 1725 1386 1793 terminatae
1410 1724 1627 1791 substantiae
1644 1736 1698 1790 est
1721 1725 1909 1805 accidens;
1934 1725 2100 1791 accidens
2124 1736 2239 1792 autem
2264 1749 2336 1793 non
2361 1739 2414 1794 est

934 1843 1197 1931 proportionale
1234 1841 1450 1907 substantiae
1488 1842 1551 1907 sed
1591 1840 1774 1907 accidenti.
1807 1841 1903 1929 Ergo
1943 1842 2157 1927 operationis
2197 1843 2414 1910 substantiae

935 1981 1026 2044 quae
1050 1959 1215 2025 accidens
1233 1970 1286 2024 est
1306 1958 1315 1993 ¹
1338 1978 1412 2023 non
1436 1967 1552 2043 potest
1569 1978 1648 2023 esse
1662 1956 1900 2023 immediatum
1917 1957 2124 2044 principium
2141 1958 2346 2024 substantia.

857 2059 858 2062 Ἴ
1024 2075 1238 2161 Respondeo
1256 2073 1457 2140 dicendum:
1472 2073 1593 2139 dicunt
1608 2073 1713 2158 aliqui
1724 2077 1770 2157 (1)
1784 2074 1880 2157 quod
1894 2073 1987 2140 circa
2000 2076 2068 2139 hoc
2082 2086 2134 2140 est
2146 2074 2411 2163 intelligendum

934 2191 1030 2277 quod
1055 2191 1184 2277 duplex
1208 2202 1260 2256 est
1284 2189 1440 2276 potentia
1464 2190 1519 2255 vel
1543 2188 1751 2275 principium
1780 2188 1993 2274 operationis
2026 2190 2062 2254 in
2091 2190 2267 2256 creaturis.
2297 2191 2413 2274 Quae·

935 2309 1015 2374 dam
1039 2307 1131 2373 enim
1157 2317 1209 2373 est
1233 2305 1355 2386 activa,
1380 2306 1553 2390 quaedam
1582 2317 1698 2371 autem
1723 2305 1884 2390 passiva3
1921 2317 1955 2371 et
1978 2305 2059 2391 quia
2083 2327 2194 2394 agens
2217 2308 2412 2373 secundum

935 2424 1031 2510 quod
1055 2445 1166 2512 agens
1191 2422 1357 2488 assimilat
1373 2422 1439 2486 sibi
1463 2443 1616 2507 passum,
1635 2421 1669 2485 id
1695 2421 1830 2487 videtur
1846 2442 1926 2487 esse
1943 2421 2179 2488 immediatum
2204 2423 2413 2509 principium

934 2539 1084 2607 activum
1109 2538 1257 2604 actionis
1282 2538 1316 2603 in
1345 2560 1415 2623 quo
1440 2559 1550 2626 agens
1575 2537 1741 2603 assimilat
1765 2537 1830 2602 sibi
1855 2559 1997 2622 passum
2015 2549 2048 2603 et
2071 2537 2107 2603 in
2132 2560 2202 2622 quo
2226 2539 2414 2605 attenditur

934 2655 1121 2721 similitudo
1147 2655 1282 2744 agentis
1308 2656 1352 2720 ad
1377 2676 1518 2740 passum
1534 2653 1554 2719 ².
1579 2654 1617 2718 ln
1644 2653 1835 2718 mutatione
1860 2666 1975 2719 autem
2000 2656 2044 2719 ad
2068 2654 2298 2721 substantiam
2323 2677 2413 2741 quae

935 2771 1058 2838 dicitur
1089 2770 1270 2860 generatio
1303 2769 1491 2835 attenditur
1522 2769 1711 2835 similitudo
1743 2769 1779 2834 in
1810 2770 1921 2835 forma
1960 2770 2198 2850 substantiali3
2238 2793 2413 2859 generans

934 2887 1026 2954 enim
1059 2886 1225 2953 assimilat
1256 2885 1320 2951 sibi
1345 2896 1550 2974 generatum
1574 2885 1609 2951 in
1641 2886 1836 2952 substantia
1868 2897 2034 2971 quantum
2059 2887 2104 2951 ad
2137 2886 2311 2952 formam³
2333 2889 2413 2953 sub·

933 3003 1140 3071 stantialem.
1177 3003 1296 3087 Quare
1328 3004 1439 3068 forma
1474 3001 1713 3067 substantialis
1745 3002 1881 3068 videtur
1916 3023 1995 3068 esse
2027 3002 2233 3089 principium
2268 3024 2413 3091 genera·

935 3119 1040 3186 tionis
1068 3118 1284 3186 substantiae
1308 3118 1468 3185 activum.
1498 3117 1590 3201 Quia
1619 3117 1721 3184 etiam
1748 3118 1925 3204 passivum
1956 3117 1990 3183 in
2019 3129 2186 3204 quantum
2211 3118 2412 3186 huiusmodi

934 3259 1006 3303 non
1041 3235 1176 3302 reducit
1210 3257 1249 3301 se
1284 3234 1398 3321 ipsum
1434 3236 1479 3300 ad
1515 3246 1640 3314 actum,
1673 3236 1736 3300 sed
1769 3237 1813 3301 ab
1849 3245 1976 3323 agente
2011 3234 2188 3301 reducitur
2222 3234 2257 3300 in
2285 3248 2412 3318 actum,

934 3353 1071 3419 videtur
1102 3352 1198 3437 quod
1231 3350 1266 3416 in
1300 3350 1442 3437 passivo
1474 3350 1625 3417 sufficiat
1660 3352 1755 3436 quod
1791 3349 1835 3416 sit
1869 3350 2026 3436 potentia
2062 3350 2202 3437 passiva
2236 3353 2413 3438 receptiva

934 3467 1231 3535 transmutationis
1263 3479 1297 3533 et
1335 3467 1482 3533 actionis
1518 3477 1551 3533 et
1585 3467 1719 3533 formae
1752 3467 1900 3554 agentis.
1925 3467 2004 3533 Hoc
2035 3468 2156 3532 saltem
2187 3467 2346 3534 videmus
2376 3468 2411 3535 in

934 3584 1044 3671 primo
1068 3583 1212 3670 passivo
1230 3584 1323 3668 quod
1341 3595 1394 3648 est
1418 3583 1561 3648 materia
1577 3582 1698 3668 prima,
1723 3582 1828 3667 quia⁴
1845 3582 2001 3668 potentia
2017 3581 2182 3649 materiae
2201 3604 2273 3649 non
2297 3596 2413 3670 potest

934 3701 1050 3767 dicere
1075 3699 1225 3785 aliquam
1250 3721 1321 3765 rem
1339 3700 1532 3764 absolutam
1556 3699 1631 3764 sive
1653 3698 1795 3784 aliquod
1820 3698 1986 3765 accidens
2002 3699 2095 3764 reale
2119 3698 2279 3765 additum·
2294 3721 2412 3766 essen·v

932 3817 1000 3883 tiae
1024 3816 1198 3896 materiae,
1223 3816 1286 3880 sed
1310 3817 1423 3880 solum
1447 3826 1645 3900 respectum
1675 3815 1731 3881 vel
1764 3814 1966 3880 relationem
1991 3815 2141 3900 aliquam
2167 3815 2412 3900 aliquomodo

931 3932 967 4013 in
991 3932 1068 4019 ipsa
1092 3933 1187 3997 nuda
1212 3931 1364 3997 essentia
1387 3930 1553 3996 materiae
1577 3931 1767 3996 fundatam.
1793 3931 1837 3995 Et
1860 3930 1941 4015 quia
1969 3929 2071 3996 etiam
2097 3932 2212 3996 anima
2236 3944 2289 3998 est
2312 3931 2411 4017 quasi

932 4048 1108 4115 materiale
1140 4059 1174 4114 et
1197 4047 1374 4133 passivum
1407 4057 1570 4131 respectu
1595 4047 1811 4112 sensibilium
1842 4045 2119 4134 intelligibilium,
2144 4045 2281 4113 videtur
2307 4047 2411 4114 etiam

931 4166 1027 4251 quod
1066 4164 1223 4251 potentia
1255 4162 1428 4229 sentiendi
1448 4175 1503 4228 -et
1542 4162 1759 4250 intelligendi
1790 4184 1861 4228 non
1902 4162 2019 4229 dicant
2055 4163 2139 4229 res⁶
2176 4162 2412 4231 accidentales

844 4300 849 4306 ·
932 4281 1069 4367 additas
1093 4280 1159 4366 ipsi
1184 4280 1358 4346 essentiae
1382 4279 1529 4345 animae.

1020 4397 1092 4465 Sed
1110 4396 1191 4481 quia
1215 4395 1435 4461 evidentibus
1446 4394 1653 4460 rationibus
1670 4395 1871 4480 oppositum
1890 4395 2024 4476 dicitur,
2042 4396 2122 4462 ideo
2139 4396 2414 4462 declarandum⁰

932 4526 985 4580 est
1009 4513 1104 4598 quod
1139 4512 1234 4577 nulla
1267 4510 1462 4576 substantia
1497 4523 1614 4576 creata
1648 4522 1765 4596 potest
1800 4532 1879 4576 esse
1914 4533 1977 4575 sua
2013 4511 2168 4597 potentia
2199 4512 2321 4593 activa,
2346 4534 2413 4578 nec

891 4694 894 4699 ,
931 4628 1034 4696 etiam
1058 4628 1135 4694 talis
1153 4626 1309 4714 potentia
1333 4625 1472 4712 passiva
1491 4626 1602 4710 qualis
1626 4626 1768 4712 ponitur
1783 4625 1951 4692 sensitiva
1973 4638 2006 4692 et
2031 4626 2239 4694 intellectiva
2255 4628 2412 4715 potentia

930 4745 965 4810 in
996 4744 1121 4809 anima.
1154 4743 1305 4809 Primum
1330 4753 1425 4828 patet
1449 4742 1484 4807 in
1509 4741 1712 4807 substantiis
1745 4740 1977 4807 materialibus
2006 4765 2048 4808 ex
2078 4743 2212 4810 ratione
2237 4743 2410 4829 patientiS,

931 4860 1012 4946 quia
1044 4859 1196 4926 essentia
1228 4858 1393 4924 materiae
1424 4880 1515 4943 quae
1547 4870 1599 4923 est
1635 4857 1783 4943 primum
1819 4857 1998 4943 passivum
2035 4880 2108 4924 non
2145 4869 2262 4944 potest
2289 4859 2411 4949 attingi

930 4975 1128 5043 immediate
1144 4977 1189 5041 ab
1214 4975 1331 5060 aliquo
1356 4985 1484 5061 agente
1508 4984 1636 5053 ereata,
1654 4973 1701 5038 ita
1725 4973 1858 5039 scilicet
1881 4975 1987 5058 quod,
2012 4984 2049 5039 ut
2074 4976 2198 5061 probat
2226 4975 2411 5041 Commen-

930 5103 1020 5158 tator
1037 5095 1094 5175 (2),
1119 5102 1246 5157 octavo
1278 5090 1518 5175 physicorum,
1543 5089 1572 5154 si
1604 5101 1698 5154 esset
1722 5090 1864 5155 materia
1896 5089 2040 5156 omnino
2071 5090 2182 5176 prima
2212 5113 2283 5156 non
2317 5102 2411 5157 esset

930 5203 1165 5294 susceptibilis
1197 5206 1343 5273 alicuius
1375 5205 1684 5271 transmutationis.
1718 5205 1840 5294 Agens
1873 5227 1958 5294 ergo
1998 5208 2155 5272 naturale
2187 5229 2258 5272 non
2294 5218 2411 5292 potest

1021 5490 1181 5546 ¹accidens
1200 5492 1255 5559 est]
1276 5498 1322 5544 est
1341 5490 1480 5545 accidens
1500 5490 1530 5545 P.
1551 5523 1583 5529 —-
1604 5491 1659 5543 'et
1678 5489 1707 5543 in
1727 5508 1785 5561 quo
1805 5522 1836 5530 -
1858 5493 1987 5562 passum]
2008 5508 2064 5545 mn.
2078 5491 2109 5545 P.
2130 5523 2163 5530 -
2182 5490 2358 5546 ⁸formalem
2379 5493 2409 5547 P.

930 5613 963 5620 -
977 5582 987 5612 ⁴
1001 5588 1030 5634 et
1048 5580 1078 5634 P.
1100 5613 1132 5619 -
1153 5581 1231 5633 lom.
1251 5580 1282 5633 P.
1296 5611 1329 5618 -
1344 5579 1547 5633 ⁶declaratum
1567 5578 1597 5632 P.

1017 5789 1057 5853 (1)
1071 5785 1130 5840 cfr.
1145 5785 1321 5839 Henricus
1341 5785 1382 5838 de
1403 5784 1588 5849 GandaVO,
1609 5783 1724 5852 Quodl,
1743 5784 1795 5846 111,
1811 5802 1837 5855 q.
1853 5786 1886 5838 14
1899 5788 1929 5841 (t.
1945 5785 1966 5850 1,
1979 5802 2007 5856 p.
2023 5788 2082 5848 107,
2101 5789 2164 5857 sq).
2184 5817 2217 5824 -
2238 5790 2278 5853 (2)
2298 5785 2409 5840 Aver-

929 5872 1017 5940 τοίς,
1030 5874 1233 5943 Physicorum,
1247 5874 1264 5926 l.
1279 5873 1357 5940 VllI,
1370 5875 1388 5926 4
1401 5871 1553 5939 (VenetiiS,
1569 5874 1644 5937 1550,
1658 5889 1687 5942 p.
1703 5874 1773 5937 155).
1788 5893 1799 5922 ‹
1814 5871 2000 5943 Impossibile
2015 5880 2059 5926 est
2073 5872 2192 5945 aliquod
2208 5890 2260 5928 ens
2273 5874 2408 5945 generari

929 5979 947 6016 a
965 5970 1046 6016 moto
1066 5962 1145 6033 quod
1165 5970 1210 6015 est
1230 5962 1259 6014 in
1278 5961 1410 6033 potentia
1430 5977 1483 6013 ens
1501 5967 1623 6024 tantum,
1643 5958 1725 6012 verbi
1745 5960 1839 6031 gratia
1860 5977 1876 6013 a
1896 5960 1990 6031 prima
2007 5960 2129 6015 materia
2149 5961 2309 6015 secundum
2329 5962 2408 6034 quod

928 6058 1028 6122 potest
1047 6049 1171 6122 intelligi
1189 6049 1268 6103 nuda
1288 6066 1305 6102 a
1323 6048 1417 6103 forma
1437 6048 1544 6104 nedum
1564 6055 1595 6101 ut
1613 6054 1770 6120 generetur
1789 6064 1825 6100 ex
1844 6065 1903 6102 non
1923 6064 2025 6104 esse.»
