6700 7992
1049 1450 1082 1522 lo
1411 1471 1602 1526 nnmsnu
1631 1470 1851 1525 consenior
1881 1471 1932 1523 os
1960 1450 2159 1525 nonnitus

1135 1650 1349 1735 Respondeo
1366 1649 1553 1716 dicendum
1571 1650 1677 1734 quod,
1695 1671 1773 1715 cum
1799 1649 1945 1715 scientia
1969 1651 2098 1715 habeat
2122 1649 2299 1714 entitatem
2318 1662 2350 1716 et
2367 1651 2521 1736 speciem

1045 1765 1119 1830 sive
1136 1764 1305 1831 rationem
1323 1767 1367 1830 ab
1385 1765 1535 1845 obiecto,
1552 1766 1747 1831 secundum
1766 1765 1945 1829 formalem
1970 1764 2138 1830 rationem
2165 1765 2303 1845 obiecti,
2326 1768 2519 1832 secundum

1045 1903 1148 1966 quam
1166 1893 1220 1946 est
1236 1880 1470 1947 consideratio
1487 1881 1532 1947 de
1549 1881 1626 1966 ipso
1644 1879 1851 1958 inscientia,
1870 1880 2053 1966 supposito
2077 1882 2172 1964 quod
2198 1882 2296 1946 Deus
2319 1881 2364 1947 sit
2386 1882 2521 1948 subiec-

1045 2008 1117 2061 tum
1140 1996 1175 2061 in
1201 1996 1390 2086 theologia,
1408 2007 1525 2082 potest
1545 1995 1665 2081 quaeri
1689 1998 1754 2061 sub
1780 2018 1849 2081 qua
1873 1996 2006 2062 ratione
2031 1996 2074 2060 sit
2098 1997 2293 2062 subiectum
2318 1997 2353 2062 in
2377 1997 2521 2064 scientia

1045 2112 1254 2200 theologiae,
1279 2126 1337 2177 aut
1365 2114 1560 2178 secundum
1588 2113 1728 2178 modum
1759 2113 1953 2177 secundum
1982 2133 2084 2195 quem
2114 2123 2166 2177 est
2194 2113 2328 2192 tradita,
2357 2124 2415 2178 aut
2443 2113 2521 2178 sim·

1044 2227 1178 2313 pliciter
1194 2242 1227 2294 et
1248 2229 1408 2294 absolute
1432 2229 1627 2293 secundum
1652 2229 1795 2293 modum
1821 2228 2014 2293 secundum
2041 2249 2143 2312 quem
2162 2233 2169 2262 ¹
2194 2239 2277 2292 nata
2300 2240 2354 2294 est
2376 2228 2522 2294 scientia

1043 2344 1164 2409 haberi
1196 2344 1240 2409 de
1272 2345 1349 2409 Deo
1381 2345 1426 2407 ab
1457 2343 1599 2407 homine
1635 2342 1728 2408 lideli
1763 2345 1958 2408 secundum
1996 2344 2090 2427 quod
2128 2344 2248 2408 fidelis
2282 2343 2320 2410 Si
2352 2344 2444 2409 enim
2476 2344 2521 2410 de

1043 2459 1256 2524 naturalibus
1280 2481 1351 2523 non
1377 2457 1497 2524 esset²
1520 2457 1643 2523 tradita
1668 2457 1813 2524 scientia
1837 2458 1904 2524 nisi
1932 2459 1976 2525 de
2004 2480 2153 2543 corpore
2182 2459 2298 2525 mobili
2326 2461 2520 2526 secundum

1043 2576 1136 2660 quod
1155 2587 1208 2640 est
1224 2574 1352 2640 mobile
1369 2576 1413 2638 ad
1431 2574 1544 2653 situm,
1564 2574 1643 2639 licet
1660 2585 1753 2640 esset
1778 2584 1860 2640 nata
1885 2595 1964 2640 esse
1989 2574 2135 2640 scientia
2160 2577 2204 2640 de
2228 2596 2376 2660 corpore
2400 2574 2521 2640 mobili

1043 2692 1236 2756 secundum
1261 2691 1355 2774 quod
1382 2689 1510 2754 mobile
1535 2689 1735 2775 simpliciter
1759 2700 1793 2755 et
1817 2690 1988 2770 absolute,
2014 2702 2134 2775 posset
2158 2689 2277 2774 quaeri
2301 2689 2367 2755 isto
2390 2690 2520 2775 duplici

1042 2807 1148 2871 modo
1187 2807 1231 2875 de
1271 2805 1430 2872 subiecto
1470 2805 1636 2871 scientiae
1678 2805 1853 2870 naturalis
1894 2806 1937 2870 Et
1976 2804 2149 2871 diceretur
2188 2807 2281 2888 quod
2325 2805 2518 2872 subiectum

1041 2921 1209 2988 scientiae
1233 2920 1398 2986 naturalis
1424 2932 1460 2985 ut
1483 2920 1607 2985 tradita
1624 2932 1687 2999 est,
1705 2920 1783 2986 est³
1806 2941 1935 3006 corpus
1960 2920 2088 2985 mobile
2111 2923 2176 2985 sub
2201 2922 2268 2986 hac
2293 2920 2520 2986 determinata

1041 3037 1185 3117 ratione,
1214 3059 1282 3122 qua
1310 3036 1442 3104 scilicet
1468 3036 1595 3101 mobile
1623 3036 1668 3100 ad
1696 3037 1810 3115 situm,
1839 3048 1873 3102 et
1900 3057 1972 3101 non
2005 3037 2070 3101 sub
2099 3036 2234 3102 ratione
2262 3037 2424 3101 absoluta
2451 3057 2520 3121 qua

1041 3153 1172 3220 scilicet
1203 3164 1256 3218 est
1286 3153 1414 3219 mobile
1446 3150 1655 3237 simpliciter.
1689 3151 1894 3217 Subiectum
1929 3163 2044 3217 tamen
2078 3151 2244 3218 scientiae
2276 3151 2450 3232 naturaliS,
2483 3164 2521 3218 ut

1040 3282 1123 3335 nata
1147 3280 1303 3335 estesse
1328 3270 1372 3334 de
1396 3289 1543 3352 corpore
1571 3266 1699 3346 mobili,
1724 3278 1777 3333 est
1805 3266 1918 3353 ipsum
1947 3289 2075 3353 corpus
2103 3268 2231 3334 mobile
2259 3268 2454 3333 secundum
2479 3289 2518 3334 se

1040 3387 1105 3451 sub
1130 3385 1265 3451 ratione
1290 3406 1358 3471 qua
1382 3383 1509 3449 mobile
1533 3394 1586 3449 est
1609 3383 1819 3467 simpliciter.
1844 3384 1895 3449 Ita
1919 3384 1953 3449 in
1978 3385 2170 3470 proposito.

1130 3500 1223 3586 Quia
1239 3501 1331 3566 enim
1352 3498 1532 3587 theologia
1547 3497 1685 3564 videtur
1701 3520 1780 3565 esse
1796 3498 1942 3565 scientia
1966 3499 2091 3565 tradita
2114 3498 2351 3584 principaliter
2375 3512 2518 3585 propter

1039 3616 1217 3682 hominem
1249 3618 1383 3701 lapsum
1415 3615 1658 3699 reparandum,
1691 3624 1729 3680 ut
1761 3625 1969 3703 agnosceret
2000 3615 2135 3699 lapsum
2175 3637 2277 3680 suum
2309 3628 2343 3681 et
2375 3616 2517 3681 modum

1038 3731 1268 3818 reparationis
1293 3741 1327 3797 et
1350 3731 1394 3796 ad
1418 3730 1502 3814 quid
1526 3741 1705 3815 reparatur
1732 3742 1767 3796 et
1790 3729 2001 3808 huiusmodi,
2019 3769 2060 3776 —
2086 3731 2180 3795 unde
2205 3731 2307 3797 etiam
2332 3729 2433 3816 quasi
2456 3751 2519 3816 per

1038 3860 1146 3914 totam
1169 3846 1384 3932 Scripturam
1408 3867 1543 3912 sacram
1567 3845 1704 3912 videtur
1726 3845 1815 3911 tradi
1839 3844 1995 3933 cognitio
2020 3867 2140 3911 eorum
2166 3868 2256 3930 quae
2280 3847 2325 3910 ad
2348 3848 2418 3912 hoc
2441 3867 2517 3931 per·

1038 3964 1159 4043 tinent,
1178 4002 1219 4010 -
1236 3964 1305 4028 hoc
1321 3961 1461 4047 quidem
1486 3962 1717 4041 attendentes,
1735 3960 1838 4045 aliqui
1855 3963 1901 4043 (l)
1919 3961 2040 4026 dicunt
2064 3962 2160 4045 quod
2184 3962 2282 4026 Deus
2298 3963 2364 4027 sub
2382 3961 2517 4027 ratione

1037 4101 1106 4163 qua
1129 4088 1309 4164 reparator
1332 4089 1365 4143 et
1389 4076 1601 4164 glorificator
1623 4078 1678 4142 vel
1701 4074 1900 4141 huiusmodi
1925 4087 1979 4142 est
2002 4076 2207 4143 subiectum.

1126 4193 1272 4260 Videtur
1295 4205 1411 4259 tamen
1436 4193 1531 4276 quod
1556 4193 1725 4258 deberent
1740 4191 1857 4258 dicere
1877 4192 1973 4276 quod
1997 4192 2193 4259 subiectum
2218 4192 2419 4280 theologiae
2443 4191 2517 4258 sive

1036 4310 1204 4377 scientiae
1227 4331 1330 4395 quam
1355 4307 1468 4373 fidelis
1493 4309 1687 4373 secundum
1711 4308 1807 4392 quod
1831 4307 1969 4374 fidelis*
1993 4320 2096 4373 natus
2123 4310 2331 4375 esthabere
2355 4308 2400 4374 de
2424 4309 2515 4387 De0,

1036 4448 1109 4492 non
1131 4438 1183 4491 est
1204 4426 1302 4491 Deus
1325 4426 1391 4490 sub
1415 4425 1483 4490 hac
1506 4423 1648 4508 speciali
1672 4423 1827 4502 ratione;
1853 4423 1934 4507 quia
1958 4423 1985 4488 si
2012 4423 2142 4489 etiam⁶
2166 4424 2243 4489 talis
2268 4422 2514 4501 considerati0,

1035 4564 1108 4609 non
1139 4552 1193 4608 est
1224 4540 1362 4626 proprie
1390 4541 1434 4606 de
1462 4540 1550 4617 De0,
1578 4539 1641 4603 sed
1669 4538 1786 4623 potius
1817 4540 1861 4603 de
1892 4537 2034 4603 homine
2062 4541 2115 4604 vel
2148 4540 2191 4604 de
2223 4540 2319 4604 bono
2351 4538 2513 4618 hominiS,

1036 4657 1109 4723 sive
1140 4659 1184 4722 de
1220 4657 1347 4722 effectu
1379 4655 1444 4720 Dei
1477 4654 1568 4720 circa
1604 4653 1780 4719 hominem
1817 4654 1872 4718 vel
1903 4664 2060 4718 naturam
2077 4653 2097 4718 ⁰.
2131 4654 2235 4720 Unde
2272 4676 2352 4720 cum
2389 4654 2515 4721 dicitur

1037 4773 1131 4858 quod
1146 4772 1181 4838 in
1204 4774 1272 4837 hac
1294 4770 1441 4838 scientia
1464 4772 1622 4854 (lactura)
1647 4770 1744 4834 Deus
1769 4780 1822 4834 est
1845 4768 2041 4834 subiectum
2063 4770 2119 4835 vel
2139 4770 2326 4849 obiectum,
2349 4769 2384 4834 in
2407 4791 2515 4854 quan·

880 4893 983 4982 codv
1036 4899 1108 4954 turn
1133 4889 1229 4953 Deus
1254 4899 1307 4952 est
1339 4885 1562 4973 glorificator,
1587 4896 1799 4982 restaurator
1832 4885 1886 4949 vel
1922 4886 2113 4970 suppletor,
2146 4889 2149 4969 l
2182 4897 2322 4951 constat
2346 4887 2443 4970 quod
2467 4863 2513 4950 ibi

844 4963 894 5019 Μ’
907 4968 960 5021 ²⁰3
975 4967 1015 5020 Ra
1036 5002 1278 5071 consideratur
1294 5003 1390 5068 Deus
1407 5001 1441 5066 in
1459 5013 1627 5085 quantum
1643 5013 1697 5066 est
1714 5022 1821 5067 causa
1838 4999 1993 5065 efficiens
2010 5001 2164 5066 istorum.
2183 5002 2263 5066 Non
2282 5001 2373 5067 enim
2388 5000 2513 5066 dicitur

1037 5130 1247 5186 restaurator
1277 5117 1331 5184 vel
1362 5117 1544 5202 suppletor
1583 5116 1782 5181 defectuum
1820 5114 1997 5187 rationalis
2028 5129 2183 5195 naturae,
2216 5116 2282 5182 nisi
2318 5117 2512 5183 secundum

1035 5235 1204 5301 rationem
1229 5254 1356 5300 causae
1374 5231 1564 5299 efficientis
1593 5231 1688 5296 Licet
1712 5230 1815 5296 etiam
1839 5243 1960 5316 posset
1984 5208 2057 5297 dici
2076 5231 2291 5319 glorificator
2316 5232 2512 5318 dupliciter,

1036 5350 1168 5417 scilicet
1183 5350 1218 5414 in
1243 5348 1377 5414 ratione
1402 5370 1531 5414 causae
1555 5346 1668 5411 finalis
1694 5357 1727 5410 et
1749 5347 1955 5426 obiectivae,
1980 5347 2176 5413 secundum
2206 5349 2302 5431 quod
2330 5349 2511 5414 beatitudo

1125 5637 1132 5667 ¹
1146 5644 1191 5688 est
1204 5632 1311 5688 tradita
1325 5665 1357 5672 -
1372 5635 1468 5702 quern]
1484 5649 1538 5684 orn.
1553 5632 1583 5684 P.
1598 5663 1630 5670 -
1644 5630 1655 5662 ¹
1668 5638 1713 5684 est
1727 5630 1756 5684 P.
1772 5662 1804 5669 —
1818 5632 1829 5662 ⁸
1842 5649 1897 5684 om.
1910 5631 1939 5684 P.
1954 5663 1986 5670 -
2001 5635 2010 5662 ⁴
2025 5630 2186 5684 secundum
2202 5662 2234 5670 —
2246 5629 2352 5698 fidelis]
2367 5648 2421 5683 om.
2435 5630 2465 5684 Ρ.
2478 5662 2510 5670 -

1034 5724 1112 5775 ⁶om.
1127 5722 1157 5774 P.
1173 5753 1204 5760 -
1220 5720 1289 5774 tvel
1304 5729 1436 5773 naturam
1451 5737 1506 5772 om.
1521 5719 1552 5771 P.

1122 5974 1161 6035 (ll
1175 5971 1208 6023 V.
1224 5988 1251 6040 g.
1265 5967 1440 6038 Aegidius
1463 5969 1653 6034 RomanuS,
1677 5967 1841 6035 lSentent,
1855 5968 1928 6038 prol.
1940 5968 1961 6034 Ι,
1975 5984 2043 6037 pars
2059 5970 2082 6032 l,
2096 5968 2197 6038 princ,
2210 5987 2237 6038 q.
2255 5972 2286 6034 l,
2303 5967 2363 6022 Csr.
2377 5967 2508 6022 eiusdem

1033 6069 1176 6138 Quaestio
1194 6069 1229 6121 de
1247 6067 1375 6120 mrbieclo
1394 6066 1560 6138 theologiae
1574 6064 1726 6131 {Venetiis
1747 6067 1835 6132 1504).
