6700 7992
1338 1428 1490 1489 PRIMUM
1522 1432 1819 1504 QUODLIBETUM,
1851 1432 1887 1502 Q.
1916 1431 1998 1485 XVll
2372 1434 2407 1485 39

1019 1613 1091 1679 Sed
1109 1612 1189 1697 quia
1214 1635 1297 1677 usus
1322 1623 1512 1698 perpetuus
1529 1611 1665 1677 videtur
1681 1611 1780 1676 inniti
1797 1610 1899 1677 alicui
1916 1610 1979 1675 iuri
1996 1610 2100 1676 etiam
2123 1621 2304 1695 perpetuo,
2323 1611 2407 1677 ulte·

930 1728 1001 1793 rius
1029 1727 1251 1815 distinguitur
1278 1727 1373 1812 quod
1403 1727 1560 1793 decimae
1589 1726 1719 1813 duplici
1747 1726 1820 1793 iure
1851 1728 2022 1792 debentur
2053 1696 2245 1806 Ecclesiae,
2273 1725 2407 1791 ratione

931 1843 1039 1909 divini
1063 1842 1223 1929 obsequii
1246 1843 1280 1908 in
1305 1865 1347 1909 ea
1371 1841 1535 1929 praestiti,
1560 1863 1631 1928 quo
1648 1841 1900 1907 seminantibus
1924 1841 2113 1928 spiritualia
2130 1842 2301 1907 debentur
2324 1851 2406 1907 tem·

930 1959 1073 2046 poralia,
1091 1960 1186 2044 quod
1204 1959 1249 2024 ad
1273 1959 1369 2024 solos
1394 1957 1576 2025 Ecclesiae
1594 1959 1768 2043 praelatos
1785 1979 1847 2044 per
1863 1980 1901 2024 se
1919 1968 1952 2023 et
1969 1957 2042 2023 suis
2059 1957 2222 2024 ministris
2240 1956 2407 2043 competit

931 2075 1043 2160 (tertia
1070 2075 1203 2140 decima
1221 2075 1239 2154 ¹,
1272 2075 1478 2160 quaestione
1507 2074 1626 2160 prima,
1659 2073 1812 2159 capitulo
1843 2073 1908 2138 His
1935 2073 2007 2153 ita3
2041 2073 2145 2139 Extra
2174 2074 2218 2138 de
2250 2072 2405 2152 decimiS,

931 2191 1069 2258 Novum
1094 2202 1128 2256 et
1152 2189 1303 2276 capitulo
1327 2192 1404 2255 Tua
1427 2189 1543 2270 nobis)
1561 2191 1618 2272 (1),
1644 2201 1679 2255 et
1696 2191 1766 2254 hoc
1790 2188 1843 2255 ius
1868 2188 2112 2276 percipiendi²
2135 2187 2289 2256 decimas
2313 2185 2407 2254 mere

930 2305 1108 2393 spirituale
1136 2317 1189 2371 est
1219 2326 1287 2372 000
1318 2316 1434 2391 potest
1462 2305 1589 2370 cadere
1617 2305 1652 2369 in
1682 2304 1818 2370 laicum.
1851 2306 1934 2371 Item
1967 2305 2139 2370 debentur
2170 2303 2238 2369 alio
2266 2303 2340 2371 iure
2370 2304 2406 2368 in

930 2421 1070 2509 signum
1095 2420 1322 2487 subiectionis
1349 2430 1383 2486 et
1410 2419 1554 2485 dominii
1582 2419 1733 2501 (decima
1756 2430 1864 2500 sexta,
1893 2419 2098 2505 quaestione
2121 2422 2254 2505 prima,
2283 2420 2406 2485 Rever·
2502 2485 2565 2540 dP

930 2537 1039 2603 timini
1063 2549 1098 2603 et
1125 2536 1277 2622 capitulo
1306 2536 1486 2618 Decimae)
1504 2534 1561 2621 (2).
1590 2536 1670 2603 Hoc
1694 2546 1812 2602 tamen
1847 2539 1851 2620 1
1887 2537 1941 2601 ius
1969 2558 2040 2601 non
2069 2546 2122 2602 est
2152 2535 2200 2601 ita
2230 2535 2407 2621 spirituale
2435 2503 2600 2612 10111090·

931 2663 968 2718 ut
992 2652 1151 2740 primum,
1183 2652 1288 2717 immo
1313 2651 1412 2736 quasi
1445 2651 1544 2718 civile
1573 2663 1607 2717 et
1631 2653 1758 2718 cadere
1790 2662 1906 2738 potest
1929 2651 1965 2717 in
1997 2651 2123 2718 laicum
2154 2652 2275 2717 saltem
2300 2673 2408 2737 quan·

930 2779 1003 2834 tum
1028 2769 1072 2833 ad
1096 2769 1271 2833 fructuum
1289 2768 1560 2854 perceptionem.
1579 2768 1678 2835 Sicut
1701 2789 1788 2856 ergo
1816 2789 1871 2834 res
1895 2767 2038 2834 nomine
2062 2767 2219 2834 decimae
2243 2779 2408 2853 acceptas

931 2894 1048 2971 potest
1072 2883 1222 2951 ecclesia
1257 2883 1359 2964 alicui
1393 2883 1483 2949 laico
1512 2885 1658 2964 tradere,
1691 2883 1738 2949 ita
1771 2883 1874 2950 etiam
1908 2894 2025 2970 potest
2060 2883 2111 2950 eis
2147 2884 2343 2950 concedere
2371 2893 2409 2949 ut

931 2999 1084 3066 decimas
1109 2999 1175 3086 ipsi
1200 2999 1383 3086 accipiant,
1408 2999 1481 3065 iure
1498 3010 1614 3064 tamen
1632 2999 1813 3086 principali
1835 2999 2031 3086 accipiendi
2055 2999 2219 3065 ministris
2236 2999 2407 3066 ecclesiae

930 3127 1069 3182 servato
1093 3115 1167 3182 sive
1191 3137 1255 3200 pro
1279 3115 1490 3181 necessitate
1515 3115 1686 3181 ecclesiae
1711 3114 1785 3181 sive
1813 3117 1857 3181 ad
1881 3114 2171 3181 sustentationem
2202 3137 2407 3202 pauperum,

931 3242 968 3297 ut
985 3230 1193 3316 quibusdam
1218 3230 1401 3319 religiosis
1419 3230 1515 3296 laicis
1539 3232 1594 3296 vel
1618 3231 1720 3296 etiam
1739 3253 1856 3297 curam
1874 3230 2065 3296 animarum
2089 3253 2161 3296 non
2186 3231 2406 3298 habentibus

1487 3702 1730 3786 Quaestio
1755 3704 1859 3768 000.

938 3928 1081 4006 Utrum
1096 3928 1306 4027 principes
1325 3933 1361 4002 et
1382 3933 1596 4026 potestates
1614 3928 1844 4003 saeculares
1868 3929 1923 4002 acl
1942 3930 2183 4004 mandatum
2203 3929 2409 4005 Ecclesiae

985 4067 1198 4137 teneantur
1216 4087 1393 4137 coercere
1411 4066 1448 4136 et
1460 4061 1612 4159 punire
1631 4061 1793 4136 bracliio
1811 4060 2017 4136 saeculari
2030 4062 2074 4136 in
2089 4064 2407 4139 excommunica·

985 4195 1089 4270 tione
1103 4200 1386 4294 permanentes
1399 4202 1652 4293 perannum
1672 4200 1709 4269 et
1726 4194 1857 4270 claves
1877 4194 2083 4270 Ecclesiae
2106 4202 2406 4273 contemnentes.

1019 4496 1148 4562 Postea
1177 4495 1271 4561 circa
1302 4494 1478 4582 principes
1510 4507 1544 4561 et
1580 4507 1771 4581 potestates
1803 4497 2001 4563 saeculares
2037 4500 2295 4583 quaerebantur
2325 4498 2406 4564 du0.

931 4611 1081 4676 Primum
1110 4622 1163 4676 est
1191 4623 1305 4676 utrum
1329 4613 1373 4677 ad
1398 4611 1600 4676 mandatum
1625 4611 1805 4677 Ecclesiae
1828 4622 2013 4681 teneantur
2041 4634 2204 4680 coercere
2225 4625 2260 4680 et
2283 4614 2408 4699 punire

930 4727 1073 4794 brachio
1091 4726 1261 4793 saeculari
1277 4727 1313 4792 in
1338 4726 1699 4792 excommunicatione
1723 4738 1969 4812 permanentes
1993 4750 2056 4814 per
2079 4751 2209 4795 annum
2233 4740 2267 4796 et
2290 4731 2407 4797 claves

930 4841 1109 4908 Ecclesiae
1157 4853 1433 4908 contemnentes.
1473 4841 1517 4906 Et
1563 4843 1775 4930 arguebatur
1824 4843 1919 4928 quod
1967 4854 2161 4929 potestates
2208 4846 2407 4912 saeculares

929 4968 1114 5024 teneantur
1141 4957 1186 5023 ad
1211 4958 1413 5023 mandatum
1438 4957 1618 5023 Ecclesiae
1642 4978 1807 5024 coercere
1823 4958 2025 5025 huiusmodi
2049 4959 2229 5027 Ecclesiae
2253 4972 2407 5027 contem-

930 5083 1059 5158 ptores,
1087 5073 1168 5159 quia
1192 5073 1275 5139 dicit
1298 5073 1451 5139 Isidorus
1469 5076 1515 5159 (3)
1544 5074 1589 5139 de
1613 5095 1749 5139 summo
1778 5075 1884 5154 bona,
1910 5074 2061 5160 capitulo
2090 5075 2212 5161 primo,
2237 5078 2406 5159 secundo,

1021 5324 1029 5353 ¹
1044 5321 1196 5392 trigesima
1210 5320 1273 5375 PV.
1287 5353 1321 5360 -
1335 5321 1346 5353 ¹
1359 5321 1555 5393 partIcipandi
1569 5321 1600 5376 P.

1020 5486 1059 5567 (1')
1073 5500 1090 5571 ξ
1104 5503 1127 5553 1.
1141 5498 1210 5553 dict.
1224 5498 1306 5553 Grat.
1318 5506 1387 5569 post
1400 5516 1424 5553 0.
1435 5516 1482 5552 un.
1496 5498 1529 5553 C.
1544 5499 1622 5552 XIII.
1636 5516 1683 5569 qu.
1699 5501 1726 5565 13
1741 5517 1764 5553 c.
1773 5503 1799 5554 2.
1810 5504 1853 5554 26.
1863 5501 1898 5555 X.
1910 5487 2064 5556 de'decim.
2075 5502 2126 5555 Ill.
2137 5505 2219 5557 30.-
2230 5507 2270 5572 (2)
2282 5507 2355 5558 066.
2364 5507 2408 5560 65

931 5586 1048 5642 CXVI.
1058 5605 1104 5658 qu.
1117 5591 1140 5641 1.
1151 5619 1184 5626 —
1197 5590 1235 5654 (3)
1256 5585 1388 5641 Isidori
1407 5586 1636 5657 Hispalensis
1657 5587 1883 5641 Sententiarum
1894 5589 1940 5656 [al.
1952 5590 1987 5642 de
2001 5590 2125 5643 Summo
2136 5591 2240 5660 Bono],
2251 5591 2268 5645 l.
2279 5592 2330 5659 111,
2341 5610 2365 5647 0.
2373 5595 2406 5646 51

931 5675 989 5742 (ed.
1003 5676 1111 5747 Migne,
1123 5674 1155 5729 P.
1170 5675 1210 5742 L.,
1224 5674 1281 5728 vol.
1292 5677 1336 5740 83,
1353 5674 1408 5728 001.
1424 5677 1497 5740 723).
1514 5674 1675 5728 «Ceterum
1689 5673 1765 5728 intra
1778 5675 1941 5729 Ecclesiam
1962 5684 2124 5747 potestates
2144 5679 2329 5733 necessariae
2349 5696 2407 5734 non

930 5770 1031 5817 essent
1049 5762 1103 5817 nisi
1118 5770 1158 5829 ut,
1172 5761 1251 5834 quod
1265 5779 1323 5815 000
1336 5761 1489 5833 praevalet
1502 5762 1641 5815 sacerdos
1654 5761 1774 5816 efficere
1787 5781 1840 5834 per
1854 5762 2005 5817 doctrinae
2018 5780 2193 5832 sermonem,
2206 5774 2338 5837 potestas
2352 5767 2408 5822 hoc

930 5849 1054 5921 imperet
1073 5867 1127 5922 per
1145 5849 1320 5921 disciplinae
1340 5858 1519 5903 terrorem».
1540 5850 1626 5918 Quae
1648 5849 1843 5920 Godefridus,
1865 5854 1900 5903 ut
1920 5851 2015 5903 locum
2037 5851 2186 5917 describit,
2204 5871 2239 5906 ex
2257 5854 2409 5924 aliquibus

930 5937 1112 5992 Isidorianis
1126 5937 1282 6008 Excerptis
1293 5955 1371 6007 quae
1382 5941 1537 6001 vocantur,
1550 5955 1679 6008 quorum
1697 5937 1851 6008 complura
1860 5956 1976 6009 genera
1989 5939 2089 5992 media
2108 5944 2206 5994 aetate
2222 5941 2408 6008 exstiterunt,

925 6026 1087 6098 protulisse
1098 6027 1226 6081 uidetur.
