6700 7992
937 2484 1002 2538 cod.
1019 2484 1043 2539 C

912 2554 963 2610 fol.
977 2559 1011 2611 99
1024 2556 1065 2610 R²

1096 1381 1148 1430 334
1462 1376 1654 1430 lllAGlSTRI
1683 1375 1905 1432 GODEFRlDl
1934 1376 1985 1429 DE
2013 1375 2212 1430 FONTIBUS

1660 1793 1927 1866 QUAESTIO
1958 1794 2008 1848 rx

1756 1953 1918 2009 imnum).

1327 2143 1437 2198 Utrum
1457 2143 1488 2196 in
1505 2143 1610 2214 prima
1630 2160 1731 2196 rerum
1747 2144 1946 2214 productione
1965 2142 2068 2197 ‹tebrn't
2086 2142 2195 2195 mulier
2207 2142 2282 2213 fieri
2297 2146 2345 2210 (1).

1187 2411 1294 2465 Postea
1320 2412 1515 2482 quaerebatur
1541 2429 1629 2465 unum
1653 2411 1829 2482 pertinens¹
1857 2411 2050 2482 specialiter²
2078 2411 2115 2464 ad
2135 2411 2286 2465 mulierem
2301 2412 2319 2477 ³,
2348 2419 2377 2465 et
2408 2420 2454 2466 est
2481 2421 2576 2465 utrum

1098 2505 1128 2559 in
1147 2507 1242 2578 prima
1268 2524 1364 2560 rerum
1390 2507 1585 2577 productione
1605 2507 1708 2561 debuit
1733 2508 1836 2561 mulier
1855 2508 1927 2562 fieri.
1947 2509 1983 2561 Et
2004 2506 2135 2578 arguitur
2157 2507 2236 2579 quod
2255 2525 2314 2561 uon
2340 2507 2454 2575 l.Nam
2475 2526 2491 2561 a
2511 2510 2578 2565 Deo

1099 2602 1211 2674 optimo
1227 2620 1285 2656 non
1300 2603 1402 2656 debuit
1422 2602 1545 2674 produci
1565 2603 1659 2656 illud*
1680 2603 1759 2674 quod
1773 2603 1828 2657 fnit
1847 2622 1937 2657 causa
1956 2604 2019 2658 sive
2033 2602 2152 2658 occasio
2172 2603 2241 2656 mali
2261 2604 2374 2674 culpae.
2396 2604 2456 2657 Sed
2473 2605 2577 2659 mulier

1098 2698 1154 2752 fuit
1172 2699 1348 2752 huiusmodi.
1369 2700 1447 2770 Ergo
1468 2709 1496 2753 et
1516 2708 1622 2762 cetera.

1187 2794 1373 2849 Contrarium
1394 2804 1475 2867 patet
1495 2795 1622 2849 Genesis
1637 2800 1676 2863 (2)
1697 2795 1838 2849 secundo.

1186 2890 1365 2962 Respondeo
1397 2890 1552 2945 dicendum
1587 2891 1667 2962 quod
1701 2891 1830 2945 decuit⁶
1860 2890 2024 2962 producere
2055 2890 2203 2946 homiuem
2236 2891 2263 2944 in
2289 2902 2415 2962 utroque
2443 2909 2516 2945 sexu
2547 2891 2577 2945 in

1097 2985 1191 3059 prima
1210 3004 1306 3040 rerum
1333 2986 1536 3058 productione,
1557 2989 1625 3058 quia
1644 2988 1739 3041 Deum
1760 2987 1867 3041 cuius⁶
1885 2986 2019 3058 perfecta
2047 2996 2114 3041 sunt
2143 2990 2258 3059 opera³
2287 2987 2385 3041 decuit
2412 2988 2576 3059 producere

1097 3099 1332 3154 unamquamque
1352 3082 1481 3154 speciem
1502 3092 1531 3136 et
1550 3083 1710 3154 praecipue
1723 3085 1879 3137 humanam
1894 3101 1969 3154 quae
1983 3083 2078 3154 magis
2091 3083 2251 3137 intenditur
2271 3100 2358 3154 quam
2373 3101 2576 3155 quaecumque

1097 3178 1155 3231 alia
1181 3188 1315 3232 creatura
1341 3178 1503 3249 corporalis
1519 3181 1536 3245 ⁸,
1562 3179 1723 3233 secundum
1749 3196 1816 3232 esse
1841 3178 2006 3250 perfectum
2032 3179 2143 3250 speciei
2166 3188 2196 3233 et
2221 3178 2365 3232 individui
2390 3197 2449 3233 noo
2482 3180 2575 3233 solum

1098 3283 1238 3345 quantum
1270 3273 1308 3327 ad
1333 3291 1399 3328 esse
1424 3274 1452 3327 in
1478 3283 1581 3328 natura
1606 3274 1718 3345 speciei
1744 3274 1796 3328 sed
1824 3274 1912 3327 etiam
1945 3284 2084 3346 quantuni
2117 3274 2155 3328 ad
2181 3274 2436 3329 conservationem
2464 3275 2575 3346 speciei

1097 3387 1150 3441 per
1172 3369 1417 3442 propagationem
1438 3372 1609 3424 naturalem.
1629 3370 1691 3424 Sed
1716 3371 1833 3443 species
1859 3372 1985 3424 humana
2005 3389 2063 3425 non
2086 3379 2166 3424 esset
2187 3371 2320 3442 perfecte
2343 3378 2373 3424 et
2394 3369 2576 3424 sufficienter

1097 3465 1229 3519 instituta
1252 3465 1289 3519 ad
1315 3466 1560 3538 propagationem
1586 3468 1747 3521 naturalem
1768 3467 1831 3522 sine
1857 3469 1988 3522 masculo
2014 3474 2044 3520 et
2068 3466 2186 3522 femina.
2213 3468 2291 3538 Ergo
2314 3475 2344 3520 et
2367 3474 2473 3520 cetera.
2493 3466 2576 3520 Licet

1097 3563 1174 3616 enim
1207 3562 1287 3615 Deus
1318 3570 1421 3633 posset
1452 3579 1553 3616 creare
1584 3580 1687 3617 omnes
1718 3564 1851 3618 hornines
1883 3564 1945 3618 sine
1978 3562 2193 3635 propagatione
2224 3563 2357 3630 naturali,
2389 3571 2486 3616 tamen
2517 3580 2576 3616 non

1099 3658 1198 3712 decuit
1216 3658 1257 3711 ita
1283 3658 1356 3726 fieri,
1376 3658 1469 3729 quia⁹
1488 3676 1575 3730 posse
1601 3677 1633 3713 se
1659 3677 1836 3714 conservare
1862 3679 1916 3732 per
1937 3659 2182 3731 propagationem
2205 3659 2367 3712 naturalem
2391 3658 2518 3730 pertinet
2537 3657 2575 3712 ad

1096 3753 1309 3824 perfectionem
1335 3754 1455 3825 speciei,
1480 3772 1534 3808 nec
1559 3755 1616 3809 hoc
1642 3755 1744 3809 debuit
1771 3755 1826 3810 sibi
1852 3755 1992 3810 subtrahi.
2015 3755 2098 3809 Licet
2132 3754 2219 3808 etiam
2251 3754 2356 3808 mulier
2379 3755 2493 3808 dicatur
2511 3772 2574 3808 mas

1097 3848 1312 3913 occasionatus,
1332 3850 1399 3921 quia
1422 3867 1480 3903 uon
1502 3859 1547 3905 est
1566 3851 1603 3904 de
1623 3851 1785 3906 intentione
1807 3861 1927 3905 naturae
1947 3852 2131 3923 particularis
2150 3850 2264 3905 scilicet
2281 3854 2301 3883 ¹⁰
2320 3851 2436 3905 virtutis
2455 3850 2576 3904 seminis

1097 3945 1151 3999 viri
1174 3962 1249 4016 quae
1272 3945 1395 3999 similem
1419 3946 1448 4000 in
1470 3964 1542 4001 sexu
1565 3947 1689 4002 intendit
1710 3948 1876 4019 producere
1899 3948 2012 4002 scilicet
2030 3949 2123 4001 uirum
2144 3948 2193 4019 qui
2213 3946 2372 4018 perfectior
2386 3956 2432 4000 est
2448 3948 2467 3978 Η
2487 3963 2574 4017 quam

1096 4041 1208 4107 mulier,
1226 4059 1286 4095 uon
1310 4050 1409 4096 tamen
1440 4053 1485 4096 est
1517 4042 1707 4097 occasionata
1738 4054 1767 4097 et
1797 4053 1915 4115 praeter
1945 4043 2136 4098 intentionem
2152 4044 2173 4075 Η
2201 4052 2340 4114 quantum
2373 4042 2410 4096 ad
2440 4051 2575 4096 naturam

1096 4137 1291 4191 universalem
1314 4155 1389 4209 quae
1409 4140 1665 4193 conservationem
1685 4139 1796 4210 speciei
1816 4157 1869 4211 per
1887 4138 2132 4211 propagationem
2153 4139 2315 4192 naturalem
2335 4137 2467 4191 intendit.
2487 4137 2574 4192 Unde

1096 4233 1199 4286 mulier
1213 4251 1269 4287 non
1285 4243 1329 4287 est
1351 4233 1392 4288 ita
1412 4242 1529 4306 praeter
1551 4234 1743 4289 intentionem
1767 4243 1889 4288 naturae
1911 4235 1987 4289 sicut
2010 4243 2139 4288 monstra
2161 4248 2228 4288 suut
2245 4243 2363 4305 praeter
2382 4233 2573 4287 intentionem

1095 4337 1227 4392 naturae,
1253 4331 1322 4400 quia
1350 4330 1393 4383 vir
1417 4332 1511 4401 primo
1539 4339 1568 4384 et
1587 4348 1640 4402 per
1665 4349 1698 4385 se
1723 4340 1769 4385 est
1793 4331 1830 4385 de
1856 4331 2018 4385 intentione
2043 4341 2174 4397 naturae,
2197 4331 2300 4384 mulier
2322 4338 2419 4384 autem
2442 4330 2574 4384 secundo

1095 4433 1125 4479 et
1144 4443 1198 4496 per
1216 4443 1257 4491 se,
1276 4444 1334 4479 non
1355 4425 1398 4480 sic
1417 4436 1555 4480 monstra.

1183 4522 1232 4575 Ad
1260 4523 1403 4576 rationem
1435 4523 1464 4576 in
1488 4523 1655 4594 oppositum
1690 4523 1846 4579 dicendum
1875 4525 1953 4594 quod
1987 4526 2080 4577 Deum
2110 4523 2209 4577 decuit
2240 4523 2403 4594 producere
2436 4523 2573 4576 effectum

1095 4636 1179 4672 suurn
1210 4619 1328 4671 bonum.
1361 4618 1421 4672 Sed
1453 4637 1512 4673 non
1543 4620 1673 4691 oportuit
1705 4619 1784 4690 quod
1816 4620 1994 4690 produceret
2025 4619 2120 4690 ipsum
2151 4620 2239 4673 talem
2272 4619 2350 4690 quod
2381 4636 2439 4672 non
2471 4627 2574 4689 posset

1096 4714 1234 4780 deficere²
1252 4714 1381 4785 alioquin
1405 4733 1462 4768 non
1484 4715 1593 4769 sineret
1616 4733 1662 4769 res
1689 4733 1777 4786 agere
1804 4716 1940 4787 proprios
1962 4725 2066 4769 motus.
2087 4717 2123 4769 Et
2145 4715 2187 4769 sic
2213 4715 2300 4768 etiam
2324 4715 2394 4769 fecit
2420 4714 2571 4768 mulierem

1094 4811 1202 4864 bonam
1225 4819 1254 4863 et
1276 4810 1357 4864 dedit
1375 4812 1394 4842 ¹³
1413 4810 1583 4865 facultatem
1607 4829 1663 4881 qua
1686 4821 1788 4882 posset
1812 4811 1852 4864 uti
1875 4811 1913 4864 ad
1935 4813 2053 4877 bonum,
2072 4810 2203 4865 sednon
2227 4810 2266 4864 ita
2287 4812 2355 4881 quin
2375 4811 2404 4863 in
2423 4817 2574 4882 potestate

1094 4923 1147 4959 sua
1161 4914 1239 4960 esset
1259 4906 1394 4960 deficere.
1415 4907 1500 4961 Unde
1521 4916 1549 4961 et
1569 4907 1606 4961 ad
1627 4911 1690 4961 eius
1708 4907 1923 4979 perfectionem
1944 4908 2071 4979 pertinet
2089 4907 2259 4979 permittere
2279 4908 2355 4961 mala
2373 4910 2391 4938 Η
2411 4925 2448 4959 ex
2468 4905 2575 4977 quibus

1094 5002 1171 5055 bona
1192 5001 1279 5056 elicit.

1183 5496 1293 5548 ¹unum
1312 5494 1472 5565 pertinens]
1493 5495 1536 5548 bis
1555 5496 1584 5550 S.
1613 5527 1647 5536 -
1677 5499 1755 5551 Βοιη.
1776 5498 1808 5551 C.
1830 5529 1862 5537 -
1891 5497 2052 5550 ³mulieres
2072 5496 2105 5550 C.
2127 5528 2159 5534 -
2188 5495 2335 5567 ‘produci
2356 5494 2438 5563 illud]
2458 5493 2520 5548 lieri
2541 5493 2572 5547 id

1093 5581 1126 5635 C.
1147 5613 1180 5620 -
1201 5583 1317 5636 ⁵Deum
1338 5584 1406 5636 add.
1428 5583 1460 5638 C.
1481 5615 1513 5623 -
1533 5585 1651 5637 “Deum
1672 5585 1765 5654 cuius]
1785 5586 1840 5639 Dei
1862 5584 1894 5639 C.
1915 5617 1948 5624 —
1970 5586 2021 5638 'et
2041 5582 2108 5637 ideo
2128 5584 2197 5637 add.
2218 5583 2251 5637 C.
2271 5614 2304 5622 -
2333 5580 2518 5654 ⁸spiritualis
2538 5580 2571 5635 C.

1093 5701 1127 5708 -
1147 5669 1248 5740 ⁰quod
1268 5671 1301 5731 S:
1316 5671 1348 5723 in
1368 5671 1434 5742 quia
1454 5689 1531 5725 corr.
1551 5685 1585 5725 2ss
1602 5691 1638 5725 m.
1653 5673 1682 5726 S.
1703 5705 1736 5712 —
1758 5675 1779 5706 ¹⁰
1791 5672 1845 5727 sed
1864 5673 1897 5727 C.
1917 5705 1951 5712 -
1973 5675 1992 5704 ¹¹
2005 5671 2166 5744 perfectior
2185 5673 2240 5741 est]
2260 5671 2374 5725 scilicet
2393 5678 2439 5724 est
2458 5668 2575 5742 perfec·

1093 5757 1150 5811 tior
1170 5757 1202 5811 C.
1223 5789 1255 5798 -
1278 5760 1298 5790 Η
1311 5768 1340 5812 et
1354 5790 1386 5797 —
1401 5758 1603 5829 intentionem]
1625 5778 1680 5813 om.
1702 5760 1734 5815 C.
1755 5793 1789 5800 —
1811 5762 1830 5794 Η
1844 5761 1870 5815 ei
1890 5761 1961 5814 add.
1982 5759 2015 5814 C.
2037 5792 2069 5798 —
2092 5761 2111 5792 Η
2125 5758 2189 5813 fieri
2208 5759 2277 5812 add.
2299 5758 2333 5814 C.

1182 5992 1221 6056 (l)
1242 5989 1302 6043 Cfr.
1322 6008 1371 6061 pp.
1391 5993 1519 6045 259-260.
1539 6022 1572 6030 --
1593 5995 1632 6058 (2)
1648 5990 1708 6046 Cfr.
1728 6011 1756 6064 p.
1775 5995 1836 6060 259,
1856 6010 1882 6046 n.
1901 5998 1912 6061 (
1932 5996 1951 6059 ).
