6700 7992
1016 1510 1069 1567 νον
1377 1506 1569 1567 uncrsuu
1598 1488 1820 1567 conatum
1849 1512 1900 1565 ur
1928 1488 2128 1569 'sommus

1017 1693 1062 1759 ad
1095 1692 1210 1772 smem,
1241 1692 1405 1779 eligendo
1437 1714 1480 1759 ea
1514 1713 1605 1776 quae
1641 1705 1722 1758 sunt
1753 1692 1797 1758 ad
1829 1691 1944 1758 finem.
1983 1693 2071 1759 Nam
2100 1693 2260 1759 voluntas
2296 1704 2350 1759 est
2381 1688 2492 1781 magis

1017 1808 1131 1874 activa
1154 1808 1309 1894 potentia
1333 1830 1435 1893 quam
1454 1808 1658 1873 intellectus.
1685 1809 1755 1874 Sed
1783 1807 1977 1873 intellectus
2005 1809 2180 1894 perfectus
2206 1808 2239 1873 in
2264 1819 2343 1874 actu
2369 1829 2493 1875 secun·

1018 1925 1100 1990 dum
1132 1923 1369 2013 cognitionem
1402 1923 1649 2010 principiorum
1676 1946 1738 2009 per
1761 1944 1800 1989 se
1825 1923 1938 2008 ipsum
1967 1935 2082 2010 potest
2106 1945 2145 1990 se
2169 1924 2285 1990 facere
2310 1924 2345 1989 in
2377 1935 2492 1989 actum

1018 2041 1211 2106 secundum
1237 2039 1474 2127 cognitionem
1508 2039 1783 2105 conclusionum.
1821 2039 1919 2105 Sicut
1947 2051 2061 2104 autem
2093 2039 2287 2106 intellectus
2318 2062 2356 2105 se
2388 2041 2493 2105 habet

1017 2167 1180 2242 respectu
1204 2156 1391 2241 primorum
1417 2154 1666 2241 principiorum
1698 2166 1732 2219 et
1763 2154 2040 2233 conclusionum,
2063 2155 2109 2220 ita
2136 2178 2174 2221 se
2202 2156 2308 2221 habet
2331 2156 2492 2220 voluntas

1017 2283 1178 2358 respectu
1206 2271 1285 2337 linis
1312 2283 1346 2337 et
1374 2293 1495 2337 eorum
1524 2292 1614 2356 quae
1642 2283 1724 2335 sunt
1751 2269 1796 2334 ad
1819 2270 1936 2335 tinem.
1962 2270 2057 2357 Ergo
2082 2282 2115 2336 et
2140 2285 2265 2337 cetera.

1107 2388 1300 2467 Praeterea,
1333 2398 1465 2472 quanto
1497 2386 1625 2471 aliquid
1657 2397 1711 2451 est
1742 2385 2009 2464 immaterialius,
2042 2396 2139 2452 tanto
2175 2398 2227 2452 est
2258 2387 2427 2452 actualius
2460 2398 2493 2453 et

1017 2503 1215 2569 virtuosius.
1244 2504 1315 2570 Sed
1342 2502 1484 2587 aliquod
1517 2502 1750 2588 compositum
1783 2501 2006 2567 immateriale
2034 2524 2097 2566 ens
2129 2502 2163 2567 in
2192 2513 2271 2568 actu
2298 2504 2493 2569 secundum

1018 2620 1163 2686 formam
1187 2618 1451 2685 substantialem
1475 2630 1592 2704 potest
1615 2640 1654 2683 se
1671 2617 1785 2703 ipsum
1805 2617 1920 2684 facere
1937 2617 1970 2683 in
1997 2628 2110 2683 actum
2136 2619 2329 2684 secundum
2347 2618 2493 2683 formam

1018 2735 1279 2802 accidentalem.
1318 2736 1418 2815 Nam,
1458 2745 1495 2799 ut
1534 2733 1659 2799 dicitur
1694 2734 1837 2819 primo¹
1877 2734 2104 2819 Physicorum
2134 2738 2192 2817 (l),
2232 2733 2374 2800 materia
2413 2754 2492 2799 cum

1018 2852 1130 2918 forma
1153 2873 1260 2917 causa
1284 2862 1337 2916 est
1361 2850 1515 2916 omnium
1544 2850 1777 2915 accidentium
1806 2870 1895 2933 quae
1927 2862 2008 2915 sunt
2038 2850 2071 2914 in
2101 2871 2152 2929 ea,
2178 2850 2272 2934 quod
2297 2870 2369 2914 non
2397 2849 2493 2915 intel·

1017 2967 1134 3056 ligitur
1168 2967 1282 3032 solum
1314 2966 1348 3032 in
1380 2966 1515 3032 ratione
1547 2965 1712 3032 materiae
1744 2977 1777 3031 et
1817 2965 1974 3046 subiecti,
2007 2967 2069 3031 sed
2103 2965 2136 3029 in
2173 2965 2306 3030 ratione
2346 2965 2492 3052 agentis.

1018 3084 1137 3167 Quare
1153 3093 1186 3148 et
1203 3093 1327 3148 cetera.
1345 3083 1474 3148 Nonne
1498 3104 1589 3167 aqua
1613 3081 1766 3147 existens
1790 3103 1880 3166 aqua
1905 3081 2018 3147 calida
2041 3081 2107 3145 sibi
2132 3081 2296 3146 derelicta
2312 3082 2495 3147 reduceret

1019 3219 1057 3265 se
1097 3198 1208 3284 ipsam
1245 3197 1289 3262 ad
1321 3197 1544 3286 frigiditatem
1584 3199 1718 3282 absque
1757 3208 2010 3262 transurutante
2046 3196 2285 3275 essentialiter,
2318 3208 2352 3262 et
2386 3218 2494 3285 grave

1018 3313 1120 3379 etiam
1145 3313 1228 3379 facit
1259 3336 1298 3379 se
1326 3314 1440 3399 ipsum
1469 3315 1632 3379 deorsum
1665 3335 1744 3379 cum
1774 3325 1825 3378 est
1854 3335 1873 3378 a
1901 3324 2092 3400 generante
2120 3313 2250 3378 factum
2279 3324 2359 3378 actu
2388 3334 2494 3399 grave

1020 3441 1054 3497 et
1077 3442 1192 3495 cessat
1215 3430 1405 3516 prohibens
1429 3429 1539 3495 illud?

1109 3528 1250 3612 Contra.
1283 3546 1376 3612 Nihil
1413 3544 1546 3611 reducit
1585 3566 1623 3612 se
1655 3545 1768 3630 ipsum
1801 3545 1846 3609 de
1881 3544 2037 3630 potentia
2072 3544 2106 3609 in
2146 3556 2260 3610 actum
2300 3544 2494 3610 secundum

1020 3662 1122 3728 idem.
1148 3662 1219 3728 Sed
1248 3663 1411 3728 voluntas
1440 3673 1492 3728 est
1524 3661 1680 3748 simplex.
1710 3661 1805 3749 Ergo
1838 3682 1916 3725 cum
1949 3671 2002 3726 est
2034 3661 2067 3725 in
2093 3661 2250 3746 potentia
2281 3661 2325 3724 ad
2354 3659 2494 3744 aliquid,

1020 3798 1098 3843 cum
1131 3780 1326 3844 secundum
1358 3799 1397 3844 se
1429 3789 1535 3843 totam
1568 3777 1611 3843 sit
1642 3777 1677 3842 in
1708 3775 1865 3863 potentia
1896 3778 1940 3841 ad
1973 3777 2017 3855 id,
2049 3777 2145 3842 nullo
2174 3776 2281 3841 modo
2306 3787 2423 3861 potest
2457 3796 2495 3841 se

1019 3893 1131 3979 ipsam
1155 3895 1322 3960 reducere
1346 3895 1391 3959 ad
1415 3904 1531 3959 actum
1555 3895 1750 3959 secundum
1775 3892 1870 3957 illud.
1896 3892 2016 3975 Quare
2041 3902 2074 3958 et
2099 3903 2224 3958 cetera.

1108 4009 1307 4096 Responsio
1331 4009 1367 4075 in
1391 4008 1477 4075 libro
1502 4009 1667 4097 magistri.

1111 4322 1267 4378 ¹secundo
1287 4322 1328 4391 V;
1346 4321 1442 4394 primo
1462 4329 1560 4393 potest
1579 4320 1700 4393 reperiri
1721 4322 1752 4375 in
1779 4339 1877 4393 nurrg.
1896 4321 1966 4374 add.
1986 4320 2024 4376 al.
2044 4339 2124 4375 inan.
2145 4320 2178 4375 V.

1110 4559 1148 4625 (l)
1168 4554 1382 4609 Aristotelis
1404 4553 1517 4624 Physic.
1537 4554 1554 4607 l.
1568 4553 1590 4619 1,
1609 4570 1634 4609 c.
1653 4556 1670 4607 9
1690 4558 1729 4625 (p.
1746 4556 1817 4608 lsai.
1837 4552 1867 4609 'll
1890 4556 1936 4623 μὲν
1957 4556 2009 4628 γὰρ
2029 4553 2198 4623 ὑπομένουσα
2216 4554 2384 4625 ueterrima]
2406 4558 2498 4625 μορφῇ

1020 4646 1073 4695 τῶν
1094 4638 1238 4715 γινομένων
1259 4638 1337 4703 istiu,
1360 4639 1450 4710 ὥσπερ
1472 4638 1570 4710 μήτηρ.
