6700 7992
1041 1440 1095 1491 206
1408 1435 1599 1492 nnmsnu
1629 1416 1849 1491 conantum
1878 1437 1930 1491 na
1960 1420 2158 1492 fominus

1043 1618 1097 1683 vel
1123 1617 1303 1696 elementa,
1329 1622 1400 1682 non
1418 1627 1470 1682 est
1495 1617 1585 1683 idem
1606 1638 1752 1684 numero
1770 1639 1849 1682 cum
1872 1639 2018 1704 corpore
2036 1617 2111 1684 eius
2135 1617 2214 1683 vivo
2237 1615 2304 1682 nisi
2323 1617 2518 1683 secundum

1043 1732 1137 1816 quid,
1163 1732 1294 1797 scilieet
1317 1732 1450 1798 ratione
1475 1732 1638 1798 materiae
1663 1734 1869 1814 communis,
1894 1733 1984 1798 sicut
2012 1743 2093 1798 sunt
2121 1756 2229 1799 unum
2256 1754 2347 1817 quae
2371 1733 2519 1799 invicem

1041 1858 1316 1913 transmutantur
1346 1859 1383 1913 ut
1407 1870 1488 1913 caru
1514 1859 1547 1913 et
1571 1849 1707 1927 vermis
1732 1859 1765 1913 et
1789 1847 1922 1913 ratione.
1947 1848 2138 1914 accidentis
2163 1849 2360 1914 eommunis
2385 1848 2520 1915 scilicet

1043 1963 1268 2048 quantitatis;
1303 1963 1504 2049 simpliciter
1539 1974 1654 2029 autem
1691 1974 1743 2029 est
1782 1965 1956 2030 diversum
1994 1984 2121 2050 corpus
2167 1976 2340 2030 mortuum
2379 1986 2400 2029 a
2439 1964 2519 2029 vivo

1043 2079 1161 2165 specie
1186 2090 1219 2145 et
1243 2102 1389 2145 numero
1406 2080 1423 2144 ¹.
1458 2080 1528 2163 Qui
1553 2080 1678 2145 dicitur
1706 2081 1962 2145 condemnatus
1992 2103 2063 2145 non
2094 2080 2175 2165 quia
2203 2079 2359 2165 sequitur
2387 2102 2430 2144 ex
2461 2080 2519 2144 illo

1043 2195 1186 2262 articulo
1211 2208 1365 2282 ponente
1389 2218 1494 2260 unam
1529 2197 1674 2260 formam
1711 2195 1744 2261 in
1778 2196 1929 2276 homine,
1955 2195 2103 2261 immoe
2134 2218 2317 2275 conversa,
2343 2196 2433 2262 sicut
2462 2195 2519 2260 alii

1042 2311 1174 2378 articuli
1198 2312 1360 2377 dicuntur
1383 2311 1606 2377 condemnati
1623 2333 1694 2377 non
1719 2313 1832 2377 solum
1849 2312 2043 2377 secundum
2062 2313 2156 2397 quod
2182 2333 2223 2377 ex
2245 2311 2303 2377 illo
2327 2322 2520 2396 sequuntur

1042 2429 1105 2493 sed
1129 2428 1323 2494 secundum
1348 2450 1387 2493 se
1411 2427 1519 2513 ipsos
1544 2437 1578 2493 et
1601 2430 1647 2493 ob
1672 2426 1748 2493 illos
1776 2427 1832 2493 ille
1856 2427 2020 2494 articulus
2049 2429 2303 2494 condemnatur
2330 2426 2389 2513 qui
2420 2428 2520 2513 ponit

1041 2566 1145 2609 unam
1163 2544 1308 2609 formam
1332 2543 1366 2608 in
1383 2543 1524 2609 homine
1541 2547 1598 2627 (ll.
1615 2544 1699 2608 ldeo
1717 2544 1808 2608 enim
1826 2565 1993 2608 erroneus
2010 2543 2182 2610 iudicatur
2198 2542 2362 2610 articulus
2380 2564 2518 2629 ponens

1041 2671 1173 2726 tantum
1204 2681 1309 2725 unam
1344 2661 1491 2725 formam
1516 2659 1779 2724 substantialem
1805 2659 1838 2724 in
1875 2659 2027 2739 homine,
2052 2659 2133 2744 quia
2162 2681 2204 2726 ex
2230 2659 2288 2725 illo
2324 2672 2519 2745 sequuntur

1042 2776 1174 2842 articuli
1205 2775 1264 2861 qui
1288 2776 1483 2842 secundum
1520 2796 1558 2841 se
1595 2775 1668 2840 sive
1699 2775 1732 2839 in
1759 2797 1796 2840 se
1823 2775 1908 2860 ipsis
1944 2776 2056 2863 magis
2095 2786 2300 2861 reputantur
2334 2775 2517 2855 manifesti,

1041 2891 1201 2958 videlicet
1225 2893 1319 2976 quod
1345 2891 1379 2957 in
1404 2913 1551 2977 corpure
1567 2891 1695 2956 Christi
1720 2903 1857 2956 mortuo
1881 2891 1945 2956 suit
1968 2913 2061 2957 nova
2082 2893 2193 2957 forma
2217 2890 2455 2956 substantialis
2471 2896 2518 2974 (2)

1041 3019 1075 3073 et
1098 3009 1192 3093 quod
1218 3029 1347 3093 corpus
1371 3008 1461 3073 Petri
1493 3007 1608 3072 vivum
1633 3019 1666 3073 et
1698 3019 1870 3072 mortuum
1900 3028 1971 3072 non
2004 3019 2097 3072 esset
2125 3007 2214 3072 idem
2248 3028 2404 3087 numer0‚
2437 3007 2518 3091 quia

1041 3123 1250 3209 supponitur
1274 3125 1368 3208 quod
1392 3124 1526 3207 absque
1555 3122 1720 3189 miraculo
1752 3144 1881 3208 corpus
1918 3122 2008 3187 Petri
2043 3123 2156 3187 vivum
2195 3135 2228 3188 et
2263 3133 2438 3188 mortuum
2471 3121 2515 3188 sit

1040 3238 1130 3304 idem
1156 3261 1302 3305 numero
1327 3238 1435 3305 etsie
1467 3240 1512 3305 de
1536 3238 1620 3303 aliis.
1646 3239 1749 3304 Unde
1774 3259 1816 3304 ex
1848 3237 2023 3304 evidentia
2054 3239 2177 3304 erroris
2211 3238 2356 3304 istorum
2392 3237 2515 3304 articu-

1039 3355 1152 3420 lorum
1176 3354 1275 3440 quasi
1299 3356 1467 3441 probatur
1483 3355 1537 3420 ille
1555 3353 1719 3419 articulus
1737 3376 1914 3434 erroneus,
1933 3364 1967 3421 et
1983 3375 2055 3419 non
2073 3375 2293 3420 econverso.
2312 3354 2408 3420 Licet
2426 3353 2517 3420 enim

1040 3483 1205 3556 sequatur
1227 3473 1318 3556 quod
1341 3471 1370 3535 si
1398 3492 1471 3536 non
1504 3482 1556 3535 est
1594 3469 1661 3535 nisi
1686 3493 1756 3535 una
1779 3471 1890 3535 forma
1915 3470 1949 3535 in
1973 3470 2126 3551 homine,
2154 3471 2188 3535 in
2214 3469 2354 3536 Christo
2380 3482 2516 3536 mortuo

1040 3600 1073 3653 et
1097 3587 1200 3652 etiam
1223 3587 1259 3651 in
1283 3588 1386 3653 Petro
1410 3587 1475 3651 fuit
1498 3586 1564 3651 alia
1588 3587 1709 3666 forma,
1741 3609 1812 3651 non
1842 3598 1958 3651 tamen
1990 3608 2032 3651 ex
2065 3608 2180 3653 errore
2206 3586 2309 3651 huius
2345 3587 2440 3671 quod
2465 3596 2518 3652 est

1038 3713 1171 3769 tantum
1196 3724 1301 3768 unam
1336 3703 1481 3767 formam
1518 3723 1596 3768 esse
1632 3701 1666 3766 in
1700 3701 1851 3782 homine,
1876 3703 2043 3789 probatur
2078 3724 2171 3768 error
2205 3702 2309 3767 huius
2345 3703 2440 3787 quod
2464 3713 2517 3769 est

1040 3819 1141 3885 aliam
1176 3820 1322 3884 formam
1357 3818 1466 3884 fuisse
1500 3818 1536 3883 in
1572 3817 1713 3884 Christo
1738 3830 1875 3883 mortuo
1909 3819 1962 3883 vel
1998 3819 2033 3882 in
2069 3819 2183 3899 Petro,
2207 3819 2313 3884 immo
2348 3817 2465 3904 potius
2497 3839 2516 3885 e

844 3927 1015 4056 soff-elin
1040 3955 1222 4017 converso,
1253 3936 1415 4021 eoquod
1444 3956 1514 4000 non
1547 3934 1593 4000 ita
1625 3937 1629 4018 Ι
1661 3934 1845 4000 manifeste
1876 3933 2063 4000 includitur
2093 3936 2147 4000 vel
2177 3934 2382 4020 importatur
2413 3955 2516 4015 error,

889 4042 896 4054 ’
1038 4051 1140 4117 etiam
1171 4051 1199 4117 si
1231 4072 1325 4116 error
1352 4051 1405 4131 sit,
1434 4051 1469 4115 in
1503 4050 1744 4128 antecedente,
1769 4049 1859 4116 sicut
1887 4050 1921 4114 in
1950 4060 2190 4136 consequente
2220 4061 2256 4115 ut
2283 4060 2388 4136 patet.
2413 4051 2516 4116 Unde

1038 4168 1325 4253 adprobandum
1343 4166 1570 4252 pluralitatem
1589 4167 1776 4230 formarum
1800 4165 1835 4230 in
1860 4165 2002 4231 homine
2027 4167 2244 4252 accipiuntur
2265 4166 2400 4233 articuli
2424 4165 2516 4230 illum

1038 4284 1217 4350 articulum
1235 4284 1488 4369 praecedentes
1505 4281 1605 4366 quasi
1630 4281 1681 4347 sic
1705 4282 1953 4367 procedendo:
1979 4281 2156 4346 sitantum
2176 4294 2228 4347 est
2252 4304 2322 4347 una
2346 4283 2458 4347 forma
2481 4281 2516 4346 in

1037 4399 1189 4480 homine,
1214 4398 1370 4483 sequitur
1394 4397 1570 4464 Christum
1594 4409 1628 4463 et
1653 4398 1791 4462 Petrum
1817 4396 1851 4461 in
1876 4409 1986 4462 morte
2011 4396 2111 4462 aliam
2137 4398 2303 4462 habuisse
2328 4408 2362 4462 et
2385 4407 2516 4476 cetera3

1038 4515 1101 4581 sed
1125 4517 1193 4580 hoc
1217 4526 1270 4580 est
1295 4522 1488 4593 erroneum,
1514 4534 1598 4600 ergo
1624 4524 1657 4578 et
1683 4513 1764 4578 illud
1790 4536 1831 4578 ex
1857 4535 1926 4598 quo
1952 4513 2115 4599 sequitur.

1126 4632 1229 4696 Unde
1254 4642 1427 4716 ponentes
1452 4651 1581 4715 corpus
1608 4629 1699 4694 Petri
1724 4629 1839 4694 vivum
1865 4641 1899 4694 et
1923 4641 2094 4693 mortuum
2121 4650 2192 4693 non
2218 4650 2297 4695 esse
2321 4628 2423 4709 idem,
2445 4629 2517 4695 sive

1037 4758 1172 4833 ponant
1201 4746 1236 4811 in
1261 4745 1402 4811 homine
1433 4745 1550 4830 plures
1575 4746 1705 4810 formas
1729 4745 1802 4810 sive
1828 4767 1932 4811 unam
1968 4756 2111 4825 tantum,
2137 4756 2305 4829 quantum
2341 4746 2386 4810 ad
2421 4744 2515 4810 illum

1036 4862 1215 4928 articulum
1240 4862 1298 4947 qui
1322 4863 1516 4928 secundum
1551 4883 1590 4926 se
1625 4883 1793 4926 erroneus
1827 4871 2006 4945 reputatur
2030 4859 2219 4945 aequaliter
2247 4861 2519 4945 de[re]linquunt

1037 4999 1203 5065 quantum
1229 4978 1272 5044 ad
1297 4978 1402 5058 illum,
1427 4977 1507 5043 licet
1530 4987 1650 5043 contra
1681 4988 1854 5063 ponentes
1886 4987 2019 5041 tantum
2056 4998 2160 5041 unam
2197 4977 2343 5041 formam
2380 4997 2423 5042 ex
2447 4978 2517 5042 hoc

1036 5095 1147 5180 possit
1170 5115 1233 5180 per
1264 5115 1303 5160 se
1331 5104 1365 5159 et
1396 5093 1527 5159 directe
1552 5093 1650 5179 argui
1679 5103 1800 5158 contra
1828 5092 2037 5179 positionem
2064 5114 2205 5172 eorum3
2231 5131 2271 5140 -
2298 5113 2370 5158 non
2399 5102 2515 5158 autem

1035 5222 1158 5276 contra
1182 5221 1353 5296 ponentes
1378 5211 1495 5294 plures
1520 5210 1659 5289 formas,
1677 5208 1834 5273 dicentes
1862 5219 1978 5274 tamen
1996 5229 2124 5294 corpus
2142 5208 2258 5273 vivum
2283 5219 2317 5273 et
2342 5219 2514 5273 mortuum

1034 5326 1086 5392 sic
1103 5338 1217 5391 tamen
1243 5325 1390 5404 differre,
1407 5336 1529 5390 contra
1554 5325 1696 5389 modum
1722 5324 1878 5410 ponendi
1902 5345 2021 5389 eorum
2051 5324 2216 5410 arguitur.
2243 5325 2293 5388 Ex
2317 5325 2387 5389 hoc
2412 5323 2515 5389 etiam

1127 5640 1133 5670 ¹
1148 5637 1259 5711 Supple
1273 5656 1277 5692 :
1298 5655 1379 5693 error
1392 5646 1438 5692 est
1451 5636 1611 5692 secundum
1627 5636 1692 5690 illos
1706 5636 1938 5691 condemnantes
1951 5636 2037 5690 istum
2053 5636 2216 5701 articulum,
2230 5636 2298 5690 add.
2318 5638 2352 5690 in
2366 5653 2465 5710 marg.
2479 5635 2514 5690 V.

1069 5872 1110 5937 (1)
1125 5869 1284 5926 «Octavus
1308 5877 1361 5937 est,
1382 5870 1462 5941 quod
1483 5870 1511 5923 in
1530 5869 1647 5925 homine
1667 5878 1712 5923 est
1731 5876 1843 5923 tantum
1864 5885 1922 5922 una
1941 5867 2043 5934 forma,
2066 5869 2180 5922 scilicet
2200 5868 2295 5922 anima
2316 5867 2467 5922 rationalis
2487 5876 2516 5923 et

1034 5960 1113 6013 nulla
1140 5958 1197 6012 alia
1220 5957 1314 6012 forma
1334 5958 1554 6013 substantialis:
1574 5975 1609 6013 ex
1629 5976 1687 6029 qua
1707 5957 1846 6028 opinione
1866 5957 1948 6028 sequi
1972 5956 2108 6010 videntur
2130 5973 2232 6011 omncs
2252 5957 2391 6011 haereses
2413 5972 2515 6029 supra·

1035 6047 1163 6103 dictae.»
1179 6046 1411 6117 D'Argentre‚
1426 6046 1477 6099 loc.
1491 6046 1540 6100 cit.
1552 6079 1584 6085 -
1596 6050 1635 6113 (2)
1651 6044 1712 6099 Cir.
1725 6045 1871 6098 secundus
1884 6044 2032 6097 articulus
2044 6045 2098 6113 qui
2107 6049 2180 6115 pag.
2190 6048 2252 6108 211,
2266 6062 2293 6096 n.
2306 6052 2314 6114 l
2319 6047 2345 6110 1)
2357 6041 2516 6113 reseretur.
