6700 7992
1407 1445 1599 1501 MAGISTRI
1629 1444 1850 1501 GODEFRIDI
1880 1447 1931 1502 DE
1960 1446 2159 1504 FONTIBUS

1593 1892 1836 1976 quaestu)
1885 1894 1974 1958 xvi

1229 2118 1369 2193 Uirum
1400 2116 1542 2191 lroliere
1570 2116 1728 2219 oliqm'd
1757 2117 1799 2191 in
1829 2117 2035 2192 coturnuoi
2061 2117 2266 2192 clr'nu‘ouof
2293 2118 2341 2193 de

1527 2251 1775 2354 perfectione
1804 2251 2026 2352 religionis.

1130 2553 1267 2619 Deinde
1292 2554 1384 2618 eirea
1419 2553 1626 2638 pertinentia
1661 2555 1706 2618 ad
1741 2553 1925 2639 religiosos
1960 2557 2215 2638 quaerebantur
2248 2558 2419 2639 quaedam
2444 2578 2518 2642 per·

1040 2669 1185 2734 tinentia
1222 2670 1429 2756 generaliter
1475 2672 1519 2734 ad
1566 2682 1692 2734 statmn
1741 2670 1975 2755 perfectionis,
2016 2672 2188 2754 quaedam
2228 2670 2433 2756 pertinentia
2473 2673 2518 2737 ad

1041 2784 1288 2871 obligationem
1330 2786 1399 2850 voti
1438 2785 1548 2871 ipsius
1586 2787 1775 2871 religionis,
1813 2787 1914 2851 Circa
1951 2786 2098 2871 priorum
2130 2789 2361 2872 quaerebatur
2399 2811 2517 2868 unum,

1041 2901 1172 2967 seilicet
1212 2914 1324 2966 utrum
1365 2905 1494 2967 babere
1534 2902 1663 2985 aliquid
1703 2903 1737 2967 in
1779 2902 1954 2967 communi
1995 2903 2164 2968 diminuat
2210 2905 2254 2968 de
2300 2903 2517 2989 perfectione

1041 3017 1229 3103 religionis
1269 3018 1312 3082 Et
1351 3021 1561 3106 arguebatur
1601 3021 1696 3102 quod
1734 3041 1816 3097 nun,
1842 3018 1923 3103 quia
1962 3018 1996 3082 id
2033 3020 2128 3102 quod
2165 3019 2324 3084 Christus
2360 3020 2418 3104 qui
2454 3020 2519 3085 fuit

1041 3135 1216 3219 exemplar
1250 3134 1541 3220 perfectissimum
1582 3134 1807 3219 perfectionis
1843 3135 1934 3229 vitae
1968 3137 2143 3199 humanae
2179 3135 2298 3200 docuit
2330 3137 2438 3200 verbo
2464 3138 2518 3201 vel

1041 3251 1210 3335 exemplo,
1248 3272 1319 3314 non
1365 3250 1523 3315 diminuit
1564 3252 1607 3315 de
1639 3251 1856 3337 perfectione
1894 3250 1983 3315 vitae
2016 3251 2209 3337 religiosae.
2250 3252 2321 3317 Sed
2359 3251 2518 3317 Christus

1041 3388 1103 3451 pro
1143 3367 1350 3431 necessariis
1388 3367 1432 3430 ad
1472 3366 1760 3431 sustentationem
1800 3367 1890 3431 vitae
1930 3369 2103 3431 humanae
2135 3367 2271 3431 loculos
2307 3390 2369 3452 pro
2406 3389 2444 3433 se
2484 3379 2518 3434 et

999 3515 1001 3518 ⁴
1040 3482 1207 3548 societate
1243 3494 1277 3547 et
1306 3482 1434 3547 familia
1466 3504 1530 3547 sua
1564 3484 1726 3561 habebat,
1764 3494 1799 3547 ut
1834 3495 1928 3568 patet
1966 3483 2130 3547 lobannis
2151 3487 2197 3566 (l)
2236 3483 2372 3549 decimo
2404 3484 2516 3549 tertio.

877 5528 941 5583 cod.
957 5530 982 5583 V

843 5597 892 5653 fol.
906 5602 958 5654 ‘287
971 5602 1013 5654 Vb

1041 3598 1159 3681 Quare
1184 3610 1217 3664 et
1241 3611 1366 3665 cetera.

1129 3713 1270 3778 Contra.
1304 3713 1361 3778 Ad
1400 3713 1648 3798 perfectionem
1690 3712 1867 3797 religionis
1907 3712 2053 3798 pertinet
2094 3724 2280 3798 paupertas
2316 3736 2379 3799 per
2414 3737 2516 3799 quam

1040 3830 1133 3894 bona
1157 3830 1360 3914 temporalia
1384 3830 1600 3894 abdicantur.
1629 3829 1719 3917 Ergo
1744 3831 1838 3913 quod
1864 3828 2022 3894 diminuit
2048 3830 2092 3894 (le
2117 3841 2320 3914 paupertate
2356 3830 2517 3895 diminuit

1040 3946 1084 4011 de
1115 3945 1293 4033 religionis
1317 3945 1542 4031 perfectione.
1579 3946 1651 4011 Sed
1687 3947 1817 4010 babere
1853 3945 1981 4029 aliquid
2007 3946 2041 4009 in
2077 3945 2252 4010 communi
2290 3946 2448 4011 diminuit
2473 3949 2517 4013 de

1040 4073 1254 4147 paupertate,
1294 4062 1375 4147 quia
1413 4062 1521 4128 maior
1551 4073 1603 4128 est
1644 4072 1830 4146 paupertas
1870 4062 2064 4126 seeundum
2105 4084 2207 4146 quam
2248 4062 2331 4126 nibil
2372 4062 2516 4127 ‹unuino

1039 4179 1186 4242 habetur
1209 4200 1276 4244 nee
1300 4179 1335 4244 in
1360 4178 1500 4265 proprio
1526 4199 1592 4243 nec
1617 4178 1650 4241 in
1676 4177 1863 4243 communi.
1890 4178 2007 4260 Quare
2032 4190 2066 4242 et
2090 4190 2213 4242 cetera.

1128 4295 1342 4380 Respondeo
1367 4295 1587 4360 dicendum...
1614 4296 1650 4359 In
1676 4294 1763 4358 libro
1789 4295 1953 4377 magistri
1970 4294 1987 4357 ¹.

1550 4680 1844 4764 Quaestio
1892 4680 2005 4744 xvu

1684 4840 1867 4910 donea).

1045 5028 1187 5104 Utrum
1217 5026 1418 5129 quinovit
1444 5025 1684 5124 simpliciter
1710 5051 1751 5098 se
1781 5025 2028 5098 inlrulorum
2069 5023 2247 5126 aliquam
2279 5024 2513 5125 religion-em

1090 5160 1128 5234 si
1174 5161 1294 5235 intret
1345 5186 1438 5234 <totu
1488 5159 1695 5257 proposito
1752 5158 1925 5232 caetui-di
1977 5158 2209 5260 solissocioi
2262 5163 2298 5232 et
2350 5185 2374 5231 o
2429 5165 2514 5233 volo

1091 5293 1332 5369 absolvatur.

1144 5550 1148 5631 l
1185 5548 1268 5612 l'ost
1302 5548 1371 5612 boe
1410 5568 1492 5611 vero
1523 5546 1614 5610 cirea
1650 5545 1900 5631 obligationem
1937 5545 2007 5609 voti
2043 5544 2221 5632 religionis
2258 5545 2514 5629 quaerebantur

1037 5665 1208 5747 quaedam
1248 5662 1456 5748 pertinentia
1493 5663 1538 5726 ad
1578 5662 1826 5748 obligationem
1874 5660 1946 5725 voti
1988 5660 2176 5748 obligantis
2223 5661 2267 5725 ad
2316 5659 2511 5748 ingressum

1127 5900 1375 5952 ¹Maebabeorum
1394 5898 1465 5968 (sic)
1486 5898 1518 5950 V.

1125 6072 1164 6137 (1)
1185 6067 1328 6141 Earungel.
1347 6068 1466 6124 secund.
1487 6067 1647 6120 [ollonnam
1669 6068 1748 6135 xm,
1767 6070 1809 6121 29.
