6700 7992
1152 1331 1348 1405 QUARTUM
1378 1328 1679 1402 QUODLIBETUM,
1707 1327 1743 1399 Q.
1774 1326 1815 1381 lll
2178 1327 2230 1377 325

747 1515 786 1570 de
812 1532 843 1569 re
863 1515 1012 1569 substrata
1042 1511 1195 1567 intentioni
1224 1510 1385 1565 secundum
1416 1509 1495 1580 quod
1524 1525 1591 1562 esse
1610 1506 1640 1560 in
1668 1524 1779 1579 genere
1798 1504 1980 1560 substantiae
2010 1504 2057 1558 vel
2085 1520 2144 1557 non
2164 1520 2230 1557 esse

747 1612 872 1667 dicimus
892 1629 958 1666 esse
978 1610 1174 1666 substantiam
1194 1611 1242 1664 vel
1261 1626 1319 1662 non
1339 1625 1405 1661 esse
1425 1607 1628 1661 substantiam.

838 1711 880 1764 Ex
899 1710 943 1764 his
963 1718 1046 1782 patet
1065 1709 1103 1763 ad
1123 1709 1327 1780 quaestionem
1348 1715 1378 1759 et
1397 1705 1435 1759 ad
1455 1712 1636 1776 argumenta.
1652 1704 1726 1757 Nam
1745 1720 1857 1775 ponere
1877 1719 1924 1756 res
1943 1719 2010 1755 esse
2029 1700 2057 1754 in
2078 1699 2230 1772 praedica-

746 1817 847 1864 mento
868 1810 904 1862 ab
925 1821 1045 1862 aeterno
1074 1806 1169 1879 primo
1198 1806 1246 1859 vel
1275 1803 1405 1858 secundo
1434 1803 1523 1857 modo
1551 1807 1654 1856 esset¹
1684 1818 1795 1872 ponere
1823 1799 1962 1853 mundum
1991 1807 2151 1853 aeternum.
2169 1798 2230 1852 Sed

748 1923 859 1979 ponere
879 1924 930 1961 eas
949 1904 1111 1959 secundum
1130 1922 1196 1958 esse
1217 1901 1484 1974 praedicamentale
1499 1900 1586 1954 tertio
1606 1900 1695 1953 modo
1715 1907 1870 1970 acceptum
1890 1915 1957 1953 esse
1977 1899 2013 1951 ab
2034 1905 2155 1951 aeterno
2170 1914 2229 1950 non

745 2012 794 2059 est
813 2022 925 2076 ponere
944 2003 1083 2058 muudum
1102 2001 1276 2074 simpliciter
1295 2001 1332 2054 ab
1353 2010 1481 2054 aeterno.
1502 2001 1538 2053 Et
1558 1999 1632 2071 per²
1649 1999 1705 2051 boc
1725 1997 1814 2051 etiam
1834 1998 1937 2069 patet³
1957 1995 1994 2050 ad
2013 1995 2151 2050 rationes.

1307 2347 1573 2419 QUAESTIO
1611 2347 1671 2401 ΙΙΙ

1407 2494 1571 2543 (Bnnvlsr.

819 2703 928 2758 Utrum
949 2705 981 2756 in
996 2703 1148 2775 gradibus
1166 2703 1373 2757 essentialibus
1391 2708 1604 2756 creaturarum
1624 2703 1800 2756 habentibus
1818 2702 2002 2756 essentialem
2023 2703 2157 2756 ordinem

1152 2802 1192 2855 sit
1206 2802 1357 2873 possibilis
1371 2807 1528 2873 processus
1547 2803 1578 2854 in
1600 2802 1757 2873 infinitum·
1778 2812 1786 2868 t
1792 2805 1825 2867 1).

839 3005 887 3060 Ad
914 3005 1074 3059 secundum
1096 3004 1138 3059 sic
1166 3004 1344 3076 proceditur,
1367 3015 1396 3059 et
1419 3005 1549 3075 arguitur
1573 3004 1652 3075 quod
1673 3004 1702 3057 in
1722 3003 1954 3076 perfectionibus
1973 3003 2180 3058 essentialibus
2200 3011 2229 3057 et

748 3103 897 3178 specificis
917 3113 1115 3158 creaturarum
1139 3104 1176 3157 sit
1204 3120 1363 3175 processus
1383 3105 1410 3156 iu
1432 3103 1583 3170 infinitum,
1604 3103 1672 3173 quia
1694 3120 1851 3173 processus
1870 3102 1899 3156 in
1922 3103 2063 3173 gradibus
2082 3102 2230 3174 specificis

747 3212 948 3258 creaturarum
977 3210 1023 3256 est
1050 3202 1212 3255 secundum
1241 3201 1434 3255 imitationem
1463 3201 1600 3255 divinam.
1624 3202 1684 3255 Sed
1708 3203 1788 3255 Deus
1810 3219 1868 3254 non
1888 3210 1988 3273 potest
2006 3201 2046 3254 ita
2066 3200 2171 3255 imitari
2192 3203 2229 3255 ab

748 3300 847 3372 aliqua
870 3308 1003 3354 creatura
1026 3301 1095 3370 quin
1118 3300 1213 3354 adbuc
1230 3299 1413 3371 perfectiore
1436 3299 1525 3353 modo
1551 3300 1645 3371 possit
1664 3299 1772 3353 imitari
1795 3307 1824 3353 et
1846 3301 1902 3354 hoc
1925 3300 1953 3353 in
1976 3299 2127 3354 infinitum.
2152 3301 2229 3371 Ergo

746 3407 778 3453 et
801 3407 908 3453 cetera.

839 3496 957 3551 Contra.
977 3495 1036 3551 Ubi
1055 3505 1099 3550 est
1119 3496 1192 3550 ordo
1211 3513 1265 3567 per
1284 3514 1316 3550 se
1336 3504 1365 3550 et
1384 3495 1559 3562 essentialis
1579 3495 1618 3549 ibi
1643 3504 1761 3568 oportet
1787 3496 1857 3550 dare
1883 3495 2007 3567 primum
2034 3505 2063 3550 et
2088 3496 2229 3551 ultimum.

748 3595 810 3650 Sed
828 3594 857 3648 iu
877 3594 1044 3648 infinitum⁴
1064 3613 1123 3648 non
1143 3604 1188 3648 est
1208 3595 1277 3648 dare
1297 3594 1422 3666 primum
1442 3603 1471 3648 et
1490 3596 1632 3648 ultimum.
1648 3595 1726 3665 Ergo
1746 3594 1775 3648 in
1794 3594 1991 3649 essentialiter
2010 3595 2152 3649 ordinatis
2171 3613 2229 3649 non

749 3702 794 3748 est
813 3710 971 3764 processus
991 3694 1019 3746 in
1039 3693 1191 3746 infinitum.
1212 3693 1271 3746 Sed
1291 3693 1400 3765 gradus
1420 3693 1553 3764 specifici
1576 3701 1774 3747 creaturarum
1798 3701 1865 3747 sunt
1887 3692 2083 3748 essentialiter
2102 3693 2229 3747 ordinati

750 3808 816 3845 cum
835 3809 889 3863 per
907 3808 940 3845 se
959 3808 1033 3844 unus
1053 3790 1090 3844 sit
1110 3790 1269 3862 perfectior
1289 3791 1353 3845 alio.
1375 3791 1453 3860 Ergo
1474 3799 1503 3844 et
1522 3799 1630 3845 cetera.

839 3889 1026 3960 Respondeo.
1052 3888 1101 3942 Ad
1127 3890 1211 3942 istam
1241 3890 1444 3959 quaestionem
1470 3890 1564 3960 primo
1589 3897 1635 3943 est
1660 3888 1812 3943 sciendum
1841 3889 1919 3961 quod
1945 3889 1973 3943 in
1999 3889 2103 3954 eadem
2129 3891 2231 3961 specie

749 4004 809 4044 non
827 3995 952 4058 possunt
971 3986 1066 4057 accipi
1087 3987 1145 4040 duo
1165 3987 1331 4058 inaequalia
1360 4005 1413 4059 per
1441 4004 1473 4041 se
1502 3995 1531 4041 et
1559 3987 1720 4041 secundum
1747 3987 1915 4041 essentialia
1940 3987 2051 4059 speciei
2077 3988 2139 4041 sive
2164 4004 2231 4059 pro·

749 4084 873 4139 cedatur
892 4084 921 4138 in
942 4085 984 4138 eis
1004 4085 1032 4137 in
1053 4085 1195 4138 inlinitum
1215 4085 1278 4139 sive
1297 4103 1364 4152 non,
1390 4090 1394 4153 Ι
1420 4085 1495 4139 sicut
1515 4094 1639 4157 apparet
1661 4084 1817 4139 manifeste
1839 4085 1868 4138 in
1890 4086 2018 4139 numeris
2041 4087 2109 4157 quia
2129 4103 2232 4141 omnes

753 4182 857 4237 binarii
877 4191 944 4237 sunt
964 4185 1111 4254 aequales.
1138 4184 1170 4236 ln
1199 4184 1241 4237 eis
1270 4193 1368 4237 autem
1398 4201 1473 4256 quae
1502 4183 1602 4255 specie
1622 4183 1762 4238 differunt
1785 4202 1843 4237 non
1863 4192 1910 4238 est
1929 4184 1999 4238 (lare
2019 4184 2077 4238 duo
2097 4185 2232 4255 aequalia

749 4281 821 4353 quia
848 4299 902 4352 per
929 4299 961 4334 se
990 4281 1100 4335 habent
1131 4281 1332 4336 diversitatem
1362 4270 1525 4345 formalem,
1554 4282 1630 4336 sicut
1659 4282 1688 4335 in
1716 4282 1844 4336 numeris
1873 4291 1955 4354 patet
1982 4283 2012 4336 in
2040 4282 2147 4354 quibus
2174 4283 2233 4336 duo

2289 3976 2354 4030 cod.
2368 3976 2393 4030 C

2261 4049 2311 4102 fol.
2326 4050 2361 4102 98
2373 4050 2414 4103 Ra

753 4379 867 4434 numeri
895 4379 995 4450 specie
1023 4378 1194 4433 differentes
1222 4398 1279 4432 non
1308 4390 1433 4452 possunt
1456 4398 1522 4434 esse
1546 4382 1694 4451 aequales,
1714 4381 1829 4434 Ponunt
1849 4398 1919 4452 ergo
1940 4382 2058 4452 quidam
2078 4381 2157 4452 quod
2176 4399 2234 4435 non
2298 4389 2300 4394 '

752 4477 847 4532 solum
868 4477 896 4530 in
917 4477 1075 4531 individuis
1094 4477 1148 4531 sed
1167 4478 1256 4532 etiam
1280 4478 1307 4532 in
1330 4479 1488 4549 speciebus
1511 4487 1710 4533 creaturarum
1739 4479 1777 4533 sit
1805 4496 1963 4550 processus
1988 4478 2016 4533 in
2043 4479 2184 4534 inlinitum
2205 4486 2236 4533 et

751 4575 809 4629 hoc
837 4575 914 4642 ideo,
943 4577 1011 4647 quia
1040 4575 1068 4628 in
1097 4577 1154 4630 isto
1182 4594 1324 4647 processu
1352 4576 1422 4630 licet
1450 4576 1629 4648 procedatur
1657 4578 1694 4630 ab
1723 4594 1781 4631 uno
1811 4585 1942 4631 extremo
1968 4577 2051 4632 finito
2080 4578 2193 4632 scilicet
2218 4594 2235 4630 a

754 4681 897 4740 creatura,
911 4674 1039 4728 tenditur
1059 4683 1156 4728 tamen
1177 4674 1313 4728 adalind
1333 4682 1493 4728 extremum
1514 4674 1657 4728 infinitum
1678 4683 1708 4728 et
1727 4675 1756 4728 in
1775 4674 1917 4729 infinitum
1939 4674 2051 4730 distans
2070 4693 2086 4729 a
2105 4676 2236 4748 qualibet

751 4780 886 4829 creatura
918 4780 949 4825 et
981 4772 1135 4826 continens
1165 4771 1297 4826 infinitos
1330 4773 1440 4844 gradus
1472 4772 1673 4844 perfectionis.
1708 4774 1745 4826 Et
1777 4772 1845 4828 ideo
1880 4790 2038 4845 processus
2070 4774 2107 4828 ad
2140 4775 2236 4846 ipsum

756 4871 879 4941 potest⁵
898 4869 1018 4924 tendere
1047 4871 1076 4923 in
1104 4870 1258 4938 infinitum,
1278 4888 1333 4924 nec
1352 4870 1461 4942 poterit
1483 4878 1595 4925 tantum
1618 4872 1802 4943 processus⁰
1824 4871 1945 4926 tendere
1968 4873 2048 4943 quod
2067 4873 2237 4927 immediate

754 4965 903 5039 pertingat
932 4968 970 5022 ad
999 4968 1093 5039 ipsum
1123 4969 1192 5040 quin
1221 4968 1318 5023 adhue
1345 4969 1403 5022 sint
1431 4968 1535 5023 infiniti
1564 4969 1674 5040 gradus
1700 4969 1815 5023 medii'
1840 4969 2006 5041 possibiles,
2031 4970 2115 5025 Licet
2139 4979 2238 5025 autem

757 5073 859 5119 contra
888 5066 988 5120 hanc⁸
1015 5066 1193 5138 positionem
1222 5085 1280 5120 non
1309 5066 1458 5121 intendam
1488 5067 1712 5121 determinando
1738 5067 1850 5138 aliquid
1875 5067 1983 5135 dicere,
2009 5077 2107 5122 tamen
2131 5070 2238 5140 proba·

755 5162 853 5232 biliter
871 5164 1101 5218 coniecturando
1120 5172 1223 5236 posset
1242 5164 1305 5218 eius
1324 5164 1501 5219 contrarium
1521 5166 1601 5237 poni.
1620 5166 1657 5220 Et
1676 5166 1734 5220 hoc
1752 5174 1835 5238 patet
1854 5183 1891 5220 ex
1910 5173 2057 5237 quattuor.

841 5261 940 5315 Primo
969 5279 1005 5316 ex
1034 5262 1159 5317 naturali
1187 5280 1285 5316 rerum
1308 5264 1451 5335 appetitu,
1474 5263 1577 5317 unde⁹
1598 5263 1731 5335 arguitur
1759 5264 1811 5318 sic.
1840 5264 1914 5319 lllud
1932 5266 1952 5296 ¹⁰
1977 5265 2014 5320 ad
2040 5265 2119 5336 quod
2145 5265 2239 5320 tendit

756 5357 898 5414 naturalis
925 5360 1074 5432 appetitus
1102 5378 1199 5415 rerum
1228 5361 1291 5415 sive
1319 5361 1448 5416 universi
1473 5370 1592 5432 oportet
1615 5379 1737 5433 ponere,
1757 5363 1824 5434 quia
1848 5362 1996 5434 appetitus
2018 5364 2159 5419 naturalis
2180 5382 2239 5419 non

844 5589 853 5620 ¹
868 5596 913 5643 est
933 5588 966 5643 C.
986 5621 1020 5629 -
1040 5589 1120 5642 'ona
1140 5589 1174 5658 ὃς
1194 5591 1263 5644 odd.
1282 5603 1318 5644 211
1333 5608 1370 5644 m.
1387 5590 1417 5644 S.
1436 5622 1470 5631 —
1490 5591 1545 5645 ³et
1558 5623 1591 5630 —
1604 5593 1697 5663 patet]
1718 5608 1754 5646 ex
1768 5592 1825 5646 hoc
1843 5599 1927 5664 patet
1946 5591 2035 5647 etiam
2051 5593 2085 5648 C.
2099 5625 2132 5634 -
2153 5593 2240 5647 ‘infi-

678 5732 684 5743 ,
755 5673 826 5729 uitis
839 5673 872 5730 C.
886 5707 919 5716 -
936 5677 947 5707 ⁶
959 5683 1004 5731 est
1018 5675 1051 5731 C.
1066 5709 1099 5716 —
1113 5678 1124 5708 ⁸
1136 5685 1249 5732 tantum
1262 5680 1430 5750 processus]
1443 5695 1602 5750 processus
1616 5686 1730 5733 tantum
1745 5678 1779 5734 C.
1794 5710 1827 5720 —
1843 5679 1964 5735 'medio
1979 5680 2012 5736 C.
2032 5713 2065 5722 -
2083 5679 2192 5737 ⁸istam
2206 5680 2240 5737 C.

757 5762 1121 5819 —⁰etC.-¹⁰idC.

845 5943 887 6008 (1)
906 5940 967 5996 Cfr.
987 5960 1035 6014 pp.
1056 5945 1183 5998 242-247.
