<?xml version="1.0" encoding="UTF-8"?>
<!DOCTYPE html PUBLIC "-//W3C//DTD XHTML 1.0 Transitional//EN"
    "http://www.w3.org/TR/xhtml1/DTD/xhtml1-transitional.dtd">
<html xmlns="http://www.w3.org/1999/xhtml" xml:lang="en" lang="en">
 <head>
  <title>
</title>
<meta http-equiv="Content-Type" content="text/html;charset=utf-8" />
  <meta name='ocr-system' content='tesseract 3.04.00' />
  <meta name='ocr-capabilities' content='ocr_page ocr_carea ocr_par ocr_line ocrx_word'/>
</head>
<body>
  <div class='ocr_page' id='page_1' title='image "./lesquatrepremie00wulfgoog_0178.png"; bbox 0 0 6700 7992; ppageno 0'>
   <div class='ocr_carea' id='block_1_1' title="bbox 1195 1437 1904 1516">
    <p class='ocr_par' dir='ltr' id='par_1_1' title="bbox 1195 1437 1904 1516">
     <span class='ocr_line' id='line_1_1' title="bbox 1195 1437 1904 1516; baseline -0.004 -17"><span class='ocrx_word' id='word_1_1' title='bbox 1195 1438 1413 1501; x_wconf 77' lang='lat' dir='ltr'><em>sscuuouu</em></span> <span class='ocrx_word' id='word_1_2' title='bbox 1442 1437 1742 1516; x_wconf 79' lang='lat' dir='ltr'><em>Quomnmtm,</em></span> <span class='ocrx_word' id='word_1_3' title='bbox 1770 1441 1807 1514; x_wconf 70' lang='lat' dir='ltr'><em>o</em></span> <span class='ocrx_word' id='word_1_4' title='bbox 1835 1437 1904 1497; x_wconf 89' lang='lat' dir='ltr'><em>x1v</em></span> 
     </span>
    </p>
   </div>
   <div class='ocr_carea' id='block_1_2' title="bbox 1373 1966 1731 2050">
    <p class='ocr_par' dir='ltr' id='par_1_2' title="bbox 1373 1966 1731 2050">
     <span class='ocr_line' id='line_1_2' title="bbox 1373 1966 1731 2050; baseline -0.006 -17"><span class='ocrx_word' id='word_1_5' title='bbox 1373 1966 1616 2050; x_wconf 67' lang='lat' dir='ltr'><em>Quaesno</em></span> <span class='ocrx_word' id='word_1_6' title='bbox 1642 1967 1731 2032; x_wconf 78' lang='lat' dir='ltr'><em>xiv.</em></span> 
     </span>
    </p>
   </div>
   <div class='ocr_carea' id='block_1_3' title="bbox 809 2189 2291 2561">
    <p class='ocr_par' dir='ltr' id='par_1_3' title="bbox 809 2189 2291 2561">
     <span class='ocr_line' id='line_1_3' title="bbox 821 2189 2291 2291; baseline -0.003 -22"><span class='ocrx_word' id='word_1_7' title='bbox 821 2194 965 2271; x_wconf 82' lang='lat' dir='ltr'><em>Utrum</em></span> <span class='ocrx_word' id='word_1_8' title='bbox 993 2193 1182 2267; x_wconf 73' lang='lat' dir='ltr'><em>sacerdos</em></span> <span class='ocrx_word' id='word_1_9' title='bbox 1211 2197 1379 2267; x_wconf 85' lang='lat' dir='ltr'><em>curatus</em></span> <span class='ocrx_word' id='word_1_10' title='bbox 1410 2191 1540 2291; x_wconf 85' lang='lat' dir='ltr'><em>possit</em></span> <span class='ocrx_word' id='word_1_11' title='bbox 1575 2193 1674 2266; x_wconf 86' lang='lat' dir='ltr'><em>dare</em></span> <span class='ocrx_word' id='word_1_12' title='bbox 1702 2190 1907 2266; x_wconf 80' lang='lat' dir='ltr'><em>licentiam</em></span> <span class='ocrx_word' id='word_1_13' title='bbox 1944 2196 1988 2265; x_wconf 82' lang='lat' dir='ltr'><em>ul</em></span> <span class='ocrx_word' id='word_1_14' title='bbox 2009 2189 2291 2290; x_wconf 82' lang='lat' dir='ltr'><em>paroclriauus</em></span> 
     </span>
     <span class='ocr_line' id='line_1_4' title="bbox 982 2324 2120 2429; baseline -0.001 -29"><span class='ocrx_word' id='word_1_15' title='bbox 982 2326 1211 2429; x_wconf 81' lang='lat' dir='ltr'><em>defunctus,</em></span> <span class='ocrx_word' id='word_1_16' title='bbox 1240 2325 1312 2427; x_wconf 89' lang='lat' dir='ltr'><em>qui</em></span> <span class='ocrx_word' id='word_1_17' title='bbox 1339 2330 1451 2400; x_wconf 82' lang='lat' dir='ltr'><em>extra</em></span> <span class='ocrx_word' id='word_1_18' title='bbox 1472 2325 1714 2424; x_wconf 73' lang='lat' dir='ltr'><em>parochiam</em></span> <span class='ocrx_word' id='word_1_19' title='bbox 1742 2350 1861 2399; x_wconf 94' lang='lat' dir='ltr'><em>suam</em></span> <span class='ocrx_word' id='word_1_20' title='bbox 1890 2351 1971 2400; x_wconf 91' lang='lat' dir='ltr'><em>uou</em></span> <span class='ocrx_word' id='word_1_21' title='bbox 2000 2324 2120 2425; x_wconf 84' lang='lat' dir='ltr'><em>elegit</em></span> 
     </span>
     <span class='ocr_line' id='line_1_5' title="bbox 809 2457 2286 2561; baseline -0.002 -26"><span class='ocrx_word' id='word_1_22' title='bbox 809 2460 1072 2560; x_wconf 77' lang='lat' dir='ltr'><em>sepulturam,</em></span> <span class='ocrx_word' id='word_1_23' title='bbox 1102 2459 1146 2534; x_wconf 91' lang='lat' dir='ltr'><em>iu</em></span> <span class='ocrx_word' id='word_1_24' title='bbox 1174 2459 1258 2534; x_wconf 93' lang='lat' dir='ltr'><em>loco</em></span> <span class='ocrx_word' id='word_1_25' title='bbox 1286 2458 1476 2561; x_wconf 79' lang='lat' dir='ltr'><em>religioso</em></span> <span class='ocrx_word' id='word_1_26' title='bbox 1504 2464 1618 2534; x_wconf 81' lang='lat' dir='ltr'><em>extra</em></span> <span class='ocrx_word' id='word_1_27' title='bbox 1645 2485 1765 2534; x_wconf 96' lang='lat' dir='ltr'><em>suam</em></span> <span class='ocrx_word' id='word_1_28' title='bbox 1789 2459 2029 2557; x_wconf 77' lang='lat' dir='ltr'><em>parochiam</em></span> <span class='ocrx_word' id='word_1_29' title='bbox 2058 2457 2286 2557; x_wconf 83' lang='lat' dir='ltr'><em>sepeliatur.</em></span> 
     </span>
    </p>
   </div>
   <div class='ocr_carea' id='block_1_4' title="bbox 804 2786 2480 4382">
    <p class='ocr_par' dir='ltr' id='par_1_4' title="bbox 806 2786 2480 3918">
     <span class='ocr_line' id='line_1_6' title="bbox 895 2786 2287 2874; baseline -0.001 -22"><span class='ocrx_word' id='word_1_30' title='bbox 895 2788 1024 2855; x_wconf 89' lang='lat' dir='ltr'><em>Postea</em></span> <span class='ocrx_word' id='word_1_31' title='bbox 1048 2787 1140 2854; x_wconf 90' lang='lat' dir='ltr'><em>circa</em></span> <span class='ocrx_word' id='word_1_32' title='bbox 1163 2789 1358 2855; x_wconf 90' lang='lat' dir='ltr'><em>secundum</em></span> <span class='ocrx_word' id='word_1_33' title='bbox 1390 2787 1659 2874; x_wconf 89' lang='lat' dir='ltr'><em>praedictorum,</em></span> <span class='ocrx_word' id='word_1_34' title='bbox 1691 2786 1825 2854; x_wconf 88' lang='lat' dir='ltr'><em>scilicet</em></span> <span class='ocrx_word' id='word_1_35' title='bbox 1855 2786 1972 2854; x_wconf 89' lang='lat' dir='ltr'><em>circa¹</em></span> <span class='ocrx_word' id='word_1_36' title='bbox 2005 2786 2213 2873; x_wconf 87' lang='lat' dir='ltr'><em>pertinentia</em></span> <span class='ocrx_word' id='word_1_37' title='bbox 2243 2788 2287 2852; x_wconf 90' lang='lat' dir='ltr'><em>ad</em></span> 
     </span>
     <span class='ocr_line' id='line_1_7' title="bbox 808 2902 2287 2989; baseline -0.001 -20"><span class='ocrx_word' id='word_1_38' title='bbox 808 2904 1009 2970; x_wconf 86' lang='lat' dir='ltr'><em>sacerdotes</em></span> <span class='ocrx_word' id='word_1_39' title='bbox 1039 2914 1179 2970; x_wconf 85' lang='lat' dir='ltr'><em>curatos</em></span> <span class='ocrx_word' id='word_1_40' title='bbox 1212 2906 1444 2989; x_wconf 86' lang='lat' dir='ltr'><em>quaerebatur</em></span> <span class='ocrx_word' id='word_1_41' title='bbox 1478 2926 1597 2983; x_wconf 91' lang='lat' dir='ltr'><em>unum,</em></span> <span class='ocrx_word' id='word_1_42' title='bbox 1629 2902 1763 2969; x_wconf 87' lang='lat' dir='ltr'><em>scilicet</em></span> <span class='ocrx_word' id='word_1_43' title='bbox 1795 2913 1907 2968; x_wconf 90' lang='lat' dir='ltr'><em>utrum</em></span> <span class='ocrx_word' id='word_1_44' title='bbox 1943 2904 2112 2983; x_wconf 86' lang='lat' dir='ltr'><em>sacerdos</em></span> <span class='ocrx_word' id='word_1_45' title='bbox 2147 2913 2287 2969; x_wconf 89' lang='lat' dir='ltr'><em>curatus</em></span> 
     </span>
     <span class='ocr_line' id='line_1_8' title="bbox 806 3018 2287 3106; baseline -0.001 -21"><span class='ocrx_word' id='word_1_46' title='bbox 806 3019 920 3105; x_wconf 87' lang='lat' dir='ltr'><em>possit</em></span> <span class='ocrx_word' id='word_1_47' title='bbox 954 3021 1037 3085; x_wconf 90' lang='lat' dir='ltr'><em>dare</em></span> <span class='ocrx_word' id='word_1_48' title='bbox 1068 3019 1241 3085; x_wconf 88' lang='lat' dir='ltr'><em>licentiam</em></span> <span class='ocrx_word' id='word_1_49' title='bbox 1273 3032 1311 3085; x_wconf 94' lang='lat' dir='ltr'><em>ut</em></span> <span class='ocrx_word' id='word_1_50' title='bbox 1350 3019 1585 3106; x_wconf 87' lang='lat' dir='ltr'><em>parochianus</em></span> <span class='ocrx_word' id='word_1_51' title='bbox 1625 3020 1824 3100; x_wconf 83' lang='lat' dir='ltr'><em>defunctus,</em></span> <span class='ocrx_word' id='word_1_52' title='bbox 1860 3018 1919 3104; x_wconf 91' lang='lat' dir='ltr'><em>qui</em></span> <span class='ocrx_word' id='word_1_53' title='bbox 1955 3031 2051 3085; x_wconf 88' lang='lat' dir='ltr'><em>extra</em></span> <span class='ocrx_word' id='word_1_54' title='bbox 2085 3018 2287 3105; x_wconf 90' lang='lat' dir='ltr'><em>parochiam</em></span> 
     </span>
     <span class='ocr_line' id='line_1_9' title="bbox 807 3133 2443 3224; baseline -0.001 -24"><span class='ocrx_word' id='word_1_55' title='bbox 807 3156 905 3200; x_wconf 90' lang='lat' dir='ltr'><em>suam</em></span> <span class='ocrx_word' id='word_1_56' title='bbox 933 3156 1006 3200; x_wconf 93' lang='lat' dir='ltr'><em>non</em></span> <span class='ocrx_word' id='word_1_57' title='bbox 1037 3135 1142 3224; x_wconf 86' lang='lat' dir='ltr'><em>elegit</em></span> <span class='ocrx_word' id='word_1_58' title='bbox 1165 3136 1389 3221; x_wconf 86' lang='lat' dir='ltr'><em>sepulturam,</em></span> <span class='ocrx_word' id='word_1_59' title='bbox 1415 3135 1448 3200; x_wconf 92' lang='lat' dir='ltr'><em>in</em></span> <span class='ocrx_word' id='word_1_60' title='bbox 1474 3136 1553 3201; x_wconf 90' lang='lat' dir='ltr'><em>loeo</em></span> <span class='ocrx_word' id='word_1_61' title='bbox 1579 3133 1744 3223; x_wconf 86' lang='lat' dir='ltr'><em>religioso</em></span> <span class='ocrx_word' id='word_1_62' title='bbox 1769 3146 1864 3201; x_wconf 86' lang='lat' dir='ltr'><em>extra</em></span> <span class='ocrx_word' id='word_1_63' title='bbox 1892 3157 1934 3200; x_wconf 90' lang='lat' dir='ltr'><em>su</em></span> <span class='ocrx_word' id='word_1_64' title='bbox 1967 3139 1971 3220; x_wconf 83' lang='grc'>1</span> <span class='ocrx_word' id='word_1_65' title='bbox 2004 3158 2058 3200; x_wconf 89' lang='lat' dir='ltr'><em>arn</em></span> <span class='ocrx_word' id='word_1_66' title='bbox 2084 3134 2286 3221; x_wconf 86' lang='lat' dir='ltr'><em>parochiam</em></span> <span class='ocrx_word' id='word_1_67' title='bbox 2341 3144 2443 3199; x_wconf 88' lang='lat' dir='ltr'><em>cod.P</em></span> 
     </span>
     <span class='ocr_line' id='line_1_10' title="bbox 807 3214 2480 3340; baseline -0.001 -24"><span class='ocrx_word' id='word_1_68' title='bbox 807 3250 1003 3335; x_wconf 89' lang='lat' dir='ltr'><em>sepeliatur.</em></span> <span class='ocrx_word' id='word_1_69' title='bbox 1032 3250 1075 3316; x_wconf 89' lang='lat' dir='ltr'><em>Et</em></span> <span class='ocrx_word' id='word_1_70' title='bbox 1110 3253 1322 3340; x_wconf 85' lang='lat' dir='ltr'><em>arguebatur</em></span> <span class='ocrx_word' id='word_1_71' title='bbox 1359 3253 1454 3337; x_wconf 91' lang='lat' dir='ltr'><em>quod</em></span> <span class='ocrx_word' id='word_1_72' title='bbox 1483 3251 1649 3318; x_wconf 86' lang='lat' dir='ltr'><em>sacerdos</em></span> <span class='ocrx_word' id='word_1_73' title='bbox 1679 3250 1887 3338; x_wconf 86' lang='lat' dir='ltr'><em>parochialis</em></span> <span class='ocrx_word' id='word_1_74' title='bbox 1919 3251 2032 3337; x_wconf 88' lang='lat' dir='ltr'><em>possit</em></span> <span class='ocrx_word' id='word_1_75' title='bbox 2067 3253 2150 3317; x_wconf 91' lang='lat' dir='ltr'><em>dare</em></span> <span class='ocrx_word' id='word_1_76' title='bbox 2181 3250 2287 3317; x_wconf 89' lang='lat' dir='ltr'><em>licen·</em></span> <span class='ocrx_word' id='word_1_77' title='bbox 2313 3214 2480 3272; x_wconf 65' lang='lat' dir='ltr'>f⁰¹’¹⁵⁰Rb</span> 
     </span>
     <span class='ocr_line' id='line_1_11' title="bbox 807 3364 2284 3456; baseline 0.001 -25"><span class='ocrx_word' id='word_1_78' title='bbox 807 3364 888 3431; x_wconf 91' lang='lat' dir='ltr'><em>tiam</em></span> <span class='ocrx_word' id='word_1_79' title='bbox 923 3377 961 3432; x_wconf 92' lang='lat' dir='ltr'><em>ut</em></span> <span class='ocrx_word' id='word_1_80' title='bbox 988 3366 1149 3432; x_wconf 90' lang='lat' dir='ltr'><em>subditus</em></span> <span class='ocrx_word' id='word_1_81' title='bbox 1177 3367 1364 3433; x_wconf 85' lang='lat' dir='ltr'><em>defunctus</em></span> <span class='ocrx_word' id='word_1_82' title='bbox 1392 3368 1451 3453; x_wconf 93' lang='lat' dir='ltr'><em>qui</em></span> <span class='ocrx_word' id='word_1_83' title='bbox 1479 3379 1574 3433; x_wconf 85' lang='lat' dir='ltr'><em>extra</em></span> <span class='ocrx_word' id='word_1_84' title='bbox 1603 3366 1805 3452; x_wconf 88' lang='lat' dir='ltr'><em>parochiam</em></span> <span class='ocrx_word' id='word_1_85' title='bbox 1835 3388 1908 3433; x_wconf 92' lang='lat' dir='ltr'><em>non</em></span> <span class='ocrx_word' id='word_1_86' title='bbox 1936 3367 2042 3456; x_wconf 86' lang='lat' dir='ltr'><em>elegit</em></span> <span class='ocrx_word' id='word_1_87' title='bbox 2072 3368 2284 3452; x_wconf 86' lang='lat' dir='ltr'><em>sepulturam</em></span> 
     </span>
     <span class='ocr_line' id='line_1_12' title="bbox 808 3480 2284 3569; baseline 0.001 -23"><span class='ocrx_word' id='word_1_88' title='bbox 808 3480 888 3548; x_wconf 89' lang='lat' dir='ltr'><em>alibi</em></span> <span class='ocrx_word' id='word_1_89' title='bbox 907 3481 1105 3568; x_wconf 86' lang='lat' dir='ltr'><em>sepeliatur,</em></span> <span class='ocrx_word' id='word_1_90' title='bbox 1131 3482 1212 3569; x_wconf 92' lang='lat' dir='ltr'><em>quia</em></span> <span class='ocrx_word' id='word_1_91' title='bbox 1237 3484 1374 3549; x_wconf 90' lang='lat' dir='ltr'><em>adhoc</em></span> <span class='ocrx_word' id='word_1_92' title='bbox 1399 3485 1505 3549; x_wconf 90' lang='lat' dir='ltr'><em>habet</em></span> <span class='ocrx_word' id='word_1_93' title='bbox 1528 3483 1696 3550; x_wconf 91' lang='lat' dir='ltr'><em>sacerdos</em></span> <span class='ocrx_word' id='word_1_94' title='bbox 1721 3504 1840 3549; x_wconf 88' lang='lat' dir='ltr'><em>euram</em></span> <span class='ocrx_word' id='word_1_95' title='bbox 1864 3482 2082 3550; x_wconf 90' lang='lat' dir='ltr'><em>subditorum</em></span> <span class='ocrx_word' id='word_1_96' title='bbox 2101 3493 2137 3548; x_wconf 89' lang='lat' dir='ltr'><em>ut</em></span> <span class='ocrx_word' id='word_1_97' title='bbox 2164 3503 2284 3549; x_wconf 91' lang='lat' dir='ltr'><em>eorum</em></span> 
     </span>
     <span class='ocr_line' id='line_1_13' title="bbox 806 3597 2285 3685; baseline 0.002 -23"><span class='ocrx_word' id='word_1_98' title='bbox 806 3597 953 3663; x_wconf 87' lang='lat' dir='ltr'><em>salutem</em></span> <span class='ocrx_word' id='word_1_99' title='bbox 979 3609 1110 3683; x_wconf 89' lang='lat' dir='ltr'><em>quanto</em></span> <span class='ocrx_word' id='word_1_100' title='bbox 1142 3599 1265 3666; x_wconf 89' lang='lat' dir='ltr'><em>melius</em></span> <span class='ocrx_word' id='word_1_101' title='bbox 1296 3610 1412 3685; x_wconf 88' lang='lat' dir='ltr'><em>potest</em></span> <span class='ocrx_word' id='word_1_102' title='bbox 1442 3609 1614 3685; x_wconf 90' lang='lat' dir='ltr'><em>procuret.</em></span> <span class='ocrx_word' id='word_1_103' title='bbox 1644 3599 1716 3665; x_wconf 88' lang='lat' dir='ltr'><em>Sed</em></span> <span class='ocrx_word' id='word_1_104' title='bbox 1744 3599 1911 3665; x_wconf 88' lang='lat' dir='ltr'><em>sacerdos</em></span> <span class='ocrx_word' id='word_1_105' title='bbox 1935 3600 2024 3665; x_wconf 90' lang='lat' dir='ltr'><em>dans</em></span> <span class='ocrx_word' id='word_1_106' title='bbox 2048 3598 2222 3665; x_wconf 89' lang='lat' dir='ltr'><em>licentiam</em></span> <span class='ocrx_word' id='word_1_107' title='bbox 2247 3610 2285 3665; x_wconf 92' lang='lat' dir='ltr'><em>ut</em></span> 
     </span>
     <span class='ocr_line' id='line_1_14' title="bbox 807 3712 2285 3804; baseline 0.001 -26"><span class='ocrx_word' id='word_1_108' title='bbox 807 3712 883 3779; x_wconf 81' lang='lat' dir='ltr'><em>talis</em></span> <span class='ocrx_word' id='word_1_109' title='bbox 921 3714 1083 3780; x_wconf 87' lang='lat' dir='ltr'><em>subditus</em></span> <span class='ocrx_word' id='word_1_110' title='bbox 1122 3715 1310 3802; x_wconf 86' lang='lat' dir='ltr'><em>sepeliatur</em></span> <span class='ocrx_word' id='word_1_111' title='bbox 1355 3715 1390 3781; x_wconf 93' lang='lat' dir='ltr'><em>in</em></span> <span class='ocrx_word' id='word_1_112' title='bbox 1440 3716 1520 3782; x_wconf 90' lang='lat' dir='ltr'><em>loco</em></span> <span class='ocrx_word' id='word_1_113' title='bbox 1563 3713 1728 3804; x_wconf 87' lang='lat' dir='ltr'><em>religioso</em></span> <span class='ocrx_word' id='word_1_114' title='bbox 1767 3714 1890 3781; x_wconf 90' lang='lat' dir='ltr'><em>melius</em></span> <span class='ocrx_word' id='word_1_115' title='bbox 1936 3726 2101 3802; x_wconf 85' lang='lat' dir='ltr'><em>procurat</em></span> <span class='ocrx_word' id='word_1_116' title='bbox 2138 3716 2285 3781; x_wconf 89' lang='lat' dir='ltr'><em>salutem</em></span> 
     </span>
     <span class='ocr_line' id='line_1_15' title="bbox 806 3828 2115 3918; baseline 0.002 -24"><span class='ocrx_word' id='word_1_117' title='bbox 806 3828 915 3916; x_wconf 88' lang='lat' dir='ltr'><em>ipsius</em></span> <span class='ocrx_word' id='word_1_118' title='bbox 939 3852 1043 3915; x_wconf 90' lang='lat' dir='ltr'><em>quam</em></span> <span class='ocrx_word' id='word_1_119' title='bbox 1067 3829 1097 3896; x_wconf 93' lang='lat' dir='ltr'><em>si</em></span> <span class='ocrx_word' id='word_1_120' title='bbox 1121 3831 1234 3917; x_wconf 91' lang='lat' dir='ltr'><em>ipsum</em></span> <span class='ocrx_word' id='word_1_121' title='bbox 1259 3831 1423 3918; x_wconf 88' lang='lat' dir='ltr'><em>sepeliret</em></span> <span class='ocrx_word' id='word_1_122' title='bbox 1437 3830 1473 3897; x_wconf 93' lang='lat' dir='ltr'><em>in</em></span> <span class='ocrx_word' id='word_1_123' title='bbox 1498 3853 1562 3896; x_wconf 90' lang='lat' dir='ltr'><em>sua</em></span> <span class='ocrx_word' id='word_1_124' title='bbox 1587 3830 1763 3918; x_wconf 87' lang='lat' dir='ltr'><em>parochia.</em></span> <span class='ocrx_word' id='word_1_125' title='bbox 1789 3831 1908 3916; x_wconf 84' lang='lat' dir='ltr'><em>Quare</em></span> <span class='ocrx_word' id='word_1_126' title='bbox 1932 3842 1967 3898; x_wconf 88' lang='lat' dir='ltr'><em>et</em></span> <span class='ocrx_word' id='word_1_127' title='bbox 1990 3843 2115 3897; x_wconf 87' lang='lat' dir='ltr'><em>cetera.</em></span> 
     </span>
    </p>

    <p class='ocr_par' dir='ltr' id='par_1_5' title="bbox 804 3944 2286 4265">
     <span class='ocr_line' id='line_1_16' title="bbox 894 3944 2286 4034; baseline 0.002 -23"><span class='ocrx_word' id='word_1_128' title='bbox 894 3945 1035 4013; x_wconf 86' lang='lat' dir='ltr'><em>Contra.</em></span> <span class='ocrx_word' id='word_1_129' title='bbox 1060 3947 1147 4012; x_wconf 89' lang='lat' dir='ltr'><em>Illud</em></span> <span class='ocrx_word' id='word_1_130' title='bbox 1172 3947 1267 4033; x_wconf 91' lang='lat' dir='ltr'><em>quod</em></span> <span class='ocrx_word' id='word_1_131' title='bbox 1291 3947 1336 4015; x_wconf 91' lang='lat' dir='ltr'><em>de</em></span> <span class='ocrx_word' id='word_1_132' title='bbox 1365 3947 1439 4013; x_wconf 90' lang='lat' dir='ltr'><em>iure</em></span> <span class='ocrx_word' id='word_1_133' title='bbox 1464 3946 1618 4013; x_wconf 92' lang='lat' dir='ltr'><em>debitum</em></span> <span class='ocrx_word' id='word_1_134' title='bbox 1643 3957 1698 4013; x_wconf 87' lang='lat' dir='ltr'><em>est</em></span> <span class='ocrx_word' id='word_1_135' title='bbox 1721 3946 1892 4014; x_wconf 85' lang='lat' dir='ltr'><em>ecclesiae</em></span> <span class='ocrx_word' id='word_1_136' title='bbox 1920 3944 2113 4034; x_wconf 86' lang='lat' dir='ltr'><em>parochiali</em></span> <span class='ocrx_word' id='word_1_137' title='bbox 2136 3958 2286 4014; x_wconf 88' lang='lat' dir='ltr'><em>nonest</em></span> 
     </span>
     <span class='ocr_line' id='line_1_17' title="bbox 804 4059 2286 4130; baseline 0.002 -4"><span class='ocrx_word' id='word_1_138' title='bbox 804 4059 935 4127; x_wconf 88' lang='lat' dir='ltr'><em>licitum</em></span> <span class='ocrx_word' id='word_1_139' title='bbox 962 4062 1137 4130; x_wconf 88' lang='lat' dir='ltr'><em>sacerdoti</em></span> <span class='ocrx_word' id='word_1_140' title='bbox 1165 4063 1315 4129; x_wconf 88' lang='lat' dir='ltr'><em>alienare</em></span> <span class='ocrx_word' id='word_1_141' title='bbox 1347 4064 1401 4129; x_wconf 89' lang='lat' dir='ltr'><em>vel</em></span> <span class='ocrx_word' id='word_1_142' title='bbox 1434 4062 1530 4130; x_wconf 88' lang='lat' dir='ltr'><em>alteri</em></span> <span class='ocrx_word' id='word_1_143' title='bbox 1567 4064 1710 4129; x_wconf 84' lang='lat' dir='ltr'><em>donare.</em></span> <span class='ocrx_word' id='word_1_144' title='bbox 1744 4062 1817 4130; x_wconf 88' lang='lat' dir='ltr'><em>Sed</em></span> <span class='ocrx_word' id='word_1_145' title='bbox 1844 4063 1922 4129; x_wconf 89' lang='lat' dir='ltr'><em>talis</em></span> <span class='ocrx_word' id='word_1_146' title='bbox 1948 4064 1992 4129; x_wconf 90' lang='lat' dir='ltr'><em>de</em></span> <span class='ocrx_word' id='word_1_147' title='bbox 2020 4062 2093 4130; x_wconf 92' lang='lat' dir='ltr'><em>iure</em></span> <span class='ocrx_word' id='word_1_148' title='bbox 2121 4063 2226 4130; x_wconf 86' lang='lat' dir='ltr'><em>debet</em></span> <span class='ocrx_word' id='word_1_149' title='bbox 2251 4063 2286 4129; x_wconf 94' lang='lat' dir='ltr'><em>in</em></span> 
     </span>
     <span class='ocr_line' id='line_1_18' title="bbox 805 4177 1585 4265; baseline 0.001 -23"><span class='ocrx_word' id='word_1_150' title='bbox 805 4198 869 4242; x_wconf 91' lang='lat' dir='ltr'><em>sua</em></span> <span class='ocrx_word' id='word_1_151' title='bbox 893 4177 1059 4263; x_wconf 89' lang='lat' dir='ltr'><em>parochia</em></span> <span class='ocrx_word' id='word_1_152' title='bbox 1083 4179 1230 4265; x_wconf 91' lang='lat' dir='ltr'><em>sepeliri.</em></span> <span class='ocrx_word' id='word_1_153' title='bbox 1257 4179 1376 4263; x_wconf 86' lang='lat' dir='ltr'><em>Quare</em></span> <span class='ocrx_word' id='word_1_154' title='bbox 1400 4190 1435 4245; x_wconf 88' lang='lat' dir='ltr'><em>et</em></span> <span class='ocrx_word' id='word_1_155' title='bbox 1458 4191 1585 4246; x_wconf 87' lang='lat' dir='ltr'><em>cetera.</em></span> 
     </span>
    </p>

    <p class='ocr_par' dir='ltr' id='par_1_6' title="bbox 893 4293 1718 4382">
     <span class='ocr_line' id='line_1_19' title="bbox 893 4293 1718 4382; baseline 0.002 -24"><span class='ocrx_word' id='word_1_156' title='bbox 893 4294 1107 4380; x_wconf 87' lang='lat' dir='ltr'><em>Respondeo</em></span> <span class='ocrx_word' id='word_1_157' title='bbox 1132 4295 1352 4362; x_wconf 91' lang='lat' dir='ltr'><em>dicendum...</em></span> <span class='ocrx_word' id='word_1_158' title='bbox 1377 4296 1416 4361; x_wconf 91' lang='lat' dir='ltr'><em>In</em></span> <span class='ocrx_word' id='word_1_159' title='bbox 1440 4294 1527 4361; x_wconf 91' lang='lat' dir='ltr'><em>libro</em></span> <span class='ocrx_word' id='word_1_160' title='bbox 1552 4293 1718 4382; x_wconf 85' lang='lat' dir='ltr'><em>magistri.</em></span> 
     </span>
    </p>
   </div>
   <div class='ocr_carea' id='block_1_5' title="bbox 895 4603 1024 4659">
    <p class='ocr_par' dir='ltr' id='par_1_7' title="bbox 895 4603 1024 4659">
     <span class='ocr_line' id='line_1_20' title="bbox 895 4603 1024 4659; baseline 0 -1"><span class='ocrx_word' id='word_1_161' title='bbox 895 4604 973 4659; x_wconf 89' lang='lat' dir='ltr'><em>¹om.</em></span> <span class='ocrx_word' id='word_1_162' title='bbox 992 4603 1024 4658; x_wconf 88' lang='lat' dir='ltr'><em>P.</em></span> 
     </span>
    </p>
   </div>
   <div class='ocr_carea' id='block_1_6' title="bbox 0 0 3354 7992">
    <p class='ocr_par' dir='ltr' id='par_1_8' title="bbox 0 0 3354 7992">
     <span class='ocr_line' id='line_1_21' title="bbox 0 0 3354 7992; baseline 0 0"><span class='ocrx_word' id='word_1_163' title='bbox 0 0 3354 7992; x_wconf 95' lang='lat' dir='ltr'><em> </em></span> 
     </span>
    </p>
   </div>
  </div>
 </body>
</html>
