6700 7992
1456 1435 1647 1490 MAGISTRI
1676 1434 1897 1490 GODEFRIDI
1926 1436 1977 1490 DE
2005 1434 2203 1491 FONTIBUS

1180 1617 1325 1703 Propter
1349 1616 1444 1700 quod
1468 1636 1535 1682 nec
1560 1616 1615 1682 illa
1650 1616 1761 1682 sonna
1786 1637 1877 1681 nova
1912 1616 2018 1681 debet
2048 1616 2117 1681 dici
2153 1628 2332 1703 assumpta
2367 1616 2508 1703 proprie
2533 1628 2568 1683 et

1093 1755 1155 1819 per
1190 1755 1238 1813 se,
1272 1731 1353 1817 quia
1388 1753 1455 1798 nec
1491 1743 1527 1797 ut
1559 1732 1700 1817 aliquod
1735 1753 1798 1797 ens
1834 1733 2028 1797 secundum
2060 1753 2098 1797 se
2133 1754 2200 1797 nec
2236 1745 2272 1797 ut
2307 1755 2387 1818 pars
2422 1733 2568 1799 alicuius

1093 1848 1277 1934 compositi
1296 1869 1357 1934 per
1380 1869 1418 1913 se
1443 1860 1476 1913 et
1501 1847 1612 1932 primo
1638 1848 1712 1913 sive
1736 1847 1936 1933 principalis
1954 1848 2133 1933 assumpti,
2159 1850 2222 1914 sed
2247 1860 2363 1914 tamen
2380 1849 2568 1938 improprie

1093 1976 1127 2031 et
1152 1986 1213 2051 per
1237 1964 1412 2044 accidens,
1437 1963 1568 2028 scilicet
1591 1976 1628 2028 ut
1659 1963 1811 2029 existens
1843 1963 1877 2028 in
1914 1985 1976 2049 per
2011 1987 2050 2030 se
2086 1977 2277 2050 assumpto,
2302 1964 2375 2032 sive
2400 1977 2436 2031 ut
2461 1989 2568 2031 unum

1093 2081 1247 2147 existens
1271 2103 1350 2145 cum
1375 2079 1462 2165 ipso.
1488 2080 1577 2144 Cum
1602 2079 1693 2144 enirn
1718 2078 1872 2159 materia,
1898 2081 2092 2145 secundum
2117 2080 2201 2145 illud
2235 2082 2329 2165 quod
2364 2093 2416 2147 est
2451 2102 2569 2147 essen-

1093 2197 1226 2275 tialiter,
1266 2196 1309 2261 sit
1352 2195 1480 2280 aliquid
1521 2195 1614 2261 aliud
1653 2195 1728 2261 sive
1774 2195 1840 2260 alia
1880 2196 2031 2261 essentia
2071 2198 2114 2261 ab
2154 2220 2197 2263 eo
2236 2198 2330 2282 quod
2370 2207 2424 2263 est
2457 2199 2569 2263 forma

1093 2313 1287 2379 seeundum
1321 2311 1355 2376 id
1392 2313 1486 2396 quod
1522 2324 1584 2392 est,
1610 2310 1700 2377 sicut
1734 2313 1929 2377 secundum
1955 2324 2129 2397 ponentes
2159 2335 2265 2398 posse
2290 2313 2466 2380 materiam
2491 2335 2569 2380 esse

1094 2429 1168 2494 sine
1194 2428 1288 2493 omni
1322 2429 1433 2494 forma
1457 2427 1563 2492 Filius
1599 2426 1664 2493 Dei
1701 2439 1822 2513 posset
1853 2426 1998 2515 intelligi
2030 2427 2148 2493 illnm¹
2174 2428 2207 2493 in
2233 2413 2364 2495 unitate
2396 2428 2570 2517 suppositi

1094 2544 1158 2610 sibi
1198 2544 1327 2623 unisse,
1358 2545 1411 2608 vel
1452 2543 1582 2608 unitam
1615 2543 1772 2617 retinere,
1798 2583 1838 2591 -
1864 2544 1909 2608 ita
1942 2544 2042 2609 etiam
2075 2566 2146 2609 non
2180 2546 2341 2610 obstante
2371 2547 2466 2631 quod
2498 2569 2570 2612 non

1095 2662 1223 2726 habeat
1248 2682 1326 2726 esse
1361 2659 1395 2724 in
1433 2660 1569 2725 animae
1604 2660 1826 2745 separatione
1858 2659 1934 2726 sine
1966 2682 2057 2725 nova
2092 2661 2214 2741 forma,
2239 2661 2319 2746 quia
2355 2674 2469 2729 tamen
2494 2662 2571 2749 ipsa

1096 2776 1248 2843 essentia
1288 2775 1450 2841 materiae
1490 2798 1561 2840 non
1595 2788 1647 2841 est
1685 2775 1762 2861 ipsa
1797 2775 1949 2841 essentia
1984 2776 2127 2857 formae,
2166 2790 2282 2862 potest
2319 2777 2464 2866 intelligi
2495 2778 2572 2865 ipsa

1096 2892 1237 2957 materia
1273 2891 1369 2956 unita
1399 2891 1492 2956 dicto
1529 2892 1697 2957 modoet
1727 2913 1798 2956 non
1827 2891 1903 2976 ipsa
1939 2892 2059 2957 forma.
2092 2893 2184 2976 Quia
2219 2904 2334 2959 tamen
2371 2894 2426 2959 illa
2460 2895 2572 2960 forma

1095 3009 1288 3074 secundum
1319 3030 1356 3073 se
1386 3029 1457 3072 non
1495 3019 1546 3071 est
1582 3007 1788 3088 subsistens,
1817 3017 1956 3094 oportet
1983 3010 2080 3092 quod
2108 3009 2184 3093 ipsu
2215 3032 2284 3074 una
2315 3030 2394 3075 cum
2430 3011 2572 3076 materia

1095 3125 1138 3190 sit
1185 3125 1361 3209 quoddam
1400 3123 1618 3209 suppositum
1660 3123 1692 3188 in
1734 3147 1772 3189 se
1811 3124 2006 3190 subsistens
2045 3126 2099 3191 vel
2139 3126 2233 3209 quod
2273 3125 2348 3212 ipsa
2387 3149 2456 3192 una
2492 3149 2571 3193 cum

1096 3223 1237 3305 materia
1261 3239 1395 3305 faciens
1425 3262 1531 3303 unum
1558 3239 1790 3325 compositum
1819 3240 1985 3305 subsistat
2009 3240 2043 3305 in
2070 3240 2138 3306 alio
2163 3240 2197 3305 in
2222 3264 2291 3325 quo
2317 3241 2473 3307 subsistit
2498 3242 2573 3328 ipsa

1097 3355 1248 3435 materia,
1288 3368 1322 3420 et
1361 3354 1411 3420 sic
1451 3357 1570 3420 saltcrn
1611 3376 1653 3421 ex
1692 3354 1924 3440 consequenti
1964 3369 1997 3421 et
2036 3377 2098 3442 per
2137 3357 2303 3422 accidens
2341 3358 2498 3424 subsistit
2537 3359 2572 3425 in

1096 3472 1280 3559 supposito
1306 3470 1424 3536 (lirino
1449 3481 1482 3536 et
1507 3470 1536 3535 ei
1563 3469 1696 3536 dicetur
1721 3471 1815 3536 unita
1840 3471 1874 3535 in
1907 3471 2037 3537 unitate
2062 3472 2244 3558 suppositi,
2271 3495 2341 3538 non
2373 3485 2488 3540 autem
2513 3498 2575 3561 per

1097 3612 1135 3654 se
1170 3600 1205 3652 ut
1241 3587 1385 3654 materia
1420 3598 1454 3652 et
1485 3586 1609 3651 anima.
1647 3587 1690 3651 Et
1721 3586 1772 3652 sic
1805 3588 1913 3652 multo
1948 3587 2057 3652 maior
2093 3587 2155 3653 erit
2186 3589 2269 3653 unio
2303 3590 2465 3655 materiae
2495 3612 2573 3657 cum

1097 3704 1280 3791 supposito
1305 3702 1424 3768 divino
1449 3724 1552 3786 quam
1577 3701 1687 3787 ipsius
1713 3724 1825 3767 novae
1850 3703 1993 3783 tonnae,
2020 3703 2100 3788 qnia
2136 3705 2246 3768 forma
2271 3728 2342 3769 non
2370 3706 2486 3771 unitur
2509 3707 2575 3772 nisi

1096 3821 1230 3887 ratione
1255 3819 1394 3884 unionis
1419 3818 1493 3883 eius
1518 3839 1597 3883 cum
1621 3818 1821 3883 huiusmodi
1846 3818 1989 3885 materia
2014 3819 2070 3885 cui
2088 3819 2204 3885 unitur
2227 3833 2263 3885 ut
2288 3835 2387 3886 actus
2412 3823 2576 3889 naturalis

1097 3959 1177 4004 cum
1212 3934 1369 4022 potentia
1403 3933 1560 3999 naturali.
1598 3934 1669 4000 sed
1703 3934 1844 3999 materia
1877 3935 2070 3999 secundum
2110 3958 2149 4000 se
2180 3948 2217 4001 ut
2248 3949 2370 4001 natura
2402 3939 2455 4003 vel
2495 3961 2576 4024 pars

1097 4063 1252 4131 naturae,
1281 4072 1370 4137 quae
1395 4062 1448 4116 est
1472 4071 1535 4116 ens
1560 4051 1754 4115 secundum
1780 4049 2080 4135 participationem
2109 4052 2239 4137 primae
2269 4053 2419 4118 entitutis
2448 4053 2576 4139 inqua

1098 4167 1286 4233 virtualiter
1310 4165 1422 4232 omnis
1448 4166 1608 4252 specialis
1633 4166 1759 4231 entitas
1784 4165 1991 4243 continetur,
2025 4167 2090 4252 ipsi
2117 4168 2226 4252 primo
2251 4169 2320 4233 enti
2352 4170 2385 4233 in
2422 4192 2492 4254 quo
2525 4183 2577 4236 est

1098 4285 1132 4350 id
1157 4284 1253 4368 quod
1278 4294 1340 4363 est,
1366 4282 1400 4347 in
1426 4294 1592 4367 quantum
1619 4281 1713 4347 unita
1745 4294 1797 4347 est
1831 4281 1866 4346 in
1894 4282 2024 4347 unitate
2053 4282 2235 4368 suppositi,
2263 4285 2437 4350 intimatur
2465 4286 2577 4373 magis

1098 4422 1202 4485 quam
1227 4399 1303 4484 ipsa
1327 4399 1437 4463 forma
1462 4398 1636 4462 intimetur
1666 4397 1732 4482 ipsi
1757 4397 1930 4462 materiae.
1964 4398 2061 4464 Sicut
2092 4399 2182 4463 enim
2221 4400 2317 4464 lleus
2351 4399 2500 4466 intimior
2524 4413 2577 4467 est

1098 4515 1164 4601 ipsi
1189 4513 1352 4581 materiae
1381 4524 1415 4580 et
1441 4513 1627 4598 unicnique
1652 4513 1700 4578 rei
1725 4535 1827 4597 quam
1855 4515 1963 4578 l'orma
1988 4513 2161 4589 materiae,
2194 4527 2227 4579 et
2255 4538 2497 4602 quaecumque
2522 4540 2577 4583 res

1099 4632 1164 4699 sibi
1197 4630 1262 4718 ipsi
1287 4632 1480 4696 secundum
1513 4631 1654 4693 modum
1680 4651 1750 4712 quo
1775 4629 1900 4693 dicitur
1924 4653 2002 4694 esse
2027 4629 2061 4693 in
2099 4633 2202 4695 rebus
2238 4653 2299 4716 per
2331 4633 2516 4698 essentiam
2543 4644 2579 4698 ut

1099 4771 1170 4815 rem
1207 4768 1463 4832 quamcumque
1500 4744 1532 4809 in
1570 4767 1649 4810 esse
1687 4745 1782 4828 quod
1818 4746 1924 4809 habet
1959 4744 1993 4809 in
2030 4768 2068 4810 se
2100 4746 2175 4830 ipsa
2207 4749 2401 4812 secundum
2435 4750 2577 4814 modum

1099 4887 1185 4930 suae
1220 4862 1424 4929 existentiae
1460 4862 1513 4927 vel
1546 4860 1792 4926 subsistentiae
1824 4859 1858 4924 in
1894 4882 1932 4926 se
1968 4860 2044 4946 ipsa
2080 4874 2274 4941 conservat,
2310 4863 2357 4928 ita
2381 4863 2484 4929 etiarn
2520 4886 2576 4930 res

1100 4980 1196 5047 unita
1212 4981 1289 5045 Deo
1314 4978 1347 5043 in
1373 4977 1504 5042 unitate
1529 4975 1700 5062 suppositi
1725 4988 1778 5041 est
1803 4975 1833 5041 ei
1859 4976 2019 5056 infimior,
2038 4988 2074 5041 ut
2099 4978 2131 5041 in
2158 5001 2223 5043 suo
2248 5001 2327 5044 esse
2351 4980 2573 5065 hypostatico

1100 5118 1171 5162 rem
1207 5095 1272 5160 sibi
1304 5094 1435 5158 unitam
1469 5104 1503 5158 et
1542 5092 1716 5177 propriam
1757 5091 1972 5177 hypostasim
2011 5115 2082 5157 non
2123 5095 2308 5160 habentem
2346 5094 2380 5160 in
2420 5116 2459 5161 se
2498 5096 2574 5182 ipsa

1100 5209 1352 5277 indivisibiliter
1386 5218 1566 5288 sustentat,
1603 5230 1706 5293 quam
1743 5229 1985 5292 quaecumque
2021 5231 2076 5274 res
2112 5211 2444 5296 quomodocumque
2480 5212 2576 5278 altori

1101 5327 1196 5393 unita
1220 5325 1428 5391 naturaliter.
1457 5327 1599 5409 l‘ropter
1623 5323 1825 5409 quorldicit
1851 5325 2058 5404 llernarrlus,
2077 5324 2165 5417 libro
2190 5325 2311 5409 quinto
2336 5327 2380 5391 de
2409 5326 2579 5393 Conside-

1101 5446 1235 5509 ratione
1253 5446 1321 5525 (l):
1347 5453 1399 5508 est
1417 5442 1530 5505 unitas
1555 5440 1789 5520 constitutiva,
1805 5461 1884 5504 curn
1903 5442 2030 5506 multae
2055 5452 2170 5526 partes
2195 5443 2473 5529 unumquodque
2498 5465 2581 5510 con·

1195 5757 1203 5787 ¹
1216 5755 1296 5808 illum
1311 5753 1344 5807 t'.

1194 5964 1233 6021 (lt
1254 5957 1425 6013 Bernarrli
1448 5959 1491 6011 lu
1511 5957 1757 6013 Corrsirlerutioue
1776 5958 1817 6009 orl
1837 5957 2008 6027 Eugem'um
2025 5956 2159 6025 111‚t.t',
2174 5976 2198 6011 c.
2213 5961 2278 6017 an.
2297 5962 2328 6013 18
2340 5960 2382 6025 (Ρ.
2399 5960 2583 6029 lr.,rol.182,

1107 6053 1163 6108 col.
1178 6054 1250 6124 799).
