<?xml version="1.0" encoding="UTF-8"?>
<!DOCTYPE html PUBLIC "-//W3C//DTD XHTML 1.0 Transitional//EN"
    "http://www.w3.org/TR/xhtml1/DTD/xhtml1-transitional.dtd">
<html xmlns="http://www.w3.org/1999/xhtml" xml:lang="en" lang="en">
 <head>
  <title>
</title>
<meta http-equiv="Content-Type" content="text/html;charset=utf-8" />
  <meta name='ocr-system' content='tesseract 3.04.00' />
  <meta name='ocr-capabilities' content='ocr_page ocr_carea ocr_par ocr_line ocrx_word'/>
</head>
<body>
  <div class='ocr_page' id='page_1' title='image "./lesquatrepremie00wulfgoog_0284.png"; bbox 0 0 6700 7992; ppageno 0'>
   <div class='ocr_carea' id='block_1_1' title="bbox 1028 1456 2142 1512">
    <p class='ocr_par' dir='ltr' id='par_1_1' title="bbox 1028 1456 2142 1512">
     <span class='ocr_line' id='line_1_1' title="bbox 1028 1456 2142 1512; baseline 0 -2"><span class='ocrx_word' id='word_1_1' title='bbox 1028 1456 1081 1511; x_wconf 85' lang='grc'>258</span> <span class='ocrx_word' id='word_1_2' title='bbox 1392 1456 1584 1511; x_wconf 76' lang='lat' dir='ltr'>MAGISTRI</span> <span class='ocrx_word' id='word_1_3' title='bbox 1614 1456 1834 1511; x_wconf 85' lang='lat' dir='ltr'>GODEFRIDI</span> <span class='ocrx_word' id='word_1_4' title='bbox 1862 1457 1914 1511; x_wconf 88' lang='lat' dir='ltr'>DE</span> <span class='ocrx_word' id='word_1_5' title='bbox 1943 1456 2142 1512; x_wconf 89' lang='lat' dir='ltr'>FONTlBUS</span> 
     </span>
    </p>
   </div>
   <div class='ocr_carea' id='block_1_2' title="bbox 1029 1635 2568 3774">
    <p class='ocr_par' dir='ltr' id='par_1_2' title="bbox 1029 1635 2568 3433">
     <span class='ocr_line' id='line_1_2' title="bbox 1030 1635 2504 1723; baseline -0.001 -21"><span class='ocrx_word' id='word_1_6' title='bbox 1030 1638 1309 1723; x_wconf 76' lang='lat' dir='ltr'><strong>praecedentem,</strong></span> <span class='ocrx_word' id='word_1_7' title='bbox 1338 1658 1415 1701; x_wconf 89' lang='lat' dir='ltr'>eum</span> <span class='ocrx_word' id='word_1_8' title='bbox 1441 1635 1616 1702; x_wconf 86' lang='lat' dir='ltr'>materiale</span> <span class='ocrx_word' id='word_1_9' title='bbox 1640 1636 1764 1701; x_wconf 87' lang='lat' dir='ltr'>virtute</span> <span class='ocrx_word' id='word_1_10' title='bbox 1792 1637 1931 1722; x_wconf 80' lang='lat' dir='ltr'>propria</span> <span class='ocrx_word' id='word_1_11' title='bbox 1964 1635 2188 1701; x_wconf 84' lang='lat' dir='ltr'>immateriale</span> <span class='ocrx_word' id='word_1_12' title='bbox 2220 1635 2401 1702; x_wconf 86' lang='lat' dir='ltr'>immutare</span> <span class='ocrx_word' id='word_1_13' title='bbox 2431 1658 2504 1702; x_wconf 90' lang='lat' dir='ltr'>non</span> 
     </span>
     <span class='ocr_line' id='line_1_3' title="bbox 1029 1749 2503 1837; baseline -0.001 -21"><span class='ocrx_word' id='word_1_14' title='bbox 1029 1763 1160 1837; x_wconf 83' lang='lat' dir='ltr'>posset,</span> <span class='ocrx_word' id='word_1_15' title='bbox 1198 1751 1371 1817; x_wconf 83' lang='lat' dir='ltr'>videretur</span> <span class='ocrx_word' id='word_1_16' title='bbox 1404 1752 1498 1835; x_wconf 84' lang='lat' dir='ltr'>quud</span> <span class='ocrx_word' id='word_1_17' title='bbox 1531 1752 1674 1815; x_wconf 78' lang='lat' dir='ltr'>deberet</span> <span class='ocrx_word' id='word_1_18' title='bbox 1706 1751 1789 1836; x_wconf 85' lang='lat' dir='ltr'>puni</span> <span class='ocrx_word' id='word_1_19' title='bbox 1822 1751 1937 1834; x_wconf 82' lang='lat' dir='ltr'>aliqua</span> <span class='ocrx_word' id='word_1_20' title='bbox 1970 1751 2076 1815; x_wconf 79' lang='lat' dir='ltr'>virtus</span> <span class='ocrx_word' id='word_1_21' title='bbox 2112 1750 2223 1815; x_wconf 86' lang='lat' dir='ltr'>activa</span> <span class='ocrx_word' id='word_1_22' title='bbox 2254 1749 2370 1835; x_wconf 87' lang='lat' dir='ltr'>aliquo</span> <span class='ocrx_word' id='word_1_23' title='bbox 2398 1751 2503 1816; x_wconf 88' lang='lat' dir='ltr'>modo</span> 
     </span>
     <span class='ocr_line' id='line_1_4' title="bbox 1030 1865 2505 1951; baseline 0 -21"><span class='ocrx_word' id='word_1_24' title='bbox 1030 1865 1207 1951; x_wconf 84' lang='lat' dir='ltr'>pertinens</span> <span class='ocrx_word' id='word_1_25' title='bbox 1246 1867 1290 1929; x_wconf 92' lang='lat' dir='ltr'>ad</span> <span class='ocrx_word' id='word_1_26' title='bbox 1331 1867 1553 1929; x_wconf 82' lang='lat' dir='ltr'>voluntatem.</span> <span class='ocrx_word' id='word_1_27' title='bbox 1603 1866 1673 1930; x_wconf 81' lang='lat' dir='ltr'>Sed</span> <span class='ocrx_word' id='word_1_28' title='bbox 1717 1865 1798 1948; x_wconf 78' lang='lat' dir='ltr'>quia</span> <span class='ocrx_word' id='word_1_29' title='bbox 1844 1887 1899 1930; x_wconf 90' lang='lat' dir='ltr'>res</span> <span class='ocrx_word' id='word_1_30' title='bbox 1945 1886 2187 1950; x_wconf 81' lang='lat' dir='ltr'>quaecumque</span> <span class='ocrx_word' id='word_1_31' title='bbox 2234 1888 2305 1930; x_wconf 88' lang='lat' dir='ltr'>non</span> <span class='ocrx_word' id='word_1_32' title='bbox 2349 1865 2505 1930; x_wconf 86' lang='lat' dir='ltr'>immutat</span> 
     </span>
     <span class='ocr_line' id='line_1_5' title="bbox 1029 1978 2504 2064; baseline 0.001 -21"><span class='ocrx_word' id='word_1_33' title='bbox 1029 1980 1241 2045; x_wconf 80' lang='lat' dir='ltr'>voluntatem</span> <span class='ocrx_word' id='word_1_34' title='bbox 1281 1978 1346 2043; x_wconf 87' lang='lat' dir='ltr'>nisi</span> <span class='ocrx_word' id='word_1_35' title='bbox 1389 1981 1619 2064; x_wconf 83' lang='lat' dir='ltr'>apprehensa,</span> <span class='ocrx_word' id='word_1_36' title='bbox 1667 1981 1711 2043; x_wconf 90' lang='lat' dir='ltr'>ad</span> <span class='ocrx_word' id='word_1_37' title='bbox 1753 1982 1821 2043; x_wconf 79' lang='lat' dir='ltr'>linc</span> <span class='ocrx_word' id='word_1_38' title='bbox 1867 1989 1981 2044; x_wconf 86' lang='lat' dir='ltr'>autem</span> <span class='ocrx_word' id='word_1_39' title='bbox 2030 1981 2123 2064; x_wconf 80' lang='lat' dir='ltr'>quud</span> <span class='ocrx_word' id='word_1_40' title='bbox 2163 1981 2289 2044; x_wconf 85' lang='lat' dir='ltr'>babeat</span> <span class='ocrx_word' id='word_1_41' title='bbox 2335 1980 2504 2045; x_wconf 85' lang='lat' dir='ltr'>rationem</span> 
     </span>
     <span class='ocr_line' id='line_1_6' title="bbox 1030 2093 2505 2179; baseline 0 -20"><span class='ocrx_word' id='word_1_42' title='bbox 1030 2094 1201 2159; x_wconf 85' lang='lat' dir='ltr'>moventis</span> <span class='ocrx_word' id='word_1_43' title='bbox 1233 2105 1394 2178; x_wconf 79' lang='lat' dir='ltr'>respectu</span> <span class='ocrx_word' id='word_1_44' title='bbox 1433 2093 1607 2178; x_wconf 82' lang='lat' dir='ltr'>appetitus</span> <span class='ocrx_word' id='word_1_45' title='bbox 1644 2093 1886 2167; x_wconf 75' lang='lat' dir='ltr'>immaterialis,</span> <span class='ocrx_word' id='word_1_46' title='bbox 1919 2093 2046 2158; x_wconf 85' lang='lat' dir='ltr'>suflicit</span> <span class='ocrx_word' id='word_1_47' title='bbox 2083 2095 2177 2178; x_wconf 86' lang='lat' dir='ltr'>quod</span> <span class='ocrx_word' id='word_1_48' title='bbox 2210 2093 2252 2159; x_wconf 83' lang='lat' dir='ltr'>sit</span> <span class='ocrx_word' id='word_1_49' title='bbox 2284 2097 2505 2179; x_wconf 88' lang='lat' dir='ltr'>apprehensa</span> 
     </span>
     <span class='ocr_line' id='line_1_7' title="bbox 1030 2207 2506 2292; baseline 0 -19"><span class='ocrx_word' id='word_1_50' title='bbox 1030 2231 1050 2273; x_wconf 87' lang='lat' dir='ltr'>a</span> <span class='ocrx_word' id='word_1_51' title='bbox 1082 2209 1206 2273; x_wconf 86' lang='lat' dir='ltr'>virtute</span> <span class='ocrx_word' id='word_1_52' title='bbox 1246 2208 1501 2292; x_wconf 81' lang='lat' dir='ltr'>apprehensiva</span> <span class='ocrx_word' id='word_1_53' title='bbox 1539 2207 1763 2287; x_wconf 79' lang='lat' dir='ltr'>immateriali,</span> <span class='ocrx_word' id='word_1_54' title='bbox 1796 2209 1841 2271; x_wconf 90' lang='lat' dir='ltr'>ad</span> <span class='ocrx_word' id='word_1_55' title='bbox 1876 2210 1945 2273; x_wconf 86' lang='lat' dir='ltr'>lmc</span> <span class='ocrx_word' id='word_1_56' title='bbox 1981 2220 2094 2273; x_wconf 74' lang='lat' dir='ltr'>rudem</span> <span class='ocrx_word' id='word_1_57' title='bbox 2130 2210 2225 2292; x_wconf 84' lang='lat' dir='ltr'>quod</span> <span class='ocrx_word' id='word_1_58' title='bbox 2257 2209 2506 2274; x_wconf 87' lang='lat' dir='ltr'>convenienter</span> 
     </span>
     <span class='ocr_line' id='line_1_8' title="bbox 1030 2320 2505 2408; baseline 0 -21"><span class='ocrx_word' id='word_1_59' title='bbox 1030 2323 1313 2408; x_wconf 78' lang='lat' dir='ltr'>apprehendatur</span> <span class='ocrx_word' id='word_1_60' title='bbox 1347 2344 1367 2384; x_wconf 91' lang='lat' dir='ltr'>a</span> <span class='ocrx_word' id='word_1_61' title='bbox 1398 2320 1455 2385; x_wconf 89' lang='lat' dir='ltr'>tali</span> <span class='ocrx_word' id='word_1_62' title='bbox 1490 2321 1614 2386; x_wconf 79' lang='lat' dir='ltr'>virtute</span> <span class='ocrx_word' id='word_1_63' title='bbox 1647 2321 1902 2405; x_wconf 77' lang='lat' dir='ltr'>apprelrensiva</span> <span class='ocrx_word' id='word_1_64' title='bbox 1933 2320 2148 2385; x_wconf 80' lang='lat' dir='ltr'>immateriali</span> <span class='ocrx_word' id='word_1_65' title='bbox 2179 2321 2357 2387; x_wconf 77' lang='lat' dir='ltr'>sufiiciunt</span> <span class='ocrx_word' id='word_1_66' title='bbox 2393 2322 2505 2388; x_wconf 89' lang='lat' dir='ltr'>dictae</span> 
     </span>
     <span class='ocr_line' id='line_1_9' title="bbox 1029 2434 2568 2522; baseline -0.002 -20"><span class='ocrx_word' id='word_1_67' title='bbox 1029 2436 1207 2522; x_wconf 83' lang='lat' dir='ltr'>potentiae</span> <span class='ocrx_word' id='word_1_68' title='bbox 1232 2436 1436 2513; x_wconf 86' lang='lat' dir='ltr'>intellectus,</span> <span class='ocrx_word' id='word_1_69' title='bbox 1464 2475 1502 2481; x_wconf 93' lang='lat'>--</span> <span class='ocrx_word' id='word_1_70' title='bbox 1529 2434 1608 2498; x_wconf 84' lang='lat' dir='ltr'>iden</span> <span class='ocrx_word' id='word_1_71' title='bbox 1637 2435 1727 2498; x_wconf 79' lang='lat' dir='ltr'>sieut</span> <span class='ocrx_word' id='word_1_72' title='bbox 1759 2434 1786 2497; x_wconf 89' lang='lat' dir='ltr'>si</span> <span class='ocrx_word' id='word_1_73' title='bbox 1820 2435 2029 2499; x_wconf 81' lang='lat' dir='ltr'>intellectum</span> <span class='ocrx_word' id='word_1_74' title='bbox 2056 2436 2256 2520; x_wconf 83' lang='lat' dir='ltr'>passibilem</span> <span class='ocrx_word' id='word_1_75' title='bbox 2283 2446 2427 2521; x_wconf 81' lang='lat' dir='ltr'>possent</span> <span class='ocrx_word' id='word_1_76' title='bbox 2451 2459 2505 2502; x_wconf 87' lang='lat' dir='ltr'>res</span> <span class='ocrx_word' id='word_1_77' title='bbox 2566 2478 2568 2481; x_wconf 94' lang='lat'>-</span> 
     </span>
     <span class='ocr_line' id='line_1_10' title="bbox 1030 2549 2506 2635; baseline -0.001 -20"><span class='ocrx_word' id='word_1_78' title='bbox 1030 2550 1225 2616; x_wconf 83' lang='lat' dir='ltr'>materiales</span> <span class='ocrx_word' id='word_1_79' title='bbox 1257 2550 1436 2613; x_wconf 85' lang='lat' dir='ltr'>immutare</span> <span class='ocrx_word' id='word_1_80' title='bbox 1469 2550 1661 2613; x_wconf 80' lang='lat' dir='ltr'>secuudum</span> <span class='ocrx_word' id='word_1_81' title='bbox 1699 2572 1737 2613; x_wconf 92' lang='lat' dir='ltr'>se</span> <span class='ocrx_word' id='word_1_82' title='bbox 1769 2549 1841 2612; x_wconf 74' lang='lat' dir='ltr'>sire</span> <span class='ocrx_word' id='word_1_83' title='bbox 1878 2549 2001 2613; x_wconf 82' lang='lat' dir='ltr'>rirtute</span> <span class='ocrx_word' id='word_1_84' title='bbox 2038 2549 2186 2634; x_wconf 71' lang='lat' dir='ltr'>prppria.</span> <span class='ocrx_word' id='word_1_85' title='bbox 2213 2573 2283 2613; x_wconf 90' lang='lat' dir='ltr'>mm</span> <span class='ocrx_word' id='word_1_86' title='bbox 2320 2563 2506 2635; x_wconf 81' lang='lat' dir='ltr'>poneretur</span> 
     </span>
     <span class='ocr_line' id='line_1_11' title="bbox 1030 2662 2505 2750; baseline -0.001 -21"><span class='ocrx_word' id='word_1_87' title='bbox 1030 2665 1225 2730; x_wconf 81' lang='lat' dir='ltr'>intellectus</span> <span class='ocrx_word' id='word_1_88' title='bbox 1264 2685 1385 2750; x_wconf 62' lang='lat' dir='ltr'>agens</span> <span class='ocrx_word' id='word_1_89' title='bbox 1421 2663 1467 2727; x_wconf 91' lang='lat' dir='ltr'>ita</span> <span class='ocrx_word' id='word_1_90' title='bbox 1502 2662 1604 2727; x_wconf 90' lang='lat' dir='ltr'>etiam</span> <span class='ocrx_word' id='word_1_91' title='bbox 1637 2685 1716 2727; x_wconf 83' lang='lat' dir='ltr'>eum</span> <span class='ocrx_word' id='word_1_92' title='bbox 1749 2687 1804 2727; x_wconf 85' lang='lat' dir='ltr'>res</span> <span class='ocrx_word' id='word_1_93' title='bbox 1840 2665 2034 2727; x_wconf 65' lang='lat' dir='ltr'>seeundum</span> <span class='ocrx_word' id='word_1_94' title='bbox 2075 2664 2168 2747; x_wconf 77' lang='lat' dir='ltr'>‹pmrl</span> <span class='ocrx_word' id='word_1_95' title='bbox 2204 2667 2425 2748; x_wconf 74' lang='lat' dir='ltr'>apprehensa</span> <span class='ocrx_word' id='word_1_96' title='bbox 2461 2667 2505 2728; x_wconf 87' lang='lat' dir='ltr'>ab</span> 
     </span>
     <span class='ocr_line' id='line_1_12' title="bbox 1030 2776 2505 2863; baseline 0 -20"><span class='ocrx_word' id='word_1_97' title='bbox 1030 2779 1205 2843; x_wconf 81' lang='lat' dir='ltr'>intellectu</span> <span class='ocrx_word' id='word_1_98' title='bbox 1238 2777 1350 2863; x_wconf 79' lang='lat' dir='ltr'>pessit</span> <span class='ocrx_word' id='word_1_99' title='bbox 1381 2799 1521 2841; x_wconf 72' lang='lat' dir='ltr'>inuuere</span> <span class='ocrx_word' id='word_1_100' title='bbox 1553 2777 1777 2847; x_wconf 74' lang='lat' dir='ltr'>voluntatem,</span> <span class='ocrx_word' id='word_1_101' title='bbox 1812 2799 1883 2840; x_wconf 83' lang='lat' dir='ltr'>nun</span> <span class='ocrx_word' id='word_1_102' title='bbox 1923 2776 2106 2860; x_wconf 83' lang='lat' dir='ltr'>requiritur</span> <span class='ocrx_word' id='word_1_103' title='bbox 2142 2779 2184 2841; x_wconf 92' lang='lat' dir='ltr'>ad</span> <span class='ocrx_word' id='word_1_104' title='bbox 2217 2779 2304 2842; x_wconf 76' lang='lat' dir='ltr'>velle</span> <span class='ocrx_word' id='word_1_105' title='bbox 2340 2789 2505 2863; x_wconf 86' lang='lat' dir='ltr'>appetere</span> 
     </span>
     <span class='ocr_line' id='line_1_13' title="bbox 1031 2891 2506 2975; baseline 0 -18"><span class='ocrx_word' id='word_1_106' title='bbox 1031 2895 1084 2958; x_wconf 79' lang='lat' dir='ltr'>vel</span> <span class='ocrx_word' id='word_1_107' title='bbox 1113 2914 1228 2957; x_wconf 89' lang='lat' dir='ltr'>amare</span> <span class='ocrx_word' id='word_1_108' title='bbox 1257 2891 1321 2956; x_wconf 88' lang='lat' dir='ltr'>nisi</span> <span class='ocrx_word' id='word_1_109' title='bbox 1352 2913 1421 2955; x_wconf 89' lang='lat' dir='ltr'>una</span> <span class='ocrx_word' id='word_1_110' title='bbox 1450 2891 1604 2975; x_wconf 82' lang='lat' dir='ltr'>putentia</span> <span class='ocrx_word' id='word_1_111' title='bbox 1633 2914 1672 2954; x_wconf 78' lang='lat' dir='ltr'>ex</span> <span class='ocrx_word' id='word_1_112' title='bbox 1704 2904 1799 2975; x_wconf 90' lang='lat' dir='ltr'>parte</span> <span class='ocrx_word' id='word_1_113' title='bbox 1828 2891 2026 2969; x_wconf 75' lang='lat' dir='ltr'>veluntatis,</span> <span class='ocrx_word' id='word_1_114' title='bbox 2060 2891 2132 2955; x_wconf 76' lang='lat' dir='ltr'>sire</span> <span class='ocrx_word' id='word_1_115' title='bbox 2165 2903 2316 2975; x_wconf 78' lang='lat' dir='ltr'>pariatur</span> <span class='ocrx_word' id='word_1_116' title='bbox 2346 2894 2506 2957; x_wconf 79' lang='lat' dir='ltr'>voluntas</span> 
     </span>
     <span class='ocr_line' id='line_1_14' title="bbox 1030 3005 2506 3092; baseline -0.001 -21"><span class='ocrx_word' id='word_1_117' title='bbox 1030 3007 1186 3092; x_wconf 83' lang='lat' dir='ltr'>putentia</span> <span class='ocrx_word' id='word_1_118' title='bbox 1218 3006 1268 3069; x_wconf 81' lang='lat' dir='ltr'>sic</span> <span class='ocrx_word' id='word_1_119' title='bbox 1302 3005 1441 3090; x_wconf 80' lang='lat' dir='ltr'>passiva</span> <span class='ocrx_word' id='word_1_120' title='bbox 1472 3005 1564 3088; x_wconf 74' lang='lat' dir='ltr'>quml</span> <span class='ocrx_word' id='word_1_121' title='bbox 1594 3027 1656 3089; x_wconf 89' lang='lat' dir='ltr'>per</span> <span class='ocrx_word' id='word_1_122' title='bbox 1688 3006 1829 3068; x_wconf 80' lang='lat' dir='ltr'>molum</span> <span class='ocrx_word' id='word_1_123' title='bbox 1859 3006 1995 3087; x_wconf 75' lang='lat' dir='ltr'>passivi</span> <span class='ocrx_word' id='word_1_124' title='bbox 2030 3007 2073 3068; x_wconf 88' lang='lat' dir='ltr'>ab</span> <span class='ocrx_word' id='word_1_125' title='bbox 2110 3005 2249 3069; x_wconf 78' lang='lat' dir='ltr'>obiectu</span> <span class='ocrx_word' id='word_1_126' title='bbox 2285 3008 2506 3091; x_wconf 83' lang='lat' dir='ltr'>apprehenso</span> 
     </span>
     <span class='ocr_line' id='line_1_15' title="bbox 1030 3107 2507 3207; baseline -0.001 -22"><span class='ocrx_word' id='word_1_127' title='bbox 1030 3108 1219 3199; x_wconf 74' lang='lat' dir='ltr'>armentur,</span> <span class='ocrx_word' id='word_1_128' title='bbox 1256 3119 1335 3184; x_wconf 87' lang='lat' dir='ltr'>licet</span> <span class='ocrx_word' id='word_1_129' title='bbox 1371 3118 1472 3207; x_wconf 82' lang='lat' dir='ltr'>etiam</span> <span class='ocrx_word' id='word_1_130' title='bbox 1509 3118 1620 3183; x_wconf 77' lang='lat' dir='ltr'>activa</span> <span class='ocrx_word' id='word_1_131' title='bbox 1657 3118 1700 3182; x_wconf 85' lang='lat' dir='ltr'>sit</span> <span class='ocrx_word' id='word_1_132' title='bbox 1735 3119 1911 3182; x_wconf 82' lang='lat' dir='ltr'>rnnvemlu</span> <span class='ocrx_word' id='word_1_133' title='bbox 1948 3140 2070 3182; x_wconf 79' lang='lat' dir='ltr'>amnes</span> <span class='ocrx_word' id='word_1_134' title='bbox 2111 3107 2284 3204; x_wconf 83' lang='lat' dir='ltr'>potentias</span> <span class='ocrx_word' id='word_1_135' title='bbox 2324 3119 2408 3184; x_wconf 85' lang='lat' dir='ltr'>alias</span> <span class='ocrx_word' id='word_1_136' title='bbox 2446 3142 2507 3204; x_wconf 87' lang='lat' dir='ltr'>per</span> 
     </span>
     <span class='ocr_line' id='line_1_16' title="bbox 1030 3231 2507 3320; baseline 0.001 -22"><span class='ocrx_word' id='word_1_137' title='bbox 1030 3235 1171 3299; x_wconf 85' lang='lat' dir='ltr'>modum</span> <span class='ocrx_word' id='word_1_138' title='bbox 1198 3232 1334 3320; x_wconf 72' lang='lat' dir='ltr'>agentis</span> <span class='ocrx_word' id='word_1_139' title='bbox 1359 3244 1393 3296; x_wconf 91' lang='lat' dir='ltr'>et</span> <span class='ocrx_word' id='word_1_140' title='bbox 1417 3234 1460 3296; x_wconf 89' lang='lat' dir='ltr'>ad</span> <span class='ocrx_word' id='word_1_141' title='bbox 1486 3254 1569 3296; x_wconf 86' lang='lat' dir='ltr'>suos</span> <span class='ocrx_word' id='word_1_142' title='bbox 1594 3244 1693 3296; x_wconf 85' lang='lat' dir='ltr'>actus</span> <span class='ocrx_word' id='word_1_143' title='bbox 1714 3231 1931 3316; x_wconf 83' lang='lat' dir='ltr'>impellentis,</span> <span class='ocrx_word' id='word_1_144' title='bbox 1951 3233 2024 3296; x_wconf 81' lang='lat' dir='ltr'>sive</span> <span class='ocrx_word' id='word_1_145' title='bbox 2049 3233 2092 3296; x_wconf 90' lang='lat' dir='ltr'>sit</span> <span class='ocrx_word' id='word_1_146' title='bbox 2112 3233 2224 3297; x_wconf 74' lang='lat' dir='ltr'>activa</span> <span class='ocrx_word' id='word_1_147' title='bbox 2249 3235 2343 3317; x_wconf 79' lang='lat' dir='ltr'>(prod</span> <span class='ocrx_word' id='word_1_148' title='bbox 2368 3245 2507 3298; x_wconf 74' lang='lat' dir='ltr'>moveat</span> 
     </span>
     <span class='ocr_line' id='line_1_17' title="bbox 1031 3346 1779 3433; baseline 0 -21"><span class='ocrx_word' id='word_1_149' title='bbox 1031 3370 1068 3412; x_wconf 87' lang='lat' dir='ltr'>se</span> <span class='ocrx_word' id='word_1_150' title='bbox 1094 3347 1203 3433; x_wconf 87' lang='lat' dir='ltr'>ipsam</span> <span class='ocrx_word' id='word_1_151' title='bbox 1230 3348 1273 3410; x_wconf 91' lang='lat' dir='ltr'>ad</span> <span class='ocrx_word' id='word_1_152' title='bbox 1299 3346 1473 3411; x_wconf 85' lang='lat' dir='ltr'>obiectum</span> <span class='ocrx_word' id='word_1_153' title='bbox 1499 3348 1779 3430; x_wconf 83' lang='lat' dir='ltr'>apprehensum..</span> 
     </span>
    </p>

    <p class='ocr_par' dir='ltr' id='par_1_3' title="bbox 1031 3460 2507 3774">
     <span class='ocr_line' id='line_1_18' title="bbox 1119 3460 2507 3544; baseline 0 -18"><span class='ocrx_word' id='word_1_154' title='bbox 1119 3462 1216 3526; x_wconf 78' lang='lat' dir='ltr'>Sicut</span> <span class='ocrx_word' id='word_1_155' title='bbox 1234 3460 1324 3525; x_wconf 89' lang='lat' dir='ltr'>enirn</span> <span class='ocrx_word' id='word_1_156' title='bbox 1343 3460 1467 3524; x_wconf 84' lang='lat' dir='ltr'>dicitur</span> <span class='ocrx_word' id='word_1_157' title='bbox 1484 3461 1577 3542; x_wconf 79' lang='lat' dir='ltr'>rprml</span> <span class='ocrx_word' id='word_1_158' title='bbox 1599 3460 1679 3543; x_wconf 63' lang='lat' dir='ltr'>traria</span> <span class='ocrx_word' id='word_1_159' title='bbox 1697 3460 1874 3523; x_wconf 72' lang='lat' dir='ltr'>sensibilia</span> <span class='ocrx_word' id='word_1_160' title='bbox 1892 3472 1986 3523; x_wconf 82' lang='lat' dir='ltr'>extra</span> <span class='ocrx_word' id='word_1_161' title='bbox 2005 3475 2152 3544; x_wconf 82' lang='lat' dir='ltr'>pussrmt</span> <span class='ocrx_word' id='word_1_162' title='bbox 2178 3485 2219 3524; x_wconf 82' lang='lat' dir='ltr'>ex</span> <span class='ocrx_word' id='word_1_163' title='bbox 2237 3484 2275 3525; x_wconf 84' lang='lat' dir='ltr'>se</span> <span class='ocrx_word' id='word_1_164' title='bbox 2292 3462 2507 3527; x_wconf 80' lang='lat' dir='ltr'>sufficienter</span> 
     </span>
     <span class='ocr_line' id='line_1_19' title="bbox 1031 3568 2506 3659; baseline 0.001 -20"><span class='ocrx_word' id='word_1_165' title='bbox 1031 3597 1170 3640; x_wconf 73' lang='lat' dir='ltr'>inurere</span> <span class='ocrx_word' id='word_1_166' title='bbox 1196 3586 1229 3639; x_wconf 79' lang='lat' dir='ltr'>et</span> <span class='ocrx_word' id='word_1_167' title='bbox 1253 3574 1433 3638; x_wconf 84' lang='lat' dir='ltr'>immutare</span> <span class='ocrx_word' id='word_1_168' title='bbox 1459 3574 1616 3638; x_wconf 83' lang='lat' dir='ltr'>virtutem</span> <span class='ocrx_word' id='word_1_169' title='bbox 1650 3573 1850 3637; x_wconf 72' lang='lat' dir='ltr'>sensitivam</span> <span class='ocrx_word' id='word_1_170' title='bbox 1887 3574 2071 3658; x_wconf 59' lang='lat' dir='ltr'>tussitarn,</span> <span class='ocrx_word' id='word_1_171' title='bbox 2096 3586 2129 3637; x_wconf 86' lang='lat' dir='ltr'>et</span> <span class='ocrx_word' id='word_1_172' title='bbox 2154 3568 2233 3640; x_wconf 81' lang='lat' dir='ltr'>iden</span> <span class='ocrx_word' id='word_1_173' title='bbox 2259 3597 2330 3638; x_wconf 82' lang='lat' dir='ltr'>nou</span> <span class='ocrx_word' id='word_1_174' title='bbox 2366 3575 2506 3659; x_wconf 84' lang='lat' dir='ltr'>ponitur</span> 
     </span>
     <span class='ocr_line' id='line_1_20' title="bbox 1031 3686 2507 3774; baseline -0.001 -19"><span class='ocrx_word' id='word_1_175' title='bbox 1031 3687 1259 3755; x_wconf 85' lang='lat' dir='ltr'>communiter</span> <span class='ocrx_word' id='word_1_176' title='bbox 1275 3709 1400 3751; x_wconf 86' lang='lat' dir='ltr'>sensus</span> <span class='ocrx_word' id='word_1_177' title='bbox 1426 3708 1546 3771; x_wconf 68' lang='lat' dir='ltr'>agens,</span> <span class='ocrx_word' id='word_1_178' title='bbox 1565 3686 1637 3751; x_wconf 83' lang='lat' dir='ltr'>sive</span> <span class='ocrx_word' id='word_1_179' title='bbox 1663 3687 1696 3749; x_wconf 83' lang='lat' dir='ltr'>in</span> <span class='ocrx_word' id='word_1_180' title='bbox 1723 3709 1828 3751; x_wconf 90' lang='lat' dir='ltr'>sensu</span> <span class='ocrx_word' id='word_1_181' title='bbox 1855 3709 1924 3751; x_wconf 82' lang='lat' dir='ltr'>nun</span> <span class='ocrx_word' id='word_1_182' title='bbox 1950 3687 2090 3772; x_wconf 81' lang='lat' dir='ltr'>punitur</span> <span class='ocrx_word' id='word_1_183' title='bbox 2115 3709 2192 3752; x_wconf 90' lang='lat' dir='ltr'>eum</span> <span class='ocrx_word' id='word_1_184' title='bbox 2217 3689 2341 3754; x_wconf 80' lang='lat' dir='ltr'>virtute</span> <span class='ocrx_word' id='word_1_185' title='bbox 2366 3689 2507 3774; x_wconf 84' lang='lat' dir='ltr'>passiva</span> 
     </span>
    </p>
   </div>
   <div class='ocr_carea' id='block_1_3' title="bbox 1029 3800 2507 4000">
    <p class='ocr_par' dir='ltr' id='par_1_4' title="bbox 1029 3800 2507 4000">
     <span class='ocr_line' id='line_1_21' title="bbox 1029 3800 2507 3885; baseline 0.001 -19"><span class='ocrx_word' id='word_1_186' title='bbox 1029 3802 1136 3867; x_wconf 80' lang='lat' dir='ltr'>virtus</span> <span class='ocrx_word' id='word_1_187' title='bbox 1168 3800 1333 3866; x_wconf 86' lang='lat' dir='ltr'>sensitiva</span> <span class='ocrx_word' id='word_1_188' title='bbox 1364 3801 1485 3877; x_wconf 79' lang='lat' dir='ltr'>activa,</span> <span class='ocrx_word' id='word_1_189' title='bbox 1517 3800 1597 3865; x_wconf 89' lang='lat' dir='ltr'>licet</span> <span class='ocrx_word' id='word_1_190' title='bbox 1627 3800 1730 3884; x_wconf 85' lang='lat' dir='ltr'>aliqui</span> <span class='ocrx_word' id='word_1_191' title='bbox 1762 3812 1894 3885; x_wconf 82' lang='lat' dir='ltr'>panant</span> <span class='ocrx_word' id='word_1_192' title='bbox 1927 3801 2135 3865; x_wconf 76' lang='lat' dir='ltr'>centrarium</span> <span class='ocrx_word' id='word_1_193' title='bbox 2169 3814 2202 3866; x_wconf 91' lang='lat' dir='ltr'>et</span> <span class='ocrx_word' id='word_1_194' title='bbox 2233 3815 2358 3881; x_wconf 80' lang='lat' dir='ltr'>cetera,</span> <span class='ocrx_word' id='word_1_195' title='bbox 2391 3842 2431 3849; x_wconf 88' lang='lat'>—</span> <span class='ocrx_word' id='word_1_196' title='bbox 2461 3803 2507 3867; x_wconf 90' lang='lat' dir='ltr'>ita</span> 
     </span>
     <span class='ocr_line' id='line_1_22' title="bbox 1030 3913 2507 4000; baseline 0 -20"><span class='ocrx_word' id='word_1_197' title='bbox 1030 3938 1102 3980; x_wconf 89' lang='lat' dir='ltr'>non</span> <span class='ocrx_word' id='word_1_198' title='bbox 1143 3926 1195 3979; x_wconf 86' lang='lat' dir='ltr'>est</span> <span class='ocrx_word' id='word_1_199' title='bbox 1234 3915 1400 4000; x_wconf 89' lang='lat' dir='ltr'>ponenda</span> <span class='ocrx_word' id='word_1_200' title='bbox 1439 3913 1505 3977; x_wconf 84' lang='lat' dir='ltr'>nisi</span> <span class='ocrx_word' id='word_1_201' title='bbox 1547 3935 1617 3977; x_wconf 92' lang='lat' dir='ltr'>una</span> <span class='ocrx_word' id='word_1_202' title='bbox 1657 3913 1811 3998; x_wconf 82' lang='lat' dir='ltr'>putentia</span> <span class='ocrx_word' id='word_1_203' title='bbox 1851 3915 1884 3977; x_wconf 91' lang='lat' dir='ltr'>in</span> <span class='ocrx_word' id='word_1_204' title='bbox 1925 3915 2102 3979; x_wconf 82' lang='lat' dir='ltr'>vuluntate</span> <span class='ocrx_word' id='word_1_205' title='bbox 2143 3937 2232 3999; x_wconf 83' lang='lat' dir='ltr'>(prae</span> <span class='ocrx_word' id='word_1_206' title='bbox 2266 3929 2319 3980; x_wconf 82' lang='lat' dir='ltr'>est</span> <span class='ocrx_word' id='word_1_207' title='bbox 2358 3915 2507 3981; x_wconf 89' lang='lat' dir='ltr'>dicenda</span> 
     </span>
    </p>
   </div>
   <div class='ocr_carea' id='block_1_4' title="bbox 1030 4028 2510 5485">
    <p class='ocr_par' dir='ltr' id='par_1_5' title="bbox 1030 4028 2508 4682">
     <span class='ocr_line' id='line_1_23' title="bbox 1031 4028 2508 4114; baseline -0.001 -19"><span class='ocrx_word' id='word_1_208' title='bbox 1031 4029 1144 4095; x_wconf 86' lang='lat' dir='ltr'>activa</span> <span class='ocrx_word' id='word_1_209' title='bbox 1161 4030 1215 4094; x_wconf 84' lang='lat' dir='ltr'>vel</span> <span class='ocrx_word' id='word_1_210' title='bbox 1240 4028 1388 4113; x_wconf 84' lang='lat' dir='ltr'>passiva,</span> <span class='ocrx_word' id='word_1_211' title='bbox 1414 4029 1468 4093; x_wconf 82' lang='lat' dir='ltr'>vel</span> <span class='ocrx_word' id='word_1_212' title='bbox 1493 4028 1609 4111; x_wconf 80' lang='lat' dir='ltr'>aliquo</span> <span class='ocrx_word' id='word_1_213' title='bbox 1634 4028 1741 4090; x_wconf 82' lang='lat' dir='ltr'>mmlu</span> <span class='ocrx_word' id='word_1_214' title='bbox 1767 4028 1879 4092; x_wconf 82' lang='lat' dir='ltr'>activa</span> <span class='ocrx_word' id='word_1_215' title='bbox 1904 4039 1937 4093; x_wconf 87' lang='lat' dir='ltr'>et</span> <span class='ocrx_word' id='word_1_216' title='bbox 1962 4029 2076 4112; x_wconf 77' lang='lat' dir='ltr'>aliqua</span> <span class='ocrx_word' id='word_1_217' title='bbox 2095 4031 2200 4092; x_wconf 84' lang='lat' dir='ltr'>mmlu</span> <span class='ocrx_word' id='word_1_218' title='bbox 2222 4029 2361 4114; x_wconf 80' lang='lat' dir='ltr'>passiva</span> <span class='ocrx_word' id='word_1_219' title='bbox 2385 4051 2508 4095; x_wconf 86' lang='lat' dir='ltr'>secun·</span> 
     </span>
     <span class='ocr_line' id='line_1_24' title="bbox 1031 4142 2508 4227; baseline 0.001 -19"><span class='ocrx_word' id='word_1_220' title='bbox 1031 4144 1113 4208; x_wconf 91' lang='lat' dir='ltr'>dum</span> <span class='ocrx_word' id='word_1_221' title='bbox 1144 4144 1239 4227; x_wconf 81' lang='lat' dir='ltr'>quod</span> <span class='ocrx_word' id='word_1_222' title='bbox 1271 4142 1338 4207; x_wconf 87' lang='lat' dir='ltr'>iam</span> <span class='ocrx_word' id='word_1_223' title='bbox 1370 4142 1500 4206; x_wconf 89' lang='lat' dir='ltr'>dietum</span> <span class='ocrx_word' id='word_1_224' title='bbox 1529 4154 1590 4221; x_wconf 77' lang='lat' dir='ltr'>est,</span> <span class='ocrx_word' id='word_1_225' title='bbox 1620 4143 1673 4206; x_wconf 77' lang='lat' dir='ltr'>vel</span> <span class='ocrx_word' id='word_1_226' title='bbox 1704 4143 1898 4206; x_wconf 85' lang='lat' dir='ltr'>secundum</span> <span class='ocrx_word' id='word_1_227' title='bbox 1931 4144 2025 4226; x_wconf 80' lang='lat' dir='ltr'>quud</span> <span class='ocrx_word' id='word_1_228' title='bbox 2057 4143 2288 4208; x_wconf 75' lang='lat' dir='ltr'>diversinmde</span> <span class='ocrx_word' id='word_1_229' title='bbox 2321 4144 2411 4209; x_wconf 88' lang='lat' dir='ltr'>circa</span> <span class='ocrx_word' id='word_1_230' title='bbox 2440 4146 2508 4210; x_wconf 85' lang='lat' dir='ltr'>lmc</span> 
     </span>
     <span class='ocr_line' id='line_1_25' title="bbox 1031 4256 2508 4340; baseline 0.002 -19"><span class='ocrx_word' id='word_1_231' title='bbox 1031 4257 1185 4322; x_wconf 87' lang='lat' dir='ltr'>sentiunt</span> <span class='ocrx_word' id='word_1_232' title='bbox 1216 4256 1330 4340; x_wconf 85' lang='lat' dir='ltr'>aliqui.</span> <span class='ocrx_word' id='word_1_233' title='bbox 1363 4257 1485 4322; x_wconf 84' lang='lat' dir='ltr'>Utrum</span> <span class='ocrx_word' id='word_1_234' title='bbox 1518 4268 1632 4320; x_wconf 86' lang='lat' dir='ltr'>autem</span> <span class='ocrx_word' id='word_1_235' title='bbox 1666 4258 1734 4320; x_wconf 87' lang='lat' dir='ltr'>lme</span> <span class='ocrx_word' id='word_1_236' title='bbox 1770 4256 1911 4319; x_wconf 85' lang='lat' dir='ltr'>ulterius</span> <span class='ocrx_word' id='word_1_237' title='bbox 1944 4257 2116 4321; x_wconf 77' lang='lat' dir='ltr'>dividatur</span> <span class='ocrx_word' id='word_1_238' title='bbox 2156 4258 2188 4320; x_wconf 90' lang='lat' dir='ltr'>in</span> <span class='ocrx_word' id='word_1_239' title='bbox 2229 4257 2433 4322; x_wconf 76' lang='lat' dir='ltr'>irascibilem</span> <span class='ocrx_word' id='word_1_240' title='bbox 2475 4269 2508 4324; x_wconf 90' lang='lat' dir='ltr'>et</span> 
     </span>
     <span class='ocr_line' id='line_1_26' title="bbox 1030 4369 2508 4458; baseline 0.001 -22"><span class='ocrx_word' id='word_1_241' title='bbox 1030 4370 1349 4455; x_wconf 84' lang='lat' dir='ltr'>concupiscibilem,</span> <span class='ocrx_word' id='word_1_242' title='bbox 1382 4371 1471 4435; x_wconf 89' lang='lat' dir='ltr'>sicut</span> <span class='ocrx_word' id='word_1_243' title='bbox 1503 4369 1678 4454; x_wconf 83' lang='lat' dir='ltr'>appetitus</span> <span class='ocrx_word' id='word_1_244' title='bbox 1710 4369 1897 4434; x_wconf 76' lang='lat' dir='ltr'>sensitirus</span> <span class='ocrx_word' id='word_1_245' title='bbox 1930 4370 1962 4434; x_wconf 89' lang='lat' dir='ltr'>in</span> <span class='ocrx_word' id='word_1_246' title='bbox 1997 4393 2065 4455; x_wconf 78' lang='lat' dir='ltr'>qun</span> <span class='ocrx_word' id='word_1_247' title='bbox 2098 4394 2168 4435; x_wconf 82' lang='lat' dir='ltr'>nun</span> <span class='ocrx_word' id='word_1_248' title='bbox 2205 4372 2344 4456; x_wconf 72' lang='lat' dir='ltr'>prmitur</span> <span class='ocrx_word' id='word_1_249' title='bbox 2379 4374 2508 4458; x_wconf 89' lang='lat' dir='ltr'>duplex</span> 
     </span>
     <span class='ocr_line' id='line_1_27' title="bbox 1030 4483 2506 4570; baseline 0.002 -21"><span class='ocrx_word' id='word_1_250' title='bbox 1030 4484 1185 4570; x_wconf 88' lang='lat' dir='ltr'>potentia</span> <span class='ocrx_word' id='word_1_251' title='bbox 1218 4484 1328 4569; x_wconf 87' lang='lat' dir='ltr'>primo</span> <span class='ocrx_word' id='word_1_252' title='bbox 1360 4485 1476 4562; x_wconf 82' lang='lat' dir='ltr'>modu,</span> <span class='ocrx_word' id='word_1_253' title='bbox 1501 4483 1632 4549; x_wconf 85' lang='lat' dir='ltr'>seilicet</span> <span class='ocrx_word' id='word_1_254' title='bbox 1657 4484 1767 4547; x_wconf 78' lang='lat' dir='ltr'>activa</span> <span class='ocrx_word' id='word_1_255' title='bbox 1802 4496 1834 4547; x_wconf 94' lang='lat' dir='ltr'>et</span> <span class='ocrx_word' id='word_1_256' title='bbox 1867 4484 2016 4567; x_wconf 75' lang='lat' dir='ltr'>passiva,</span> <span class='ocrx_word' id='word_1_257' title='bbox 2046 4485 2277 4549; x_wconf 65' lang='lat' dir='ltr'>salutii-illitas</span> <span class='ocrx_word' id='word_1_258' title='bbox 2305 4485 2338 4550; x_wconf 92' lang='lat' dir='ltr'>in</span> <span class='ocrx_word' id='word_1_259' title='bbox 2368 4489 2447 4565; x_wconf 86' lang='lat' dir='ltr'>lme,</span> <span class='ocrx_word' id='word_1_260' title='bbox 2467 4526 2506 4533; x_wconf 81' lang='grc'>-</span> 
     </span>
     <span class='ocr_line' id='line_1_28' title="bbox 1030 4598 1546 4682; baseline -0.008 -18"><span class='ocrx_word' id='word_1_261' title='bbox 1030 4601 1074 4664; x_wconf 88' lang='lat' dir='ltr'>de</span> <span class='ocrx_word' id='word_1_262' title='bbox 1099 4600 1166 4664; x_wconf 85' lang='lat' dir='ltr'>huc</span> <span class='ocrx_word' id='word_1_263' title='bbox 1190 4598 1273 4662; x_wconf 83' lang='lat' dir='ltr'>nilril</span> <span class='ocrx_word' id='word_1_264' title='bbox 1298 4599 1341 4661; x_wconf 88' lang='lat' dir='ltr'>ad</span> <span class='ocrx_word' id='word_1_265' title='bbox 1369 4619 1546 4682; x_wconf 85' lang='lat' dir='ltr'>praesens.</span> 
     </span>
    </p>

    <p class='ocr_par' dir='ltr' id='par_1_6' title="bbox 1030 4711 2510 5485">
     <span class='ocr_line' id='line_1_29' title="bbox 1119 4711 2510 4799; baseline 0.001 -23"><span class='ocrx_word' id='word_1_266' title='bbox 1119 4713 1181 4777; x_wconf 86' lang='lat' dir='ltr'>Est</span> <span class='ocrx_word' id='word_1_267' title='bbox 1220 4733 1304 4795; x_wconf 68' lang='lat' dir='ltr'>ergo</span> <span class='ocrx_word' id='word_1_268' title='bbox 1345 4711 1559 4777; x_wconf 84' lang='lat' dir='ltr'>conveniens</span> <span class='ocrx_word' id='word_1_269' title='bbox 1600 4712 1779 4796; x_wconf 79' lang='lat' dir='ltr'>prnpurria</span> <span class='ocrx_word' id='word_1_270' title='bbox 1819 4711 1907 4776; x_wconf 88' lang='lat' dir='ltr'>inter</span> <span class='ocrx_word' id='word_1_271' title='bbox 1945 4713 2155 4777; x_wconf 86' lang='lat' dir='ltr'>intellectum</span> <span class='ocrx_word' id='word_1_272' title='bbox 2201 4726 2397 4778; x_wconf 70' lang='lat' dir='ltr'>numeralem</span> <span class='ocrx_word' id='word_1_273' title='bbox 2448 4737 2510 4799; x_wconf 92' lang='lat' dir='ltr'>per</span> 
     </span>
     <span class='ocr_line' id='line_1_30' title="bbox 1030 4825 2506 4910; baseline 0.001 -20"><span class='ocrx_word' id='word_1_274' title='bbox 1030 4827 1171 4890; x_wconf 85' lang='lat' dir='ltr'>amdam</span> <span class='ocrx_word' id='word_1_275' title='bbox 1204 4825 1283 4889; x_wconf 84' lang='lat' dir='ltr'>finis</span> <span class='ocrx_word' id='word_1_276' title='bbox 1317 4825 1351 4890; x_wconf 91' lang='lat' dir='ltr'>in</span> <span class='ocrx_word' id='word_1_277' title='bbox 1382 4836 1549 4909; x_wconf 82' lang='lat' dir='ltr'>quantum</span> <span class='ocrx_word' id='word_1_278' title='bbox 1582 4826 1813 4910; x_wconf 86' lang='lat' dir='ltr'>apprehendit</span> <span class='ocrx_word' id='word_1_279' title='bbox 1845 4848 1915 4890; x_wconf 89' lang='lat' dir='ltr'>rem</span> <span class='ocrx_word' id='word_1_280' title='bbox 1949 4848 2039 4909; x_wconf 80' lang='lat' dir='ltr'>quae</span> <span class='ocrx_word' id='word_1_281' title='bbox 2072 4838 2124 4891; x_wconf 84' lang='lat' dir='ltr'>est</span> <span class='ocrx_word' id='word_1_282' title='bbox 2157 4827 2234 4891; x_wconf 88' lang='lat' dir='ltr'>linis</span> <span class='ocrx_word' id='word_1_283' title='bbox 2267 4838 2300 4892; x_wconf 92' lang='lat' dir='ltr'>et</span> <span class='ocrx_word' id='word_1_284' title='bbox 2332 4828 2506 4893; x_wconf 79' lang='lat' dir='ltr'>abiectum</span> 
     </span>
     <span class='ocr_line' id='line_1_31' title="bbox 1030 4938 2507 5024; baseline 0.003 -22"><span class='ocrx_word' id='word_1_285' title='bbox 1030 4938 1228 5018; x_wconf 81' lang='lat' dir='ltr'>voluntatis,</span> <span class='ocrx_word' id='word_1_286' title='bbox 1257 4950 1290 5003; x_wconf 87' lang='lat' dir='ltr'>et</span> <span class='ocrx_word' id='word_1_287' title='bbox 1317 4939 1530 5004; x_wconf 85' lang='lat' dir='ltr'>voluntatem</span> <span class='ocrx_word' id='word_1_288' title='bbox 1556 4950 1684 5002; x_wconf 86' lang='lat' dir='ltr'>mutam</span> <span class='ocrx_word' id='word_1_289' title='bbox 1711 4939 1744 5002; x_wconf 88' lang='lat' dir='ltr'>in</span> <span class='ocrx_word' id='word_1_290' title='bbox 1768 4941 1847 5018; x_wconf 77' lang='lat' dir='ltr'>hue,</span> <span class='ocrx_word' id='word_1_291' title='bbox 1873 4941 1967 5023; x_wconf 79' lang='lat' dir='ltr'>quud</span> <span class='ocrx_word' id='word_1_292' title='bbox 1993 4940 2167 5005; x_wconf 79' lang='lat' dir='ltr'>abiectum</span> <span class='ocrx_word' id='word_1_293' title='bbox 2193 4943 2288 5024; x_wconf 62' lang='lat' dir='ltr'>(iliud</span> <span class='ocrx_word' id='word_1_294' title='bbox 2314 4943 2507 5006; x_wconf 85' lang='lat' dir='ltr'>secuudum</span> 
     </span>
     <span class='ocr_line' id='line_1_32' title="bbox 1030 5052 2509 5136; baseline 0.001 -18"><span class='ocrx_word' id='word_1_295' title='bbox 1030 5075 1108 5119; x_wconf 87' lang='lat' dir='ltr'>esse</span> <span class='ocrx_word' id='word_1_296' title='bbox 1140 5052 1314 5117; x_wconf 88' lang='lat' dir='ltr'>materiale</span> <span class='ocrx_word' id='word_1_297' title='bbox 1347 5064 1380 5117; x_wconf 94' lang='lat' dir='ltr'>et</span> <span class='ocrx_word' id='word_1_298' title='bbox 1408 5052 1532 5117; x_wconf 81' lang='lat' dir='ltr'>virtute</span> <span class='ocrx_word' id='word_1_299' title='bbox 1556 5052 1696 5136; x_wconf 83' lang='lat' dir='ltr'>propria</span> <span class='ocrx_word' id='word_1_300' title='bbox 1721 5076 1790 5116; x_wconf 87' lang='lat' dir='ltr'>mm</span> <span class='ocrx_word' id='word_1_301' title='bbox 1824 5065 1958 5136; x_wconf 71' lang='lat' dir='ltr'>praerat</span> <span class='ocrx_word' id='word_1_302' title='bbox 1986 5054 2183 5119; x_wconf 87' lang='lat' dir='ltr'>immediate</span> <span class='ocrx_word' id='word_1_303' title='bbox 2216 5077 2356 5120; x_wconf 69' lang='lat' dir='ltr'>morere</span> <span class='ocrx_word' id='word_1_304' title='bbox 2389 5058 2509 5120; x_wconf 77' lang='lat' dir='ltr'>volun·</span> 
     </span>
     <span class='ocr_line' id='line_1_33' title="bbox 1030 5166 2509 5254; baseline 0.003 -23"><span class='ocrx_word' id='word_1_305' title='bbox 1030 5178 1145 5245; x_wconf 86' lang='lat' dir='ltr'>tatem,</span> <span class='ocrx_word' id='word_1_306' title='bbox 1185 5166 1218 5230; x_wconf 93' lang='lat' dir='ltr'>in</span> <span class='ocrx_word' id='word_1_307' title='bbox 1259 5166 1383 5232; x_wconf 83' lang='lat' dir='ltr'>virtute</span> <span class='ocrx_word' id='word_1_308' title='bbox 1422 5166 1618 5231; x_wconf 87' lang='lat' dir='ltr'>intellectus</span> <span class='ocrx_word' id='word_1_309' title='bbox 1658 5167 1795 5252; x_wconf 68' lang='lat' dir='ltr'>agentis</span> <span class='ocrx_word' id='word_1_310' title='bbox 1834 5167 1885 5231; x_wconf 85' lang='lat' dir='ltr'>sie</span> <span class='ocrx_word' id='word_1_311' title='bbox 1926 5168 1963 5231; x_wconf 89' lang='lat' dir='ltr'>lit</span> <span class='ocrx_word' id='word_1_312' title='bbox 1996 5167 2219 5233; x_wconf 82' lang='lat' dir='ltr'>imnmteriale</span> <span class='ocrx_word' id='word_1_313' title='bbox 2259 5170 2353 5253; x_wconf 84' lang='lat' dir='ltr'>quud</span> <span class='ocrx_word' id='word_1_314' title='bbox 2394 5181 2509 5254; x_wconf 81' lang='lat' dir='ltr'>potest</span> 
     </span>
     <span class='ocr_line' id='line_1_34' title="bbox 1030 5280 2508 5369; baseline 0.002 -24"><span class='ocrx_word' id='word_1_315' title='bbox 1030 5302 1171 5346; x_wconf 77' lang='lat' dir='ltr'>movere</span> <span class='ocrx_word' id='word_1_316' title='bbox 1207 5280 1407 5367; x_wconf 36' lang='lat' dir='ltr'>&#39;immediate</span> <span class='ocrx_word' id='word_1_317' title='bbox 1445 5280 1654 5344; x_wconf 87' lang='lat' dir='ltr'>intellectum</span> <span class='ocrx_word' id='word_1_318' title='bbox 1690 5280 1891 5365; x_wconf 64' lang='lat' dir='ltr'>possibile-un</span> <span class='ocrx_word' id='word_1_319' title='bbox 1932 5284 1998 5346; x_wconf 90' lang='lat' dir='ltr'>sub</span> <span class='ocrx_word' id='word_1_320' title='bbox 2037 5283 2170 5347; x_wconf 76' lang='lat' dir='ltr'>ratione</span> <span class='ocrx_word' id='word_1_321' title='bbox 2210 5283 2290 5359; x_wconf 82' lang='lat' dir='ltr'>veri,</span> <span class='ocrx_word' id='word_1_322' title='bbox 2328 5296 2361 5348; x_wconf 89' lang='lat' dir='ltr'>et</span> <span class='ocrx_word' id='word_1_323' title='bbox 2397 5285 2508 5369; x_wconf 82' lang='lat' dir='ltr'>ipsam</span> 
     </span>
     <span class='ocr_line' id='line_1_35' title="bbox 1030 5393 2507 5485; baseline 0.003 -27"><span class='ocrx_word' id='word_1_324' title='bbox 1030 5396 1243 5459; x_wconf 82' lang='lat' dir='ltr'>voluntatem</span> <span class='ocrx_word' id='word_1_325' title='bbox 1280 5395 1346 5458; x_wconf 90' lang='lat' dir='ltr'>sub</span> <span class='ocrx_word' id='word_1_326' title='bbox 1371 5393 1505 5459; x_wconf 83' lang='lat' dir='ltr'>ratione</span> <span class='ocrx_word' id='word_1_327' title='bbox 1535 5394 1639 5474; x_wconf 80' lang='lat' dir='ltr'>lmni3</span> <span class='ocrx_word' id='word_1_328' title='bbox 1676 5416 1742 5459; x_wconf 87' lang='lat' dir='ltr'>nec</span> <span class='ocrx_word' id='word_1_329' title='bbox 1778 5394 1844 5458; x_wconf 90' lang='lat' dir='ltr'>alia</span> <span class='ocrx_word' id='word_1_330' title='bbox 1880 5395 2058 5481; x_wconf 81' lang='lat' dir='ltr'>prnpurtiu</span> <span class='ocrx_word' id='word_1_331' title='bbox 2090 5397 2271 5481; x_wconf 67' lang='lat' dir='ltr'>requiritur</span> <span class='ocrx_word' id='word_1_332' title='bbox 2308 5396 2396 5463; x_wconf 91' lang='lat' dir='ltr'>inter</span> <span class='ocrx_word' id='word_1_333' title='bbox 2422 5399 2507 5485; x_wconf 86' lang='lat' dir='ltr'>ipsa.</span> 
     </span>
    </p>
   </div>
   <div class='ocr_carea' id='block_1_5' title="bbox 0 0 3359 7988">
    <p class='ocr_par' dir='ltr' id='par_1_7' title="bbox 0 0 3359 7988">
     <span class='ocr_line' id='line_1_36' title="bbox 0 0 3359 7988; baseline 0 0"><span class='ocrx_word' id='word_1_334' title='bbox 0 0 3359 7988; x_wconf 95' lang='lat' dir='ltr'> </span> 
     </span>
    </p>
   </div>
  </div>
 </body>
</html>
