6700 7992
878 3143 944 3197 cod.
955 3143 981 3197 V

842 3212 892 3267 fot.
903 3218 953 3268 ‘261
967 3215 1007 3267 Ra

1024 1379 1078 1432 '78
1408 1380 1599 1437 MAGISTRI
1628 1381 1849 1437 GODEFRIDI
1877 1384 1929 1438 DE
1958 1381 2156 1440 FONTIBUS

1043 1570 1106 1641 est,
1131 1582 1202 1626 non
1228 1573 1355 1646 potens
1379 1583 1459 1628 esse
1482 1572 1554 1627 tota
1578 1561 1696 1642 simul;
1722 1564 1790 1629 tale
1814 1576 1929 1629 autern
1954 1563 2125 1630 infinitum
2143 1576 2177 1630 et
2193 1576 2371 1632 aeternum
2394 1565 2519 1653 impor-

1041 1675 1117 1741 tatl
1141 1698 1247 1741 unum
1273 1699 1351 1743 esse
1376 1691 1409 1743 et
1434 1688 1558 1743 cetera.

1131 1794 1210 1858 Non
1239 1795 1354 1858 valent
1382 1793 1483 1858 etiam
1512 1794 1665 1860 rationes
1694 1796 1738 1860 de
1774 1795 1915 1860 infinitis
1943 1795 2117 1881 lapidibus
2154 1808 2187 1862 et
2215 1796 2356 1863 infinitis
2384 1799 2518 1864 revolu-

1040 1907 1194 1974 tionibus
1211 1920 1245 1974 et
1268 1909 1479 1990 huiusmodi,
1497 1909 1578 1994 quia
1602 1909 1681 1976 licet
1705 1912 1856 1976 mundus
1882 1911 2004 1977 fuisset
2028 1914 2072 1976 ab
2097 1923 2250 1992 aeterno,
2275 1935 2348 1979 non
2372 1926 2518 1999 possent

1039 2035 1156 2090 tamen
1179 2024 1314 2110 lapides
1338 2047 1417 2091 esse
1444 2025 1568 2090 infiniti
1596 2025 1630 2090 in
1657 2037 1748 2107 actu,
1774 2026 1854 2112 quia
1879 2027 1958 2092 licet
1982 2027 2104 2093 infiniti
2133 2028 2208 2094 dies
2243 2030 2518 2114 praecessissent

1039 2150 1073 2206 et
1097 2140 1252 2225 quolibet
1276 2141 1333 2207 die
1356 2163 1463 2206 unum
1488 2140 1637 2227 lapidem
1666 2142 1793 2208 fecisse
1810 2142 2007 2228 potuisset²
2035 2144 2143 2224 Deus,
2168 2155 2284 2210 tamen
2309 2145 2516 2232 accipiendo

1039 2277 1162 2322 omnes
1179 2256 1310 2322 simul³
1337 2279 1407 2322 non
1432 2268 1548 2342 potest
1572 2278 1651 2323 esse
1675 2260 1770 2343 quod
1794 2258 1862 2324 sint
1886 2259 1967 2324 facti
1992 2258 2126 2346 lapides
2151 2259 2185 2324 in
2211 2260 2374 2327 omnibus
2392 2261 2517 2328 diebus

1038 2371 1148 2436 simul.
1167 2376 1316 2438 Constat
1333 2372 1423 2438 enim
1442 2374 1537 2457 quod
1562 2373 1728 2457 quicquid
1753 2375 1851 2439 Deus
1875 2388 1996 2459 posset
2020 2375 2137 2441 facere
2162 2377 2196 2440 in
2220 2375 2367 2442 diversis
2392 2377 2516 2444 diebus

1038 2489 1248 2568 successive,
1276 2489 1377 2553 simul
1402 2502 1522 2573 posset
1547 2490 1663 2554 facere
1693 2489 1727 2553 in
1761 2511 1831 2554 una
1863 2491 1950 2555 hora
1984 2502 2151 2574 quantum
2186 2492 2230 2556 ad
2265 2492 2357 2558 entia
2381 2514 2515 2578 penna·

1037 2604 1174 2682 nentiu3
1214 2619 1247 2669 et
1281 2617 1418 2670 constat
1454 2606 1548 2689 quod
1585 2605 1699 2670 statim
1738 2606 1831 2670 sacto
1859 2627 1930 2670 uno
1959 2606 2075 2692 lapide
2108 2607 2143 2672 in
2172 2609 2239 2672 hac
2275 2609 2371 2688 hora,
2401 2619 2517 2694 potest

1037 2720 1151 2784 facere
1184 2720 1314 2784 aliurn⁴
1338 2733 1372 2785 et
1396 2721 1446 2785 sic
1472 2721 1505 2785 in
1538 2720 1718 2785 infinitum.
1750 2722 1826 2786 Nec
1857 2733 1973 2787 tamen
2007 2722 2041 2786 in
2072 2723 2140 2787 hac
2174 2722 2230 2788 die
2258 2735 2409 2809 possunt
2436 2745 2516 2791 esse

1036 2835 1116 2900 facti
1156 2836 1290 2920 lapides
1330 2836 1474 2915 infiniti3
1504 2846 1619 2921 potest
1653 2848 1769 2902 tamen
1813 2837 1928 2902 facere
1968 2837 2001 2902 in
2041 2837 2213 2903 inlinitum
2249 2838 2399 2924 lapidem
2435 2853 2516 2926 post

1036 2951 1196 3036 lapidem,
1215 2965 1248 3017 et
1272 2952 1398 3017 secisse
1423 2952 1457 3016 in
1482 2951 1652 3016 infinitum
1682 2952 1832 3036 lapidem
1862 2966 1943 3018 ante
1964 2953 2126 3039 lapidem,
2152 2952 2242 3019 sicut
2267 2954 2369 3020 etiam
2398 2965 2516 3040 potest

1035 3067 1189 3133 dividere
1214 3068 1417 3133 continuum
1435 3068 1468 3132 in
1488 3067 1667 3148 inlinitum,
1686 3079 1719 3133 et
1737 3070 1932 3133 secundum
1957 3070 2137 3153 quodlibet
2164 3070 2302 3157 signum
2329 3070 2515 3137 divisivum

1035 3195 1151 3268 potest
1175 3183 1258 3248 illud
1282 3183 1447 3261 dividere,
1480 3186 1484 3267 l
1516 3205 1588 3248 non
1617 3196 1731 3248 tamen
1761 3193 1877 3268 potest
1903 3185 2018 3250 facere
2043 3186 2138 3269 quod
2164 3185 2207 3250 sit
2231 3196 2311 3251 actu
2336 3162 2517 3253 divisum⁶

1035 3311 1068 3364 et
1107 3299 1157 3365 sic
1193 3301 1237 3364 de
1270 3299 1354 3364 aliis.
1388 3300 1470 3364 ltem
1510 3321 1582 3364 non
1623 3309 1798 3384 oporteret
1834 3298 2001 3365 inducere
2035 3300 2217 3366 instantias
2256 3302 2301 3366 de
2340 3301 2444 3389 lignis
2479 3314 2514 3369 et

1036 3415 1218 3500 lapidibus,
1254 3415 1335 3500 quia
1375 3416 1456 3479 illud
1501 3415 1592 3480 idem
1634 3415 1729 3499 quod
1772 3437 1834 3500 per
1877 3415 2076 3481 huiusmodi
2123 3415 2305 3482 instantias
2349 3417 2514 3484 concludi

1035 3531 1179 3611 videtur,
1197 3530 1373 3597 efficacius
1390 3530 1611 3596 concluditur
1635 3530 1679 3596 de
1703 3530 1886 3595 animabus
1911 3531 2082 3611 humanis
2101 3532 2129 3596 si
2146 3532 2298 3597 mundus
2322 3531 2445 3600 fuisset
2468 3535 2513 3599 ab

1035 3655 1187 3711 aeterno

1124 3760 1167 3825 Et
1184 3771 1236 3826 est
1261 3760 1448 3826 dicendum
1473 3761 1568 3845 quod
1592 3759 1727 3825 infinito
1751 3759 1991 3826 universaliter
2007 3772 2180 3849 repugnat
2205 3782 2284 3826 esse
2312 3760 2514 3847 simpliciter

1033 3876 1068 3942 in
1088 3887 1167 3943 actu
1192 3876 1386 3956 terminat0,
1403 3877 1466 3942 sed
1484 3876 1595 3941 solum
1614 3876 1644 3940 ei
1662 3874 1827 3942 convenit
1851 3897 1929 3941 esse
1947 3875 1980 3941 in
1998 3887 2077 3942 actu
2095 3877 2290 3942 secundum
2315 3876 2455 3962 aliquid,
2468 3886 2513 3962 ,et

1031 3994 1221 4058 secundum
1238 3993 1365 4078 aliquid
1390 4013 1529 4078 semper
1551 3990 1586 4056 in
1611 3990 1776 4077 potentia.
1794 3992 1837 4055 Et
1852 3991 1933 4056 ideo
1958 3991 2039 4077 quia
2062 3991 2264 4058 successiva
2287 4013 2358 4058 non
2381 3994 2514 4059 habent

1033 4130 1111 4175 esse
1136 4110 1170 4173 in
1195 4120 1274 4174 actu
1299 4108 1366 4174 nisi
1389 4109 1584 4174 secundum
1609 4107 1738 4191 aliquid
1762 4106 1972 4173 indivisibile
1996 4106 2160 4173 variabile
2185 4108 2380 4174 seeundum
2403 4119 2512 4174 totam

1032 4224 1305 4305 successionem,
1330 4224 1410 4290 ideo
1438 4223 1555 4289 talium
1584 4223 1737 4289 infinitas
1763 4244 1834 4288 non
1860 4222 2021 4308 importat
2054 4222 2205 4307 aliquam
2234 4224 2512 4311 repugnantiam,

1032 4340 1113 4425 quia
1142 4352 1461 4425 quantumcumque
1489 4341 1589 4405 detur
1616 4339 1650 4403 in
1687 4340 1851 4418 futurum,
1885 4359 2064 4422 nunquam
2100 4339 2179 4425 plus
2215 4338 2308 4405 erit⁶
2339 4338 2439 4404 simul
2467 4339 2513 4405 de

1031 4467 1188 4542 tempore
1224 4479 1327 4542 quarn
1363 4458 1470 4522 modo
1506 4466 1568 4536 est,
1608 4454 1689 4539 quia
1717 4475 1856 4540 semper
1892 4476 1972 4539 pars
2017 4454 2105 4540 parti
2141 4453 2308 4520 succedit.
2349 4454 2514 4521 Similiter

1032 4573 1134 4638 etiam
1149 4572 1169 4654 ⁷,
1194 4573 1222 4638 si
1250 4585 1388 4658 tempus
1413 4574 1572 4637 durasset
1600 4571 1634 4636 in
1672 4570 1843 4635 infinitum
1877 4592 1897 4635 a
1929 4581 2027 4656 parte
2064 4581 2155 4650 ante,
2180 4581 2296 4636 tamen
2333 4591 2512 4656 nunquam

1031 4689 1154 4755 fuisset
1181 4689 1276 4775 prius
1304 4690 1381 4774 plus
1416 4689 1460 4753 de
1493 4698 1651 4773 tempore
1683 4708 1786 4771 quam
1820 4686 1926 4751 modo
1960 4697 2022 4766 est,
2051 4696 2085 4751 et
2115 4685 2195 4751 ideo
2228 4686 2360 4750 nullum
2391 4684 2512 4752 incon·

1031 4805 1176 4871 veniens
1203 4805 1317 4890 ipsum
1346 4803 1455 4869 fuisse
1480 4803 1516 4867 in
1546 4802 1718 4868 infinitum
1747 4813 1888 4887 aparte
1912 4814 2003 4881 ante,
2032 4800 2122 4867 sicut
2150 4821 2216 4867 nec
2245 4822 2265 4866 a
2296 4812 2395 4887 parte
2419 4813 2510 4888 post.

1030 4923 1068 4987 ln
1103 4921 1387 5007 permanentibus
1424 4919 1527 4986 etiarn
1563 4929 1644 4983 nata
1684 4929 1737 4983 est
1772 4938 1850 4982 esse
1889 4917 2042 4982 infinitas
2075 4918 2269 4983 secundum
2303 4916 2509 4984 divisionem

1030 5038 1186 5103 continui
1217 5037 1252 5102 in
1284 5035 1465 5116 infinitum,
1494 5035 1529 5100 in
1562 5045 1642 5120 post
1670 5032 1889 5118 accipiendo,
1917 5032 1998 5117 quia
2031 5053 2170 5119 semper
2201 5043 2357 5098 remanet
2381 5032 2511 5118 aliquid

1030 5153 1284 5239 accipiendum,
1314 5163 1348 5219 et
1379 5172 1557 5236 nunquam
1592 5149 1717 5236 poterit
1750 5147 1889 5215 totum⁸
1921 5169 1999 5214 esse
2034 5161 2227 5233 acceptum.
2258 5149 2301 5213 Et
2325 5148 2406 5215 ideo
2429 5146 2510 5233 quia

1031 5271 1192 5355 [semper]
1210 5269 1294 5334 illud
1319 5269 1414 5353 quod
1439 5280 1491 5333 est
1515 5287 1654 5351 semper
1669 5265 1804 5330 finitum
1822 5275 1885 5344 est,
1903 5263 1983 5330 ideo
2009 5284 2081 5330 non
2099 5265 2262 5330 obstante
2278 5264 2374 5349 quod
2392 5274 2510 5349 partes

1029 5396 1197 5472 acceptae
1221 5406 1292 5450 non
1317 5385 1500 5450 succedant
1513 5384 1533 5463 ⁹,
1551 5392 1667 5468 potest
1684 5402 1764 5446 esse
1780 5380 1981 5446 huiusmodi
1998 5379 2151 5445 infinitas
2168 5378 2203 5443 in
2222 5378 2508 5466 permanentibus

1029 5510 1193 5586 exparte
1218 5514 1316 5586 post3
1351 5500 1505 5566 similiter
1528 5499 1630 5565 etiam
1662 5519 1705 5563 eo
1730 5498 1835 5562 modo
1861 5518 1880 5560 a
1913 5507 2011 5582 parte
2043 5508 2123 5562 ante
2157 5517 2227 5581 quo
2260 5494 2429 5581 accipitur
2464 5495 2509 5562 de

1029 5617 1155 5682 talibus
1187 5638 1326 5703 semper
1349 5616 1479 5701 aliquid
1503 5615 1636 5680 finitum
1664 5624 1697 5679 et
1721 5612 1923 5697 relinquitur
1947 5633 2085 5698 semper
2106 5611 2235 5696 aliquid
2253 5610 2509 5696 accipiendum,

1120 5924 1126 5952 ¹
1141 5920 1303 5992 importans
1313 5921 1335 5972 P
1344 5920 1377 5972 V.
1390 5952 1401 5957 -
1410 5951 1421 5957 -
1433 5920 1444 5949 ⁹
1457 5916 1564 5972 fecisse
1576 5915 1732 5987 potuisset]
1748 5914 1894 5986 potuisset
1908 5912 2014 5967 fecisse
2028 5912 2058 5965 P.
2070 5944 2103 5952 -
2115 5913 2126 5943 ³
2138 5910 2255 5966 insimul
2266 5912 2297 5966 P.
2309 5943 2342 5951 -
2354 5914 2364 5943 ⁴
2375 5911 2462 5965 aliam
2472 5908 2509 5970 V.

1030 6042 1062 6049 —
1078 6012 1087 6041 ³
1100 6010 1216 6064 divisim
1232 6009 1262 6062 P.
1277 6040 1308 6047 -
1323 6011 1334 6039 ⁶
1347 6016 1409 6062 erat
1424 6007 1488 6061 PV.
1502 6037 1533 6044 —
1552 6007 1561 6037 ³
1575 6003 1651 6057 enim
1664 6003 1695 6057 P.
1710 6035 1743 6042 -
1758 6004 1836 6056 Ιὀνη.
1850 6002 1881 6056 Ρ.
1896 6032 1930 6040 -
1944 6003 1955 6032 ⁰
1967 6000 2090 6055 tendant
2103 5999 2169 6055 PV.
