6700 7992
1278 1400 1494 1458 ssensnun
1522 1401 1821 1473 Qt'ODLmETUn
1850 1406 1885 1473 q.
1915 1402 1951 1456 n
2318 1408 2352 1456 n

875 1578 949 1649 sive
976 1581 1076 1668 primi
1101 1582 1254 1647 motoris.
1271 1583 1370 1661 Nam,
1389 1594 1426 1647 nt
1450 1583 1532 1649 (licit
1550 1583 1769 1666 Augustinus
1788 1586 1844 1664 (n,
1864 1596 2024 1668 respectu
2043 1585 2129 1650 eaeli
2148 1608 2217 1650 non
2248 1597 2299 1650 est
2318 1585 2349 1650 in

868 1699 1024 1786 potentia
1043 1709 1080 1764 ut
1096 1698 1294 1763 immediate
1311 1700 1370 1763 liat
1386 1699 1562 1783 quaelibet
1579 1700 1688 1764 t'ornra
1707 1701 1751 1764 ad
1769 1723 1870 1784 quam
1890 1700 2089 1766 naturaliter
2106 1713 2158 1766 est
2179 1701 2211 1766 in
2231 1714 2350 1787 poten·

869 1815 925 1894 tia,
944 1816 1008 1880 sed
1025 1817 1093 1880 hoc
1110 1826 1248 1899 oportet
1265 1815 1339 1879 lieri
1357 1815 1479 1880 ordine
1497 1816 1648 1899 (prodam
1667 1829 1700 1879 et
1717 1817 1910 1881 seeundum
1932 1816 2086 1881 diversas
2101 1817 2351 1902 dispositiones

868 1931 948 1997 vell
972 1931 1127 1997 rationes
1156 1930 1341 1996 seminales
1370 1931 1404 1995 in
1431 1931 1571 1996 materia
1597 1931 1794 2005 existentes,
1821 1935 2015 1997 seeundum
2041 1956 2127 2018 quas
2152 1956 2193 1997 ex
2218 1932 2350 1999 semine

782 2082 784 2088 ·
868 2049 971 2113 fabae
995 2046 1223 2113 determinate
1248 2058 1282 2111 et
1299 2046 1496 2112 immediate
1514 2047 1649 2111 eaelum
1669 2047 1783 2112 labam
1802 2061 1836 2113 et
1854 2071 1924 2113 non
1943 2049 2068 2113 olivam
2089 2060 2203 2134 potest
2225 2052 2350 2134 prudn-

867 2184 956 2229 cere.
982 2164 1054 2229 Sed
1081 2174 1243 2248 respectu
1268 2162 1334 2227 Dei
1358 2162 1409 2227 sie
1435 2162 1545 2227 estin
1571 2163 1728 2247 potentia
1754 2175 1790 2227 nt
1814 2186 2035 2249 quacumque
2060 2165 2290 2250 dispositione
2316 2166 2348 2230 in

868 2279 944 2365 ipsa
961 2279 1130 2345 existente
1147 2290 1181 2344 et
1198 2300 1419 2363 quacumque
1439 2278 1670 2362 dispositione
1689 2279 1851 2345 materiae
1870 2302 1940 2343 nnn
1964 2282 2135 2355 obstante,
2154 2281 2349 2347 irnnrediate

868 2395 979 2482 possit
1002 2395 1037 2460 in
1063 2395 1139 2480 ipsa
1163 2394 1235 2460 lieri
1261 2416 1505 2479 quaecumque
1531 2395 1641 2459 sonna
1666 2396 1710 2459 ad
1736 2418 1836 2479 qnam
1859 2408 1911 2461 est
1930 2395 1961 2459 in
1981 2396 2146 2480 potentia.
2168 2397 2207 2462 lit
2224 2421 2349 2463 seeun-

869 2512 952 2576 dum
984 2513 1053 2577 hoc
1084 2511 1311 2597 distinguitur
1342 2511 1376 2575 in
1405 2510 1548 2575 materia
1575 2512 1747 2594 (praedam
1778 2510 1932 2595 putentia
1962 2512 2127 2578 naturalis
2156 2515 2347 2578 srenndnru

868 2627 1022 2693 rationes
1047 2627 1234 2693 seminales
1260 2627 1504 2711 aliquomodo
1535 2626 1661 2690 inditas
1687 2627 1860 2703 materiae,
1886 2630 2057 2711 <praedam
2084 2629 2349 2695 olmedientialis

2407 2718 2508 2775 t'rnl.l‘

2341 2796 2347 2810 ⁸
2373 2790 2421 2845 lot.
2442 2794 2540 2847 l·lll'⁴¹

868 2861 919 2926 Eo
954 2861 1049 2945 quod
1082 2859 1358 2943 unumquodque.
1391 2870 1546 2923 creatum
1578 2880 1691 2941 agens
1719 2858 1852 2923 virtutis
1887 2859 2002 2925 linitae
2034 2873 2066 2926 et
2097 2861 2348 2927 determinatae

868 2745 1063 2810 secundum
1082 2743 1237 2808 rationes
1254 2743 1415 2808 causales
1432 2742 1462 2807 ei
1481 2764 1552 2807 non
1571 2741 1709 2821 inditus,
1724 2744 1785 2808 sed
1800 2742 1833 2807 in
1849 2743 1973 2808 virtute
1987 2743 2103 2834 «lirina
2124 2747 2128 2829 l
2150 2745 2337 2811 existentes

868 2976 1021 3042 existens
1047 2987 1080 3041 et
1104 2977 1170 3040 suli
1195 2975 1425 3039 detenuinato
1451 2973 1572 3039 ordine
1598 2975 1823 3039 coustitutum
1851 2975 1989 3060 requirit
2014 2976 2047 3040 in
2073 2978 2215 3043 materia
2239 2979 2348 3043 ‹leter-

866 3093 1031 3160 minatam
1064 3091 1329 3177 dispositionem
1364 3090 1559 3156 secundnm
1591 3089 1720 3174 alirprid
1754 3091 2041 3176 superadditnm²
2072 3092 2136 3177 ipsi
2174 3094 2348 3173 materiae,

866 3211 1001 3277 ratione
1018 3208 1117 3275 cuius
1135 3207 1277 3272 materia
1295 3207 1328 3272 in
1347 3219 1514 3292 quantum
1534 3207 1734 3274 immediate
1753 3231 1824 3273 non
1843 3208 1913 3293 agit
1938 3209 1981 3274 sit
2007 3209 2154 3274 aetionis
2175 3211 2249 3275 eius
2275 3234 2348 3276 sus·

868 3327 1015 3413 ceptiva‚
1036 3335 1127 3390 etex
1145 3323 1377 3408 consequenti
1394 3324 1496 3389 etiarn
1515 3325 1661 3389 sunnam
1680 3324 1964 3403 determinatam3
2014 3366 2020 3371 -
2043 3327 2138 3391 lleus
2156 3338 2271 3392 autern
2290 3326 2346 3412 qni

867 3465 931 3509 sua
958 3441 1092 3507 infinita
1120 3440 1243 3505 virtute
1273 3440 1408 3528 attingit
1436 3441 1480 3505 ad
1507 3441 1625 3505 intima
1656 3440 1820 3506 materiae
1849 3453 1883 3507 et
1910 3464 1978 3526 qua
2008 3442 2204 3508 innnmliate
2234 3454 2349 3529 potest

867 3558 1033 3646 quicquid
1066 3567 1216 3643 possunt
1248 3556 1447 3621 immediata
1477 3557 1627 3643 agentia,
1665 3557 1864 3622 huiusmodi
1902 3558 2132 3643 dispositione
2172 3560 2347 3625 materiam

867 3674 1120 3742 determinante
1139 3684 1172 3740 et
1189 3685 1333 3759 aptante
1352 3696 1423 3738 non
1445 3673 1586 3758 indiget.
1605 3674 1708 3739 L'nde
1726 3674 1809 3739 dicit
1826 3674 2046 3758 Augustinus
2058 3681 2115 3757 (2),
2130 3699 2225 3740 nono
2243 3699 2350 3763 snper

868 3790 1047 3870 Genesim,
1076 3791 1229 3876 capitulo
1259 3789 1430 3878 vigesimo
1450 3802 1571 3856 sexto:
1600 3789 1775 3854 ‹onmis³
1802 3790 1890 3856 iste⁴
1915 3803 2059 3856 naturae
2084 3792 2349 3858 usitatissimnsl

867 3930 991 3975 cursus
1019 3908 1125 3973 habet
1152 3909 1156 3989 l
1184 3908 1353 3991 quasdam
1383 3907 1558 3971 naturales
1587 3907 1684 3991 leges
1714 3929 1797 3971 suas
1829 3907 2021 3972 seeundum
2043 3931 2142 3992 rpras
2175 3909 2346 3975 elenunta
2372 3904 2540 4029 [pulla

868 4023 987 4090 mundi
1011 4022 1139 4088 huius⁰
1163 4023 1324 4108 corporei
1341 4024 1473 4088 habent
1499 4022 1713 4087 definitivam
1740 4022 1807 4086 vim
1833 4023 2102 4108 qualitatemque
2128 4045 2225 4089 suam
2243 4023 2348 4110 quid⁷
2382 3998 2399 4026 ⁰
2414 4018 2418 4029 '
2433 3977 2524 4031 MR

866 4140 1143 4226 unumquodque
1161 4140 1276 4206 valeat
1293 4139 1346 4205 rel
1364 4161 1436 4203 non
1455 4140 1567 4204 valeat
1585 4139 1628 4203 de
1654 4162 1724 4222 quo
1749 4139 1821 4205 lieri
1846 4139 1958 4225 possit
1983 4142 2036 4205 vel
2062 4162 2132 4205 non
2159 4142 2279 4227 possit.
2307 4142 2347 4207 lit

866 4258 976 4323 infra:
1001 4257 1094 4321 unde
1118 4255 1155 4322 fit
1180 4268 1216 4321 ut
1234 4257 1278 4321 de
1296 4278 1407 4344 grano
1426 4254 1526 4321 tritici
1545 4278 1616 4320 non
1637 4265 1801 4321 nascatur
1819 4257 1898 4320 salia
1915 4259 2046 4329 (ererum
2065 4270 2116 4322 est
2137 4256 2346 4340 immediate)

866 4374 922 4439 vel
938 4373 982 4440 de
998 4394 1127 4459 pecore
1144 4374 1262 4451 homo,
1280 4373 1333 4437 rel
1352 4373 1396 4436 de
1413 4370 1554 4436 homine
1572 4394 1692 4456 pecus.
1711 4373 1825 4456 Super
1845 4373 1939 4437 hunc
1957 4372 2096 4438 autern*
2115 4386 2244 4439 motum
2271 4395 2346 4438 enr-

866 4511 1014 4574 sumque
1032 4511 1147 4555 rerum
1161 4489 1173 4523 ⁰
1188 4490 1378 4553 naturalem
1398 4498 1554 4573 funestas
1572 4489 1739 4553 creatoris
1756 4490 1861 4552 lraluet
1878 4489 1970 4574 apud
1990 4512 2026 4553 se
2045 4490 2088 4553 di:
2106 4489 2158 4553 liis
2183 4490 2345 4554 onmilnrs

866 4607 981 4672 lacere
1006 4606 1100 4672 aliud
1124 4628 1227 4691 quam
1252 4627 1373 4670 eorum
1398 4603 1496 4690 quasi
1515 4604 1669 4669 rationes
1687 4604 1873 4669 seminales
1891 4606 2021 4670 lralnznt
2037 4628 2127 4689 iprae
2144 4628 2214 4671 non
2233 4606 2343 4670 solnm

865 4722 900 4788 in
919 4723 996 4788 Deo
1013 4734 1104 4802 sunt,
1122 4723 1185 4787 sed
1202 4721 1305 4786 etiam
1324 4720 1356 4785 in
1379 4723 1482 4786 rebus
1508 4720 1632 4785 neatis
1658 4722 1702 4784 alr
1727 4720 1784 4784 illo
1809 4720 1925 4804 aliquo
1950 4722 2056 4785 modo
2082 4720 2210 4786 inditae
2236 4724 2287 4786 vel
2313 4733 2346 4786 et

865 4852 1076 4905 concreatae
1092 4839 1127 4917 ¹⁰,
1145 4850 1178 4904 et
1198 4851 1313 4902 tamen
1332 4837 1366 4901 id
1384 4836 1405 4872 ¹¹
1430 4837 1526 4921 quod
1552 4836 1585 4900 in
1613 4837 1662 4901 eis
1689 4860 1761 4901 non
1787 4837 1912 4922 posuit,
1939 4849 1975 4901 ut
1992 4837 2035 4901 de
2060 4837 2114 4901 liis
2141 4838 2210 4902 lieri
2230 4839 2281 4903 vel
2301 4840 2345 4903 al»

863 4954 943 5041 ipso
960 4955 1082 5041 possit,
1097 4953 1230 5020 scilicet
1246 4967 1283 5017 ut
1298 4954 1429 5041 lignum
1448 4953 1580 5017 aridum
1599 4965 1744 5038 repente
1761 4955 1882 5018 lloreat
1900 4965 1934 5018 et
1946 4966 2070 5018 ‹tetera
2088 4954 2191 5019 Dedit
2205 4954 2343 5038 quidem

864 5083 1007 5136 naturas
1035 5093 1123 5156 quas
1151 5070 1282 5136 creavit
1312 5080 1348 5134 ut
1375 5092 1417 5134 ex
1442 5068 1493 5133 eis
1518 5070 1605 5133 haec
1632 5069 1702 5133 lieri
1730 5083 1885 5154 possent,
1911 5091 1981 5133 non
2011 5082 2049 5134 ut
2073 5071 2159 5134 haee
2178 5072 2345 5136 haberent

865 5186 900 5251 in
924 5200 1021 5253 motu
1046 5186 1192 5252 naturali
1217 5185 1332 5251 sedin
1351 5207 1394 5250 eo
1419 5208 1489 5270 quo
1514 5185 1682 5250 voluntati
1707 5186 1892 5270 potentiori
1915 5186 2062 5271 amplius
2080 5187 2310 5252 sunioosnent.
2334 5224 2340 5241 ι

956 5498 1299 5553 ¹etP.—²secuntlum
1316 5532 1347 5537 --
1362 5498 1594 5569 superadditum}
1615 5499 1775 5551 ‚so-tumtum
1809 5499 1877 5550 dein
1897 5498 2016 5552 lar-unni
2040 5499 2148 5569 aliquid
2168 5500 2298 5552 additum
2316 5499 2343 5552 l'.

864 5617 897 5626 -
916 5588 1043 5641 'omnes
1063 5588 1127 5640 ΡΥ.
1148 5620 1180 5626 -
1201 5592 1210 5620 ⁶
1230 5588 1280 5642 ille
1299 5588 1329 5642 P.
1351 5620 1382 5626 --
1398 5590 1414 5644 ,”
1433 5587 1650 5640 visitatissimns
1671 5586 1700 5637 l'.
1723 5619 1753 5626 -
1775 5589 1894 5640 '‘rnrrndi
1918 5589 2011 5656 lnrinsj
2034 5588 2116 5640 lnrins
2137 5588 2234 5640 mnndi
2259 5588 2286 5640 l'.
2341 5620 2344 5625 ·

865 5676 973 5746 'quem
988 5675 1053 5729 ΡΥ.
1068 5708 1100 5714 -
1121 5677 1221 5729 *hunc
1241 5680 1349 5743 antem}
1371 5688 1467 5728 aunem
1488 5676 1563 5728 hune
1584 5676 1615 5728 P.
1639 5707 1668 5713 --
1693 5678 1769 5727 ''oru
1793 5677 1821 5728 l'.
1845 5708 1858 5713 -
1898 5678 1917 5705 ²¹³
1932 5688 1960 5728 et
1981 5694 2043 5728 ron·
2057 5686 2164 5743 reuqu
2185 5676 2344 5729 rotmanni·

863 5773 948 5818 catae
967 5764 1008 5819 P:
1027 5776 1204 5818 concreatae
1219 5765 1289 5818 add.
1304 5782 1401 5835 liturg.
1419 5765 1449 5817 Ρ,
1467 5796 1496 5802 -
1514 5767 1532 5794 ¹¹
1547 5764 1618 5816 illud
1639 5765 1668 5816 l'.

951 5945 988 6011 (li
1008 5944 1208 6007 Augustini
1234 5942 2144 6007 [retrado.1.1x.c.1r.n,:·r·.›d’.r..totu.o‚1.ro·„.--
2176 5954 2192 5998 ¹.)
2223 5944 2342 5995 lurion.

2229 6038 2259 6086 125
