<?xml version="1.0" encoding="UTF-8"?>
<!DOCTYPE html PUBLIC "-//W3C//DTD XHTML 1.0 Transitional//EN"
    "http://www.w3.org/TR/xhtml1/DTD/xhtml1-transitional.dtd">
<html xmlns="http://www.w3.org/1999/xhtml" xml:lang="en" lang="en">
 <head>
  <title>
</title>
<meta http-equiv="Content-Type" content="text/html;charset=utf-8" />
  <meta name='ocr-system' content='tesseract 3.04.00' />
  <meta name='ocr-capabilities' content='ocr_page ocr_carea ocr_par ocr_line ocrx_word'/>
</head>
<body>
  <div class='ocr_page' id='page_1' title='image "./lesquatrepremie00wulfgoog_0312.png"; bbox 0 0 6700 7992; ppageno 0'>
   <div class='ocr_carea' id='block_1_1' title="bbox 1037 1383 2150 1457">
    <p class='ocr_par' dir='ltr' id='par_1_1' title="bbox 1037 1383 2150 1457">
     <span class='ocr_line' id='line_1_1' title="bbox 1037 1383 2150 1457; baseline 0.004 -5"><span class='ocrx_word' id='word_1_1' title='bbox 1037 1387 1090 1453; x_wconf 78' lang='grc'>1111</span> <span class='ocrx_word' id='word_1_2' title='bbox 1394 1386 1585 1456; x_wconf 71' lang='grc'>1110101111</span> <span class='ocrx_word' id='word_1_3' title='bbox 1623 1384 1844 1456; x_wconf 74' lang='grc'>0000111101</span> <span class='ocrx_word' id='word_1_4' title='bbox 1872 1401 1924 1454; x_wconf 82' lang='lat' dir='ltr'>nn</span> <span class='ocrx_word' id='word_1_5' title='bbox 1953 1383 2150 1457; x_wconf 72' lang='grc'>1011110110</span> 
     </span>
    </p>
   </div>
   <div class='ocr_carea' id='block_1_2' title="bbox 844 1580 2516 5148">
    <p class='ocr_par' dir='ltr' id='par_1_2' title="bbox 1038 1580 2516 2016">
     <span class='ocr_line' id='line_1_2' title="bbox 1040 1580 2514 1668; baseline 0.003 -24"><span class='ocrx_word' id='word_1_6' title='bbox 1040 1580 1242 1646; x_wconf 88' lang='lat' dir='ltr'>intraturum</span> <span class='ocrx_word' id='word_1_7' title='bbox 1282 1603 1360 1645; x_wconf 91' lang='lat' dir='ltr'>cum</span> <span class='ocrx_word' id='word_1_8' title='bbox 1401 1581 1583 1667; x_wconf 85' lang='lat' dir='ltr'>proposito</span> <span class='ocrx_word' id='word_1_9' title='bbox 1619 1581 1780 1662; x_wconf 89' lang='lat' dir='ltr'>exeundi,</span> <span class='ocrx_word' id='word_1_10' title='bbox 1806 1604 1877 1647; x_wconf 93' lang='lat' dir='ltr'>non</span> <span class='ocrx_word' id='word_1_11' title='bbox 1917 1592 2031 1646; x_wconf 89' lang='lat' dir='ltr'>autem</span> <span class='ocrx_word' id='word_1_12' title='bbox 2068 1593 2204 1666; x_wconf 88' lang='lat' dir='ltr'>sponte,</span> <span class='ocrx_word' id='word_1_13' title='bbox 2235 1582 2281 1646; x_wconf 89' lang='lat' dir='ltr'>ita</span> <span class='ocrx_word' id='word_1_14' title='bbox 2317 1583 2420 1648; x_wconf 87' lang='lat' dir='ltr'>etiam</span> <span class='ocrx_word' id='word_1_15' title='bbox 2457 1580 2514 1668; x_wconf 91' lang='lat' dir='ltr'>qui</span> 
     </span>
     <span class='ocr_line' id='line_1_3' title="bbox 1039 1697 2513 1782; baseline 0.001 -21"><span class='ocrx_word' id='word_1_16' title='bbox 1039 1697 1161 1761; x_wconf 90' lang='lat' dir='ltr'>iuravit</span> <span class='ocrx_word' id='word_1_17' title='bbox 1186 1718 1224 1762; x_wconf 89' lang='lat' dir='ltr'>se</span> <span class='ocrx_word' id='word_1_18' title='bbox 1249 1697 1461 1777; x_wconf 86' lang='lat' dir='ltr'>intraturum,</span> <span class='ocrx_word' id='word_1_19' title='bbox 1498 1697 1577 1782; x_wconf 89' lang='lat' dir='ltr'>quia</span> <span class='ocrx_word' id='word_1_20' title='bbox 1610 1697 1854 1762; x_wconf 87' lang='lat' dir='ltr'>necessitatem</span> <span class='ocrx_word' id='word_1_21' title='bbox 1886 1700 1990 1763; x_wconf 87' lang='lat' dir='ltr'>babet</span> <span class='ocrx_word' id='word_1_22' title='bbox 2023 1698 2183 1775; x_wconf 89' lang='lat' dir='ltr'>intrandi,</span> <span class='ocrx_word' id='word_1_23' title='bbox 2208 1698 2237 1763; x_wconf 90' lang='lat' dir='ltr'>si</span> <span class='ocrx_word' id='word_1_24' title='bbox 2270 1699 2411 1764; x_wconf 79' lang='lat' dir='ltr'>intraret</span> <span class='ocrx_word' id='word_1_25' title='bbox 2436 1719 2513 1764; x_wconf 88' lang='lat' dir='ltr'>curn</span> 
     </span>
     <span class='ocr_line' id='line_1_4' title="bbox 1038 1813 2513 1900; baseline 0.001 -23"><span class='ocrx_word' id='word_1_26' title='bbox 1038 1813 1220 1898; x_wconf 89' lang='lat' dir='ltr'>proposito</span> <span class='ocrx_word' id='word_1_27' title='bbox 1260 1813 1420 1892; x_wconf 84' lang='lat' dir='ltr'>exeundi,</span> <span class='ocrx_word' id='word_1_28' title='bbox 1460 1835 1531 1877; x_wconf 93' lang='lat' dir='ltr'>non</span> <span class='ocrx_word' id='word_1_29' title='bbox 1570 1828 1730 1899; x_wconf 88' lang='lat' dir='ltr'>peccat;</span> <span class='ocrx_word' id='word_1_30' title='bbox 1781 1815 1844 1879; x_wconf 88' lang='lat' dir='ltr'>sed</span> <span class='ocrx_word' id='word_1_31' title='bbox 1883 1814 1940 1898; x_wconf 91' lang='lat' dir='ltr'>qui</span> <span class='ocrx_word' id='word_1_32' title='bbox 1981 1827 2108 1899; x_wconf 88' lang='lat' dir='ltr'>sponte</span> <span class='ocrx_word' id='word_1_33' title='bbox 2149 1814 2290 1880; x_wconf 79' lang='lat' dir='ltr'>intraret</span> <span class='ocrx_word' id='word_1_34' title='bbox 2340 1829 2513 1900; x_wconf 87' lang='lat' dir='ltr'>peccaret.</span> 
     </span>
     <span class='ocr_line' id='line_1_5' title="bbox 1039 1929 2516 2016; baseline 0.002 -23"><span class='ocrx_word' id='word_1_35' title='bbox 1039 1929 1142 1994; x_wconf 82' lang='lat' dir='ltr'><strong>Unde</strong></span> <span class='ocrx_word' id='word_1_36' title='bbox 1177 1931 1252 1994; x_wconf 90' lang='lat' dir='ltr'>sola</span> <span class='ocrx_word' id='word_1_37' title='bbox 1287 1929 1483 1994; x_wconf 85' lang='lat' dir='ltr'>substantia</span> <span class='ocrx_word' id='word_1_38' title='bbox 1517 1929 1597 1994; x_wconf 85' lang='lat' dir='ltr'>facti</span> <span class='ocrx_word' id='word_1_39' title='bbox 1631 1930 1724 1994; x_wconf 89' lang='lat' dir='ltr'>cadit</span> <span class='ocrx_word' id='word_1_40' title='bbox 1760 1931 1825 1994; x_wconf 88' lang='lat' dir='ltr'>sub</span> <span class='ocrx_word' id='word_1_41' title='bbox 1861 1942 1943 1994; x_wconf 91' lang='lat' dir='ltr'>voto</span> <span class='ocrx_word' id='word_1_42' title='bbox 1972 1940 2006 1995; x_wconf 90' lang='lat' dir='ltr'>et</span> <span class='ocrx_word' id='word_1_43' title='bbox 2041 1951 2119 1995; x_wconf 92' lang='lat' dir='ltr'>cum</span> <span class='ocrx_word' id='word_1_44' title='bbox 2153 1930 2315 2016; x_wconf 89' lang='lat' dir='ltr'>impletur</span> <span class='ocrx_word' id='word_1_45' title='bbox 2351 1931 2516 1996; x_wconf 86' lang='lat' dir='ltr'>liberatur</span> 
     </span>
    </p>

    <p class='ocr_par' dir='ltr' id='par_1_3' title="bbox 844 2014 2515 3876">
     <span class='ocr_line' id='line_1_6' title="bbox 844 2014 2514 2141; baseline 0.001 -32"><span class='ocrx_word' id='word_1_46' title='bbox 844 2014 1015 2141; x_wconf 51' lang='lat' dir='ltr'>foffingb</span> <span class='ocrx_word' id='word_1_47' title='bbox 1038 2044 1105 2109; x_wconf 83' lang='lat' dir='ltr'>saci</span> <span class='ocrx_word' id='word_1_48' title='bbox 1138 2048 1141 2128; x_wconf 81' lang='lat' dir='ltr'>l</span> <span class='ocrx_word' id='word_1_49' title='bbox 1172 2067 1235 2110; x_wconf 90' lang='lat' dir='ltr'>ens</span> <span class='ocrx_word' id='word_1_50' title='bbox 1272 2046 1315 2109; x_wconf 89' lang='lat' dir='ltr'>ab</span> <span class='ocrx_word' id='word_1_51' title='bbox 1348 2044 1562 2133; x_wconf 82' lang='lat' dir='ltr'>obligatione</span> <span class='ocrx_word' id='word_1_52' title='bbox 1590 2045 1675 2123; x_wconf 83' lang='lat' dir='ltr'>voti3</span> <span class='ocrx_word' id='word_1_53' title='bbox 1709 2046 1771 2110; x_wconf 90' lang='lat' dir='ltr'>sed</span> <span class='ocrx_word' id='word_1_54' title='bbox 1808 2045 1920 2131; x_wconf 87' lang='lat' dir='ltr'>ipsum</span> <span class='ocrx_word' id='word_1_55' title='bbox 1953 2046 2082 2111; x_wconf 84' lang='lat' dir='ltr'>sactum</span> <span class='ocrx_word' id='word_1_56' title='bbox 2117 2068 2196 2112; x_wconf 92' lang='lat' dir='ltr'>cum</span> <span class='ocrx_word' id='word_1_57' title='bbox 2223 2046 2337 2132; x_wconf 89' lang='lat' dir='ltr'>aliqua</span> <span class='ocrx_word' id='word_1_58' title='bbox 2369 2046 2514 2112; x_wconf 86' lang='lat' dir='ltr'>circum·</span> 
     </span>
     <span class='ocr_line' id='line_1_7' title="bbox 1037 2160 2515 2246; baseline 0.001 -20"><span class='ocrx_word' id='word_1_59' title='bbox 1037 2160 1163 2226; x_wconf 80' lang='lat' dir='ltr'>stantia</span> <span class='ocrx_word' id='word_1_60' title='bbox 1187 2183 1258 2227; x_wconf 93' lang='lat' dir='ltr'>non</span> <span class='ocrx_word' id='word_1_61' title='bbox 1283 2162 1425 2226; x_wconf 88' lang='lat' dir='ltr'>caderet</span> <span class='ocrx_word' id='word_1_62' title='bbox 1449 2163 1514 2225; x_wconf 85' lang='lat' dir='ltr'>sub</span> <span class='ocrx_word' id='word_1_63' title='bbox 1546 2173 1628 2225; x_wconf 90' lang='lat' dir='ltr'>voto</span> <span class='ocrx_word' id='word_1_64' title='bbox 1664 2174 1871 2246; x_wconf 69' lang='lat' dir='ltr'>spontaneo</span> <span class='ocrx_word' id='word_1_65' title='bbox 1903 2183 2018 2246; x_wconf 89' lang='lat' dir='ltr'>neque</span> <span class='ocrx_word' id='word_1_66' title='bbox 2049 2164 2115 2227; x_wconf 93' lang='lat' dir='ltr'>sub</span> <span class='ocrx_word' id='word_1_67' title='bbox 2151 2163 2328 2228; x_wconf 88' lang='lat' dir='ltr'>voluntate</span> <span class='ocrx_word' id='word_1_68' title='bbox 2364 2163 2515 2229; x_wconf 86' lang='lat' dir='ltr'>faciendi</span> 
     </span>
     <span class='ocr_line' id='line_1_8' title="bbox 1036 2277 2515 2364; baseline 0.001 -23"><span class='ocrx_word' id='word_1_69' title='bbox 1036 2278 1197 2343; x_wconf 90' lang='lat' dir='ltr'>absoluta</span> <span class='ocrx_word' id='word_1_70' title='bbox 1221 2289 1255 2342; x_wconf 92' lang='lat' dir='ltr'>et</span> <span class='ocrx_word' id='word_1_71' title='bbox 1286 2289 1493 2362; x_wconf 87' lang='lat' dir='ltr'>spontanea.</span> <span class='ocrx_word' id='word_1_72' title='bbox 1520 2277 1609 2342; x_wconf 93' lang='lat' dir='ltr'>Cum</span> <span class='ocrx_word' id='word_1_73' title='bbox 1634 2299 1704 2361; x_wconf 85' lang='lat' dir='ltr'>qua</span> <span class='ocrx_word' id='word_1_74' title='bbox 1735 2288 1851 2342; x_wconf 86' lang='lat' dir='ltr'>tamen</span> <span class='ocrx_word' id='word_1_75' title='bbox 1888 2278 1980 2343; x_wconf 89' lang='lat' dir='ltr'>bene</span> <span class='ocrx_word' id='word_1_76' title='bbox 2004 2278 2098 2343; x_wconf 90' lang='lat' dir='ltr'>cadit</span> <span class='ocrx_word' id='word_1_77' title='bbox 2129 2279 2195 2343; x_wconf 89' lang='lat' dir='ltr'>sub</span> <span class='ocrx_word' id='word_1_78' title='bbox 2220 2289 2303 2344; x_wconf 87' lang='lat' dir='ltr'>voto</span> <span class='ocrx_word' id='word_1_79' title='bbox 2332 2301 2374 2344; x_wconf 86' lang='lat' dir='ltr'>ex</span> <span class='ocrx_word' id='word_1_80' title='bbox 2399 2279 2515 2364; x_wconf 87' lang='lat' dir='ltr'>aliqua</span> 
     </span>
     <span class='ocr_line' id='line_1_9' title="bbox 1036 2393 2514 2479; baseline 0.001 -21"><span class='ocrx_word' id='word_1_81' title='bbox 1036 2394 1220 2459; x_wconf 85' lang='lat' dir='ltr'>coactione</span> <span class='ocrx_word' id='word_1_82' title='bbox 1259 2394 1353 2458; x_wconf 84' lang='lat' dir='ltr'>facto</span> <span class='ocrx_word' id='word_1_83' title='bbox 1393 2405 1426 2458; x_wconf 95' lang='lat' dir='ltr'>et</span> <span class='ocrx_word' id='word_1_84' title='bbox 1462 2393 1563 2458; x_wconf 92' lang='lat' dir='ltr'>etiam</span> <span class='ocrx_word' id='word_1_85' title='bbox 1603 2394 1669 2457; x_wconf 89' lang='lat' dir='ltr'>sub</span> <span class='ocrx_word' id='word_1_86' title='bbox 1716 2393 1894 2459; x_wconf 89' lang='lat' dir='ltr'>voluntate</span> <span class='ocrx_word' id='word_1_87' title='bbox 1941 2405 2020 2459; x_wconf 90' lang='lat' dir='ltr'>actu</span> <span class='ocrx_word' id='word_1_88' title='bbox 2068 2393 2235 2479; x_wconf 90' lang='lat' dir='ltr'>implendi</span> <span class='ocrx_word' id='word_1_89' title='bbox 2274 2396 2320 2460; x_wconf 88' lang='lat' dir='ltr'>ob</span> <span class='ocrx_word' id='word_1_90' title='bbox 2364 2395 2514 2479; x_wconf 81' lang='lat' dir='ltr'>aliquam</span> 
     </span>
     <span class='ocr_line' id='line_1_10' title="bbox 1035 2509 2515 2595; baseline 0.001 -20"><span class='ocrx_word' id='word_1_91' title='bbox 1035 2510 1291 2575; x_wconf 86' lang='lat' dir='ltr'>necessitatem.</span> <span class='ocrx_word' id='word_1_92' title='bbox 1332 2509 1430 2575; x_wconf 87' lang='lat' dir='ltr'>Sicut</span> <span class='ocrx_word' id='word_1_93' title='bbox 1464 2531 1543 2573; x_wconf 92' lang='lat' dir='ltr'>cum</span> <span class='ocrx_word' id='word_1_94' title='bbox 1583 2509 1691 2574; x_wconf 87' lang='lat' dir='ltr'>libere</span> <span class='ocrx_word' id='word_1_95' title='bbox 1730 2509 1862 2574; x_wconf 88' lang='lat' dir='ltr'>intrans</span> <span class='ocrx_word' id='word_1_96' title='bbox 1901 2531 1980 2575; x_wconf 89' lang='lat' dir='ltr'>cum</span> <span class='ocrx_word' id='word_1_97' title='bbox 2020 2511 2202 2595; x_wconf 88' lang='lat' dir='ltr'>proposito</span> <span class='ocrx_word' id='word_1_98' title='bbox 2240 2511 2440 2595; x_wconf 84' lang='lat' dir='ltr'>experiendi</span> <span class='ocrx_word' id='word_1_99' title='bbox 2480 2522 2515 2576; x_wconf 88' lang='lat' dir='ltr'>et</span> 
     </span>
     <span class='ocr_line' id='line_1_11' title="bbox 1035 2625 2515 2713; baseline 0 -21"><span class='ocrx_word' id='word_1_100' title='bbox 1035 2626 1248 2705; x_wconf 83' lang='lat' dir='ltr'>remanendi,</span> <span class='ocrx_word' id='word_1_101' title='bbox 1288 2626 1351 2691; x_wconf 91' lang='lat' dir='ltr'>sed</span> <span class='ocrx_word' id='word_1_102' title='bbox 1390 2625 1504 2690; x_wconf 88' lang='lat' dir='ltr'>statim</span> <span class='ocrx_word' id='word_1_103' title='bbox 1544 2637 1624 2710; x_wconf 87' lang='lat' dir='ltr'>post</span> <span class='ocrx_word' id='word_1_104' title='bbox 1659 2625 1855 2713; x_wconf 86' lang='lat' dir='ltr'>ingressum</span> <span class='ocrx_word' id='word_1_105' title='bbox 1895 2637 2042 2690; x_wconf 90' lang='lat' dir='ltr'>mutaret</span> <span class='ocrx_word' id='word_1_106' title='bbox 2081 2625 2299 2711; x_wconf 89' lang='lat' dir='ltr'>propositum</span> <span class='ocrx_word' id='word_1_107' title='bbox 2339 2639 2373 2692; x_wconf 91' lang='lat' dir='ltr'>et</span> <span class='ocrx_word' id='word_1_108' title='bbox 2411 2627 2515 2692; x_wconf 88' lang='lat' dir='ltr'>vellet</span> 
     </span>
     <span class='ocr_line' id='line_1_12' title="bbox 1035 2741 2512 2827; baseline -0.001 -19"><span class='ocrx_word' id='word_1_109' title='bbox 1035 2741 1138 2821; x_wconf 84' lang='lat' dir='ltr'>exire,</span> <span class='ocrx_word' id='word_1_110' title='bbox 1163 2763 1235 2806; x_wconf 91' lang='lat' dir='ltr'>non</span> <span class='ocrx_word' id='word_1_111' title='bbox 1259 2741 1433 2807; x_wconf 92' lang='lat' dir='ltr'>videretur</span> <span class='ocrx_word' id='word_1_112' title='bbox 1467 2741 1579 2805; x_wconf 89' lang='lat' dir='ltr'>statim</span> <span class='ocrx_word' id='word_1_113' title='bbox 1613 2741 1706 2806; x_wconf 86' lang='lat' dir='ltr'>exire</span> <span class='ocrx_word' id='word_1_114' title='bbox 1741 2763 1848 2826; x_wconf 91' lang='lat' dir='ltr'>posse</span> <span class='ocrx_word' id='word_1_115' title='bbox 1884 2743 1960 2808; x_wconf 91' lang='lat' dir='ltr'>sine</span> <span class='ocrx_word' id='word_1_116' title='bbox 1995 2754 2153 2827; x_wconf 83' lang='lat' dir='ltr'>peccato,</span> <span class='ocrx_word' id='word_1_117' title='bbox 2179 2743 2260 2826; x_wconf 87' lang='lat' dir='ltr'>quia</span> <span class='ocrx_word' id='word_1_118' title='bbox 2292 2754 2326 2808; x_wconf 89' lang='lat' dir='ltr'>et</span> <span class='ocrx_word' id='word_1_119' title='bbox 2356 2743 2512 2808; x_wconf 91' lang='lat' dir='ltr'>ordinem</span> 
     </span>
     <span class='ocr_line' id='line_1_13' title="bbox 1036 2856 2512 2942; baseline -0.001 -19"><span class='ocrx_word' id='word_1_120' title='bbox 1036 2870 1069 2923; x_wconf 92' lang='lat' dir='ltr'>et</span> <span class='ocrx_word' id='word_1_121' title='bbox 1094 2879 1132 2923; x_wconf 91' lang='lat' dir='ltr'>se</span> <span class='ocrx_word' id='word_1_122' title='bbox 1157 2858 1269 2942; x_wconf 92' lang='lat' dir='ltr'>ipsum</span> <span class='ocrx_word' id='word_1_123' title='bbox 1295 2880 1336 2923; x_wconf 93' lang='lat' dir='ltr'>ex</span> <span class='ocrx_word' id='word_1_124' title='bbox 1361 2857 1419 2922; x_wconf 92' lang='lat' dir='ltr'>tali</span> <span class='ocrx_word' id='word_1_125' title='bbox 1443 2856 1556 2921; x_wconf 91' lang='lat' dir='ltr'>subita</span> <span class='ocrx_word' id='word_1_126' title='bbox 1581 2857 1773 2922; x_wconf 83' lang='lat' dir='ltr'>mutatione</span> <span class='ocrx_word' id='word_1_127' title='bbox 1798 2856 1972 2922; x_wconf 88' lang='lat' dir='ltr'>videretur</span> <span class='ocrx_word' id='word_1_128' title='bbox 1996 2859 2243 2938; x_wconf 77' lang='lat' dir='ltr'>scandalizare,</span> <span class='ocrx_word' id='word_1_129' title='bbox 2271 2897 2310 2906; x_wconf 95' lang='lat'>—</span> <span class='ocrx_word' id='word_1_130' title='bbox 2340 2858 2386 2923; x_wconf 86' lang='lat' dir='ltr'>ita</span> <span class='ocrx_word' id='word_1_131' title='bbox 2411 2858 2512 2924; x_wconf 87' lang='lat' dir='ltr'>etiam</span> 
     </span>
     <span class='ocr_line' id='line_1_14' title="bbox 1036 2973 2515 3059; baseline 0.001 -21"><span class='ocrx_word' id='word_1_132' title='bbox 1036 2975 1116 3039; x_wconf 91' lang='grc'>11001</span> <span class='ocrx_word' id='word_1_133' title='bbox 1147 2973 1223 3038; x_wconf 84' lang='grc'>10110</span> <span class='ocrx_word' id='word_1_134' title='bbox 1255 2973 1365 3058; x_wconf 80' lang='lat' dir='ltr'>possit</span> <span class='ocrx_word' id='word_1_135' title='bbox 1397 2985 1477 3038; x_wconf 90' lang='lat' dir='ltr'>ante</span> <span class='ocrx_word' id='word_1_136' title='bbox 1502 2973 1698 3059; x_wconf 78' lang='lat' dir='ltr'>ingressum</span> <span class='ocrx_word' id='word_1_137' title='bbox 1730 2973 1822 3038; x_wconf 90' lang='lat' dir='ltr'>licite</span> <span class='ocrx_word' id='word_1_138' title='bbox 1850 2986 1982 3038; x_wconf 90' lang='lat' dir='ltr'>mutare</span> <span class='ocrx_word' id='word_1_139' title='bbox 2011 2974 2239 3059; x_wconf 84' lang='lat' dir='ltr'>propositum,</span> <span class='ocrx_word' id='word_1_140' title='bbox 2265 2986 2380 3039; x_wconf 87' lang='lat' dir='ltr'>tamen</span> <span class='ocrx_word' id='word_1_141' title='bbox 2410 2976 2515 3039; x_wconf 88' lang='lat' dir='ltr'>debet</span> 
     </span>
     <span class='ocr_line' id='line_1_15' title="bbox 1036 3089 2512 3176; baseline 0 -21"><span class='ocrx_word' id='word_1_142' title='bbox 1036 3112 1233 3176; x_wconf 82' lang='lat' dir='ltr'>proponere</span> <span class='ocrx_word' id='word_1_143' title='bbox 1270 3101 1402 3154; x_wconf 86' lang='lat' dir='ltr'>tantum</span> <span class='ocrx_word' id='word_1_144' title='bbox 1441 3111 1620 3154; x_wconf 90' lang='lat' dir='ltr'>remanere</span> <span class='ocrx_word' id='word_1_145' title='bbox 1656 3101 1690 3153; x_wconf 91' lang='lat' dir='ltr'>et</span> <span class='ocrx_word' id='word_1_146' title='bbox 1729 3089 1876 3174; x_wconf 88' lang='lat' dir='ltr'>experiri</span> <span class='ocrx_word' id='word_1_147' title='bbox 1915 3091 2010 3174; x_wconf 89' lang='lat' dir='ltr'>quod</span> <span class='ocrx_word' id='word_1_148' title='bbox 2050 3090 2283 3175; x_wconf 58' lang='lat' dir='ltr'>praedicturos</span> <span class='ocrx_word' id='word_1_149' title='bbox 2307 3092 2512 3155; x_wconf 89' lang='lat' dir='ltr'>scandalum</span> 
     </span>
     <span class='ocr_line' id='line_1_16' title="bbox 1036 3205 2513 3291; baseline 0.001 -21"><span class='ocrx_word' id='word_1_150' title='bbox 1036 3207 1170 3287; x_wconf 82' lang='lat' dir='ltr'>vitetur,</span> <span class='ocrx_word' id='word_1_151' title='bbox 1217 3207 1279 3271; x_wconf 87' lang='lat' dir='ltr'>sed</span> <span class='ocrx_word' id='word_1_152' title='bbox 1328 3228 1399 3271; x_wconf 92' lang='lat' dir='ltr'>non</span> <span class='ocrx_word' id='word_1_153' title='bbox 1447 3217 1583 3290; x_wconf 77' lang='lat' dir='ltr'>oportet</span> <span class='ocrx_word' id='word_1_154' title='bbox 1627 3206 1722 3289; x_wconf 91' lang='lat' dir='ltr'>quod</span> <span class='ocrx_word' id='word_1_155' title='bbox 1771 3206 1898 3269; x_wconf 81' lang='lat' dir='ltr'>lrabeat</span> <span class='ocrx_word' id='word_1_156' title='bbox 1944 3205 2162 3291; x_wconf 82' lang='lat' dir='ltr'>propositum</span> <span class='ocrx_word' id='word_1_157' title='bbox 2209 3207 2411 3272; x_wconf 89' lang='lat' dir='ltr'>remanendi</span> <span class='ocrx_word' id='word_1_158' title='bbox 2459 3208 2513 3271; x_wconf 81' lang='grc'>101</span> 
     </span>
     <span class='ocr_line' id='line_1_17' title="bbox 1036 3321 2515 3408; baseline -0.001 -20"><span class='ocrx_word' id='word_1_159' title='bbox 1036 3322 1237 3408; x_wconf 89' lang='lat' dir='ltr'>experiendi</span> <span class='ocrx_word' id='word_1_160' title='bbox 1276 3322 1310 3386; x_wconf 89' lang='lat' dir='ltr'>in</span> <span class='ocrx_word' id='word_1_161' title='bbox 1351 3322 1473 3386; x_wconf 88' lang='lat' dir='ltr'>ordine</span> <span class='ocrx_word' id='word_1_162' title='bbox 1504 3323 1548 3386; x_wconf 91' lang='lat' dir='ltr'>ad</span> <span class='ocrx_word' id='word_1_163' title='bbox 1578 3321 1839 3386; x_wconf 89' lang='lat' dir='ltr'>remanendum.</span> <span class='ocrx_word' id='word_1_164' title='bbox 1879 3321 1916 3386; x_wconf 90' lang='lat' dir='ltr'>Si</span> <span class='ocrx_word' id='word_1_165' title='bbox 1949 3343 2034 3408; x_wconf 72' lang='lat' dir='ltr'>ergo</span> <span class='ocrx_word' id='word_1_166' title='bbox 2075 3323 2210 3386; x_wconf 89' lang='lat' dir='ltr'>dicatur</span> <span class='ocrx_word' id='word_1_167' title='bbox 2244 3324 2338 3407; x_wconf 91' lang='lat' dir='ltr'>quod</span> <span class='ocrx_word' id='word_1_168' title='bbox 2376 3334 2515 3388; x_wconf 90' lang='lat' dir='ltr'>tenetur</span> 
     </span>
     <span class='ocr_line' id='line_1_18' title="bbox 1035 3436 2513 3525; baseline -0.001 -21"><span class='ocrx_word' id='word_1_169' title='bbox 1035 3441 1165 3505; x_wconf 87' lang='lat' dir='ltr'>habere</span> <span class='ocrx_word' id='word_1_170' title='bbox 1190 3438 1503 3525; x_wconf 86' lang='lat' dir='ltr'>propositumnon</span> <span class='ocrx_word' id='word_1_171' title='bbox 1536 3436 1800 3503; x_wconf 86' lang='lat' dir='ltr'>determinatum</span> <span class='ocrx_word' id='word_1_172' title='bbox 1830 3438 1873 3501; x_wconf 92' lang='lat' dir='ltr'>de</span> <span class='ocrx_word' id='word_1_173' title='bbox 1902 3437 2114 3522; x_wconf 81' lang='lat' dir='ltr'>experiendo</span> <span class='ocrx_word' id='word_1_174' title='bbox 2139 3450 2173 3503; x_wconf 91' lang='lat' dir='ltr'>et</span> <span class='ocrx_word' id='word_1_175' title='bbox 2201 3441 2266 3503; x_wconf 89' lang='lat' dir='ltr'>sub</span> <span class='ocrx_word' id='word_1_176' title='bbox 2292 3439 2513 3519; x_wconf 85' lang='lat' dir='ltr'>condicione,</span> 
     </span>
     <span class='ocr_line' id='line_1_19' title="bbox 1036 3553 2513 3641; baseline -0.001 -20"><span class='ocrx_word' id='word_1_177' title='bbox 1036 3556 1167 3622; x_wconf 88' lang='grc'>00111001</span> <span class='ocrx_word' id='word_1_178' title='bbox 1198 3556 1226 3620; x_wconf 87' lang='grc'>01</span> <span class='ocrx_word' id='word_1_179' title='bbox 1258 3554 1323 3620; x_wconf 84' lang='lat' dir='ltr'>sibi</span> <span class='ocrx_word' id='word_1_180' title='bbox 1355 3555 1491 3640; x_wconf 88' lang='lat' dir='ltr'>placeat</span> <span class='ocrx_word' id='word_1_181' title='bbox 1523 3555 1566 3619; x_wconf 91' lang='lat' dir='ltr'>de</span> <span class='ocrx_word' id='word_1_182' title='bbox 1598 3553 1806 3639; x_wconf 86' lang='lat' dir='ltr'>profitendo,</span> <span class='ocrx_word' id='word_1_183' title='bbox 1832 3553 1877 3617; x_wconf 87' lang='lat' dir='ltr'>ita</span> <span class='ocrx_word' id='word_1_184' title='bbox 1909 3553 2010 3618; x_wconf 88' lang='lat' dir='ltr'>etiam</span> <span class='ocrx_word' id='word_1_185' title='bbox 2036 3575 2107 3618; x_wconf 91' lang='lat' dir='ltr'>non</span> <span class='ocrx_word' id='word_1_186' title='bbox 2132 3557 2268 3620; x_wconf 88' lang='lat' dir='ltr'>habens</span> <span class='ocrx_word' id='word_1_187' title='bbox 2293 3555 2513 3641; x_wconf 88' lang='lat' dir='ltr'>propositum</span> 
     </span>
     <span class='ocr_line' id='line_1_20' title="bbox 1036 3669 2512 3755; baseline 0 -18"><span class='ocrx_word' id='word_1_188' title='bbox 1036 3671 1186 3737; x_wconf 89' lang='lat' dir='ltr'>intrandi</span> <span class='ocrx_word' id='word_1_189' title='bbox 1218 3673 1324 3736; x_wconf 88' lang='lat' dir='ltr'>babet</span> <span class='ocrx_word' id='word_1_190' title='bbox 1358 3670 1425 3735; x_wconf 87' lang='lat' dir='ltr'>tale</span> <span class='ocrx_word' id='word_1_191' title='bbox 1467 3669 1683 3755; x_wconf 90' lang='lat' dir='ltr'>propositum</span> <span class='ocrx_word' id='word_1_192' title='bbox 1724 3671 1789 3733; x_wconf 90' lang='lat' dir='ltr'>sub</span> <span class='ocrx_word' id='word_1_193' title='bbox 1826 3669 2045 3750; x_wconf 88' lang='lat' dir='ltr'>condicione,</span> <span class='ocrx_word' id='word_1_194' title='bbox 2076 3670 2207 3735; x_wconf 90' lang='lat' dir='ltr'>scilicet</span> <span class='ocrx_word' id='word_1_195' title='bbox 2242 3672 2337 3755; x_wconf 92' lang='lat' dir='ltr'>quod</span> <span class='ocrx_word' id='word_1_196' title='bbox 2374 3671 2512 3737; x_wconf 90' lang='lat' dir='ltr'>intrabit</span> 
     </span>
     <span class='ocr_line' id='line_1_21' title="bbox 1035 3784 2169 3876; baseline -0.003 -23"><span class='ocrx_word' id='word_1_197' title='bbox 1035 3788 1240 3876; x_wconf 85' lang='lat' dir='ltr'>religionem</span> <span class='ocrx_word' id='word_1_198' title='bbox 1264 3798 1299 3852; x_wconf 91' lang='lat' dir='ltr'>et</span> <span class='ocrx_word' id='word_1_199' title='bbox 1323 3787 1417 3871; x_wconf 90' lang='lat' dir='ltr'>quod</span> <span class='ocrx_word' id='word_1_200' title='bbox 1441 3785 1658 3871; x_wconf 87' lang='lat' dir='ltr'>profitebitur</span> <span class='ocrx_word' id='word_1_201' title='bbox 1682 3785 1711 3849; x_wconf 93' lang='lat' dir='ltr'>si</span> <span class='ocrx_word' id='word_1_202' title='bbox 1736 3784 1801 3850; x_wconf 89' lang='lat' dir='ltr'>sibi</span> <span class='ocrx_word' id='word_1_203' title='bbox 1826 3786 1962 3870; x_wconf 87' lang='lat' dir='ltr'>placeat</span> <span class='ocrx_word' id='word_1_204' title='bbox 1986 3798 2020 3851; x_wconf 92' lang='lat' dir='ltr'>et</span> <span class='ocrx_word' id='word_1_205' title='bbox 2044 3798 2169 3852; x_wconf 86' lang='lat' dir='ltr'>cetera.</span> 
     </span>
    </p>

    <p class='ocr_par' dir='ltr' id='par_1_4' title="bbox 1035 3900 2514 5148">
     <span class='ocr_line' id='line_1_22' title="bbox 1125 3900 2512 3988; baseline 0 -20"><span class='ocrx_word' id='word_1_206' title='bbox 1125 3905 1209 3970; x_wconf 88' lang='lat' dir='ltr'>Item</span> <span class='ocrx_word' id='word_1_207' title='bbox 1245 3903 1274 3967; x_wconf 89' lang='lat' dir='ltr'>si</span> <span class='ocrx_word' id='word_1_208' title='bbox 1310 3914 1446 3968; x_wconf 88' lang='lat' dir='ltr'>tenetur</span> <span class='ocrx_word' id='word_1_209' title='bbox 1470 3900 1628 3987; x_wconf 81' lang='lat' dir='ltr'>experiri,</span> <span class='ocrx_word' id='word_1_210' title='bbox 1660 3912 1720 3966; x_wconf 91' lang='lat' dir='ltr'>aut</span> <span class='ocrx_word' id='word_1_211' title='bbox 1755 3901 1836 3986; x_wconf 88' lang='lat' dir='ltr'>quia</span> <span class='ocrx_word' id='word_1_212' title='bbox 1871 3902 2064 3987; x_wconf 90' lang='lat' dir='ltr'>proposuit,</span> <span class='ocrx_word' id='word_1_213' title='bbox 2091 3914 2149 3967; x_wconf 89' lang='lat' dir='ltr'>aut</span> <span class='ocrx_word' id='word_1_214' title='bbox 2180 3903 2262 3988; x_wconf 88' lang='lat' dir='ltr'>quia</span> <span class='ocrx_word' id='word_1_215' title='bbox 2293 3903 2396 3968; x_wconf 88' lang='lat' dir='ltr'>vovit.</span> <span class='ocrx_word' id='word_1_216' title='bbox 2433 3905 2512 3968; x_wconf 91' lang='lat' dir='ltr'>Non</span> 
     </span>
     <span class='ocr_line' id='line_1_23' title="bbox 1036 4018 2513 4106; baseline 0 -21"><span class='ocrx_word' id='word_1_217' title='bbox 1036 4020 1148 4106; x_wconf 89' lang='lat' dir='ltr'>primo</span> <span class='ocrx_word' id='word_1_218' title='bbox 1178 4020 1283 4084; x_wconf 88' lang='lat' dir='ltr'>modo</span> <span class='ocrx_word' id='word_1_219' title='bbox 1320 4030 1356 4083; x_wconf 92' lang='lat' dir='ltr'>ut</span> <span class='ocrx_word' id='word_1_220' title='bbox 1387 4028 1492 4103; x_wconf 89' lang='lat' dir='ltr'>patet,</span> <span class='ocrx_word' id='word_1_221' title='bbox 1518 4038 1584 4082; x_wconf 93' lang='lat' dir='ltr'>nec</span> <span class='ocrx_word' id='word_1_222' title='bbox 1617 4018 1775 4082; x_wconf 91' lang='lat' dir='ltr'>secundo</span> <span class='ocrx_word' id='word_1_223' title='bbox 1807 4028 1844 4082; x_wconf 90' lang='lat' dir='ltr'>ut</span> <span class='ocrx_word' id='word_1_224' title='bbox 1871 4018 1975 4082; x_wconf 89' lang='lat' dir='ltr'>etiam</span> <span class='ocrx_word' id='word_1_225' title='bbox 2011 4030 2116 4103; x_wconf 89' lang='lat' dir='ltr'>patet.</span> <span class='ocrx_word' id='word_1_226' title='bbox 2152 4020 2273 4084; x_wconf 83' lang='lat' dir='ltr'>Potest</span> <span class='ocrx_word' id='word_1_227' title='bbox 2309 4020 2401 4085; x_wconf 94' lang='lat' dir='ltr'>enim</span> <span class='ocrx_word' id='word_1_228' title='bbox 2434 4041 2513 4085; x_wconf 90' lang='lat' dir='ltr'>esse</span> 
     </span>
     <span class='ocr_line' id='line_1_24' title="bbox 1036 4132 2514 4221; baseline -0.001 -20"><span class='ocrx_word' id='word_1_229' title='bbox 1036 4138 1130 4221; x_wconf 91' lang='lat' dir='ltr'>quod</span> <span class='ocrx_word' id='word_1_230' title='bbox 1156 4148 1237 4221; x_wconf 86' lang='lat' dir='ltr'>post</span> <span class='ocrx_word' id='word_1_231' title='bbox 1266 4147 1383 4200; x_wconf 92' lang='lat' dir='ltr'>votum</span> <span class='ocrx_word' id='word_1_232' title='bbox 1408 4133 1488 4198; x_wconf 88' lang='lat' dir='ltr'>talia</span> <span class='ocrx_word' id='word_1_233' title='bbox 1513 4132 1778 4198; x_wconf 87' lang='lat' dir='ltr'>considerantur</span> <span class='ocrx_word' id='word_1_234' title='bbox 1809 4146 1842 4199; x_wconf 92' lang='lat' dir='ltr'>et</span> <span class='ocrx_word' id='word_1_235' title='bbox 1872 4133 2037 4199; x_wconf 84' lang='lat' dir='ltr'>intellexit</span> <span class='ocrx_word' id='word_1_236' title='bbox 2068 4147 2210 4220; x_wconf 89' lang='lat' dir='ltr'>propter</span> <span class='ocrx_word' id='word_1_237' title='bbox 2245 4157 2335 4220; x_wconf 89' lang='lat' dir='ltr'>quae</span> <span class='ocrx_word' id='word_1_238' title='bbox 2367 4136 2395 4199; x_wconf 91' lang='lat' dir='ltr'>si</span> <span class='ocrx_word' id='word_1_239' title='bbox 2421 4145 2514 4201; x_wconf 87' lang='lat' dir='ltr'>esset</span> 
     </span>
     <span class='ocr_line' id='line_1_25' title="bbox 1036 4249 2513 4330; baseline -0.001 -13"><span class='ocrx_word' id='word_1_240' title='bbox 1036 4253 1070 4317; x_wconf 93' lang='lat' dir='ltr'>in</span> <span class='ocrx_word' id='word_1_241' title='bbox 1100 4252 1221 4317; x_wconf 90' lang='lat' dir='ltr'>ordine</span> <span class='ocrx_word' id='word_1_242' title='bbox 1250 4252 1353 4318; x_wconf 83' lang='lat' dir='ltr'>vellet</span> <span class='ocrx_word' id='word_1_243' title='bbox 1377 4250 1479 4330; x_wconf 83' lang='lat' dir='ltr'>exire,</span> <span class='ocrx_word' id='word_1_244' title='bbox 1505 4262 1564 4314; x_wconf 93' lang='lat' dir='ltr'>aut</span> <span class='ocrx_word' id='word_1_245' title='bbox 1588 4249 1690 4314; x_wconf 91' lang='lat' dir='ltr'>etiam</span> <span class='ocrx_word' id='word_1_246' title='bbox 1720 4261 1835 4314; x_wconf 88' lang='lat' dir='ltr'>tamen</span> <span class='ocrx_word' id='word_1_247' title='bbox 1865 4250 2018 4315; x_wconf 85' lang='lat' dir='ltr'>existens</span> <span class='ocrx_word' id='word_1_248' title='bbox 2043 4251 2077 4314; x_wconf 92' lang='lat' dir='ltr'>in</span> <span class='ocrx_word' id='word_1_249' title='bbox 2106 4251 2229 4316; x_wconf 90' lang='lat' dir='ltr'>ordine</span> <span class='ocrx_word' id='word_1_250' title='bbox 2253 4273 2325 4316; x_wconf 91' lang='lat' dir='ltr'>non</span> <span class='ocrx_word' id='word_1_251' title='bbox 2350 4253 2513 4318; x_wconf 88' lang='lat' dir='ltr'>obstante</span> 
     </span>
     <span class='ocr_line' id='line_1_26' title="bbox 1037 4365 2513 4455; baseline -0.001 -21"><span class='ocrx_word' id='word_1_252' title='bbox 1037 4369 1248 4454; x_wconf 85' lang='lat' dir='ltr'>experientia</span> <span class='ocrx_word' id='word_1_253' title='bbox 1285 4368 1358 4432; x_wconf 89' lang='lat' dir='ltr'>sola</span> <span class='ocrx_word' id='word_1_254' title='bbox 1394 4378 1427 4431; x_wconf 85' lang='lat' dir='ltr'>et</span> <span class='ocrx_word' id='word_1_255' title='bbox 1462 4365 1609 4451; x_wconf 88' lang='lat' dir='ltr'>simplici</span> <span class='ocrx_word' id='word_1_256' title='bbox 1645 4367 1822 4430; x_wconf 88' lang='lat' dir='ltr'>voluntate</span> <span class='ocrx_word' id='word_1_257' title='bbox 1859 4377 1978 4450; x_wconf 86' lang='lat' dir='ltr'>posset</span> <span class='ocrx_word' id='word_1_258' title='bbox 2021 4367 2124 4431; x_wconf 89' lang='lat' dir='ltr'>exire.</span> <span class='ocrx_word' id='word_1_259' title='bbox 2161 4367 2260 4431; x_wconf 88' lang='lat' dir='ltr'>Vana</span> <span class='ocrx_word' id='word_1_260' title='bbox 2296 4389 2381 4455; x_wconf 82' lang='lat' dir='ltr'>ergo</span> <span class='ocrx_word' id='word_1_261' title='bbox 2420 4381 2513 4433; x_wconf 86' lang='lat' dir='ltr'>esset</span> 
     </span>
     <span class='ocr_line' id='line_1_27' title="bbox 1035 4481 2512 4570; baseline 0 -21"><span class='ocrx_word' id='word_1_262' title='bbox 1035 4484 1181 4570; x_wconf 91' lang='lat' dir='ltr'>amplior</span> <span class='ocrx_word' id='word_1_263' title='bbox 1228 4483 1451 4569; x_wconf 83' lang='lat' dir='ltr'>experientia,</span> <span class='ocrx_word' id='word_1_264' title='bbox 1502 4493 1536 4546; x_wconf 92' lang='lat' dir='ltr'>et</span> <span class='ocrx_word' id='word_1_265' title='bbox 1586 4481 1631 4545; x_wconf 89' lang='lat' dir='ltr'>ita</span> <span class='ocrx_word' id='word_1_266' title='bbox 1681 4504 1751 4546; x_wconf 90' lang='lat' dir='ltr'>non</span> <span class='ocrx_word' id='word_1_267' title='bbox 1804 4483 1850 4545; x_wconf 78' lang='lat' dir='ltr'>ad</span> <span class='ocrx_word' id='word_1_268' title='bbox 1896 4488 2027 4546; x_wconf 80' lang='lat' dir='ltr'>certum</span> <span class='ocrx_word' id='word_1_269' title='bbox 2078 4494 2215 4569; x_wconf 86' lang='lat' dir='ltr'>tempus</span> <span class='ocrx_word' id='word_1_270' title='bbox 2266 4489 2359 4548; x_wconf 82' lang='lat' dir='ltr'>esset</span> <span class='ocrx_word' id='word_1_271' title='bbox 2410 4505 2512 4568; x_wconf 90' lang='lat' dir='ltr'>expe·</span> 
     </span>
     <span class='ocr_line' id='line_1_28' title="bbox 1035 4598 2513 4684; baseline -0.001 -18"><span class='ocrx_word' id='word_1_272' title='bbox 1035 4601 1204 4679; x_wconf 81' lang='lat' dir='ltr'>nendum,</span> <span class='ocrx_word' id='word_1_273' title='bbox 1245 4622 1322 4665; x_wconf 90' lang='lat' dir='ltr'>cum</span> <span class='ocrx_word' id='word_1_274' title='bbox 1360 4599 1425 4663; x_wconf 88' lang='lat' dir='ltr'>iam</span> <span class='ocrx_word' id='word_1_275' title='bbox 1461 4609 1638 4664; x_wconf 83' lang='lat' dir='ltr'>constaret</span> <span class='ocrx_word' id='word_1_276' title='bbox 1673 4598 1738 4662; x_wconf 91' lang='lat' dir='ltr'>sibi</span> <span class='ocrx_word' id='word_1_277' title='bbox 1771 4599 1865 4682; x_wconf 90' lang='lat' dir='ltr'>qnod</span> <span class='ocrx_word' id='word_1_278' title='bbox 1901 4619 2121 4682; x_wconf 88' lang='lat' dir='ltr'>quacumque</span> <span class='ocrx_word' id='word_1_279' title='bbox 2150 4599 2362 4684; x_wconf 88' lang='lat' dir='ltr'>experientia</span> <span class='ocrx_word' id='word_1_280' title='bbox 2395 4599 2513 4665; x_wconf 87' lang='lat' dir='ltr'>habita</span> 
     </span>
     <span class='ocr_line' id='line_1_29' title="bbox 1035 4712 2511 4799; baseline -0.001 -20"><span class='ocrx_word' id='word_1_281' title='bbox 1035 4737 1106 4780; x_wconf 93' lang='lat' dir='ltr'>non</span> <span class='ocrx_word' id='word_1_282' title='bbox 1143 4726 1257 4780; x_wconf 89' lang='lat' dir='ltr'>staret.</span> <span class='ocrx_word' id='word_1_283' title='bbox 1294 4714 1332 4779; x_wconf 90' lang='lat' dir='ltr'>Si</span> <span class='ocrx_word' id='word_1_284' title='bbox 1356 4713 1458 4778; x_wconf 90' lang='lat' dir='ltr'>etiam</span> <span class='ocrx_word' id='word_1_285' title='bbox 1484 4712 1618 4777; x_wconf 88' lang='lat' dir='ltr'>dicatur</span> <span class='ocrx_word' id='word_1_286' title='bbox 1642 4713 1737 4796; x_wconf 93' lang='lat' dir='ltr'>quod</span> <span class='ocrx_word' id='word_1_287' title='bbox 1773 4713 1948 4799; x_wconf 84' lang='lat' dir='ltr'>obligatus</span> <span class='ocrx_word' id='word_1_288' title='bbox 1974 4726 2026 4777; x_wconf 90' lang='lat' dir='ltr'>est</span> <span class='ocrx_word' id='word_1_289' title='bbox 2057 4713 2134 4777; x_wconf 89' lang='lat' dir='ltr'>talis</span> <span class='ocrx_word' id='word_1_290' title='bbox 2171 4714 2214 4777; x_wconf 91' lang='lat' dir='ltr'>ad</span> <span class='ocrx_word' id='word_1_291' title='bbox 2251 4713 2511 4798; x_wconf 79' lang='lat' dir='ltr'>experiendum,</span> 
     </span>
     <span class='ocr_line' id='line_1_30' title="bbox 1035 4829 2513 4915; baseline -0.001 -19"><span class='ocrx_word' id='word_1_292' title='bbox 1035 4853 1166 4915; x_wconf 82' lang='lat' dir='ltr'>quaero</span> <span class='ocrx_word' id='word_1_293' title='bbox 1206 4832 1250 4895; x_wconf 88' lang='lat' dir='ltr'>ad</span> <span class='ocrx_word' id='word_1_294' title='bbox 1290 4840 1456 4914; x_wconf 90' lang='lat' dir='ltr'>quantum</span> <span class='ocrx_word' id='word_1_295' title='bbox 1497 4840 1644 4913; x_wconf 80' lang='lat' dir='ltr'>ternpus</span> <span class='ocrx_word' id='word_1_296' title='bbox 1684 4829 1764 4893; x_wconf 92' lang='lat' dir='ltr'>Non</span> <span class='ocrx_word' id='word_1_297' title='bbox 1803 4839 1857 4893; x_wconf 89' lang='lat' dir='ltr'>est</span> <span class='ocrx_word' id='word_1_298' title='bbox 1895 4840 2009 4894; x_wconf 91' lang='lat' dir='ltr'>autem</span> <span class='ocrx_word' id='word_1_299' title='bbox 2050 4829 2119 4894; x_wconf 87' lang='lat' dir='ltr'>boc</span> <span class='ocrx_word' id='word_1_300' title='bbox 2158 4829 2429 4895; x_wconf 88' lang='lat' dir='ltr'>determinabile.</span> <span class='ocrx_word' id='word_1_301' title='bbox 2469 4830 2513 4895; x_wconf 90' lang='lat' dir='ltr'>Et</span> 
     </span>
     <span class='ocr_line' id='line_1_31' title="bbox 1035 4943 2512 5032; baseline -0.001 -20"><span class='ocrx_word' id='word_1_302' title='bbox 1035 4949 1124 5014; x_wconf 89' lang='lat' dir='ltr'>sicut</span> <span class='ocrx_word' id='word_1_303' title='bbox 1174 4946 1428 5012; x_wconf 88' lang='lat' dir='ltr'>inconveniens</span> <span class='ocrx_word' id='word_1_304' title='bbox 1474 4945 1649 5010; x_wconf 85' lang='lat' dir='ltr'>videretur</span> <span class='ocrx_word' id='word_1_305' title='bbox 1695 4943 1810 5009; x_wconf 89' lang='lat' dir='ltr'>dicere</span> <span class='ocrx_word' id='word_1_306' title='bbox 1857 4946 1951 5028; x_wconf 89' lang='lat' dir='ltr'>quod</span> <span class='ocrx_word' id='word_1_307' title='bbox 1992 4945 2171 5032; x_wconf 83' lang='lat' dir='ltr'>ingressus</span> <span class='ocrx_word' id='word_1_308' title='bbox 2211 4967 2289 5010; x_wconf 91' lang='lat' dir='ltr'>cum</span> <span class='ocrx_word' id='word_1_309' title='bbox 2330 4945 2512 5031; x_wconf 87' lang='lat' dir='ltr'>proposito</span> 
     </span>
     <span class='ocr_line' id='line_1_32' title="bbox 1035 5060 2511 5148; baseline -0.001 -19"><span class='ocrx_word' id='word_1_310' title='bbox 1035 5064 1186 5130; x_wconf 90' lang='lat' dir='ltr'>exeundi</span> <span class='ocrx_word' id='word_1_311' title='bbox 1221 5064 1354 5146; x_wconf 85' lang='lat' dir='ltr'>absque</span> <span class='ocrx_word' id='word_1_312' title='bbox 1379 5060 1590 5146; x_wconf 86' lang='lat' dir='ltr'>experientia</span> <span class='ocrx_word' id='word_1_313' title='bbox 1615 5082 1687 5125; x_wconf 93' lang='lat' dir='ltr'>non</span> <span class='ocrx_word' id='word_1_314' title='bbox 1720 5071 1773 5125; x_wconf 90' lang='lat' dir='ltr'>est</span> <span class='ocrx_word' id='word_1_315' title='bbox 1804 5061 1991 5140; x_wconf 87' lang='lat' dir='ltr'>rationalis,</span> <span class='ocrx_word' id='word_1_316' title='bbox 2017 5061 2063 5125; x_wconf 86' lang='lat' dir='ltr'>ita</span> <span class='ocrx_word' id='word_1_317' title='bbox 2093 5061 2195 5126; x_wconf 90' lang='lat' dir='ltr'>etiam</span> <span class='ocrx_word' id='word_1_318' title='bbox 2221 5084 2299 5126; x_wconf 92' lang='lat' dir='ltr'>cum</span> <span class='ocrx_word' id='word_1_319' title='bbox 2329 5062 2511 5148; x_wconf 87' lang='lat' dir='ltr'>proposito</span> 
     </span>
    </p>
   </div>
   <div class='ocr_carea' id='block_1_3' title="bbox 1035 5165 2512 5265">
    <p class='ocr_par' dir='ltr' id='par_1_5' title="bbox 1035 5165 2512 5265">
     <span class='ocr_line' id='line_1_33' title="bbox 1035 5165 2512 5265; baseline -0.002 -19"><span class='ocrx_word' id='word_1_320' title='bbox 1035 5178 1235 5265; x_wconf 88' lang='lat' dir='ltr'>experiendi</span> <span class='ocrx_word' id='word_1_321' title='bbox 1271 5180 1315 5243; x_wconf 88' lang='lat' dir='ltr'>ad</span> <span class='ocrx_word' id='word_1_322' title='bbox 1347 5189 1477 5244; x_wconf 89' lang='lat' dir='ltr'>certum</span> <span class='ocrx_word' id='word_1_323' title='bbox 1510 5189 1647 5262; x_wconf 90' lang='lat' dir='ltr'>tempus</span> <span class='ocrx_word' id='word_1_324' title='bbox 1679 5188 1712 5241; x_wconf 89' lang='lat' dir='ltr'>et</span> <span class='ocrx_word' id='word_1_325' title='bbox 1744 5187 1827 5241; x_wconf 90' lang='lat' dir='ltr'>tunc</span> <span class='ocrx_word' id='word_1_326' title='bbox 1858 5165 2019 5257; x_wconf 86' lang='lat' dir='ltr'>exeundi,</span> <span class='ocrx_word' id='word_1_327' title='bbox 2051 5177 2156 5242; x_wconf 93' lang='lat' dir='ltr'>immo</span> <span class='ocrx_word' id='word_1_328' title='bbox 2188 5177 2290 5242; x_wconf 89' lang='lat' dir='ltr'>etiam</span> <span class='ocrx_word' id='word_1_329' title='bbox 2323 5199 2402 5243; x_wconf 92' lang='lat' dir='ltr'>cum</span> <span class='ocrx_word' id='word_1_330' title='bbox 2434 5200 2512 5265; x_wconf 91' lang='lat' dir='ltr'>pro·</span> 
     </span>
    </p>
   </div>
   <div class='ocr_carea' id='block_1_4' title="bbox 1033 5292 2513 6076">
    <p class='ocr_par' dir='ltr' id='par_1_6' title="bbox 1033 5292 2513 6076">
     <span class='ocr_line' id='line_1_34' title="bbox 1034 5292 2512 5397; baseline -0.001 -36"><span class='ocrx_word' id='word_1_331' title='bbox 1034 5294 1386 5382; x_wconf 22' lang='lat' dir='ltr'>posito-experiendi</span> <span class='ocrx_word' id='word_1_332' title='bbox 1418 5315 1530 5378; x_wconf 91' lang='lat' dir='ltr'>usque</span> <span class='ocrx_word' id='word_1_333' title='bbox 1565 5293 1599 5357; x_wconf 94' lang='lat' dir='ltr'>in</span> <span class='ocrx_word' id='word_1_334' title='bbox 1635 5293 1740 5357; x_wconf 88' lang='lat' dir='ltr'>finem</span> <span class='ocrx_word' id='word_1_335' title='bbox 1776 5293 1857 5357; x_wconf 88' lang='lat' dir='ltr'>anni</span> <span class='ocrx_word' id='word_1_336' title='bbox 1893 5292 1991 5357; x_wconf 92' lang='lat' dir='ltr'>inditi</span> <span class='ocrx_word' id='word_1_337' title='bbox 2027 5295 2070 5357; x_wconf 87' lang='lat' dir='ltr'>ad</span> <span class='ocrx_word' id='word_1_338' title='bbox 2096 5293 2338 5397; x_wconf 51' lang='lat' dir='ltr'>probatiorqem</span> <span class='ocrx_word' id='word_1_339' title='bbox 2364 5306 2398 5360; x_wconf 91' lang='lat' dir='ltr'>et</span> <span class='ocrx_word' id='word_1_340' title='bbox 2429 5306 2512 5359; x_wconf 91' lang='lat' dir='ltr'>tunc</span> 
     </span>
     <span class='ocr_line' id='line_1_35' title="bbox 1034 5408 2512 5497; baseline -0.002 -19"><span class='ocrx_word' id='word_1_341' title='bbox 1034 5411 1194 5479; x_wconf 87' lang='lat' dir='ltr'>exeundi.</span> <span class='ocrx_word' id='word_1_342' title='bbox 1220 5412 1300 5495; x_wconf 85' lang='lat' dir='ltr'>Qua</span> <span class='ocrx_word' id='word_1_343' title='bbox 1317 5410 1450 5476; x_wconf 85' lang='lat' dir='ltr'>ratione</span> <span class='ocrx_word' id='word_1_344' title='bbox 1468 5431 1552 5497; x_wconf 80' lang='lat' dir='ltr'>ergo</span> <span class='ocrx_word' id='word_1_345' title='bbox 1570 5410 1656 5474; x_wconf 88' lang='lat' dir='ltr'>tales</span> <span class='ocrx_word' id='word_1_346' title='bbox 1673 5419 1836 5474; x_wconf 87' lang='lat' dir='ltr'>tenentur</span> <span class='ocrx_word' id='word_1_347' title='bbox 1860 5408 1986 5473; x_wconf 86' lang='lat' dir='ltr'>intrare</span> <span class='ocrx_word' id='word_1_348' title='bbox 2003 5432 2082 5474; x_wconf 90' lang='lat' dir='ltr'>cum</span> <span class='ocrx_word' id='word_1_349' title='bbox 2107 5409 2288 5494; x_wconf 85' lang='lat' dir='ltr'>proposito</span> <span class='ocrx_word' id='word_1_350' title='bbox 2309 5410 2512 5495; x_wconf 89' lang='lat' dir='ltr'>experiendi</span> 
     </span>
     <span class='ocr_line' id='line_1_36' title="bbox 1033 5525 2511 5618; baseline -0.003 -23"><span class='ocrx_word' id='word_1_351' title='bbox 1033 5552 1096 5616; x_wconf 89' lang='lat' dir='ltr'>per</span> <span class='ocrx_word' id='word_1_352' title='bbox 1126 5550 1242 5618; x_wconf 28' lang='lat' dir='ltr'>unam!</span> <span class='ocrx_word' id='word_1_353' title='bbox 1257 5527 1359 5606; x_wconf 86' lang='lat' dir='ltr'>diem,</span> <span class='ocrx_word' id='word_1_354' title='bbox 1392 5526 1436 5590; x_wconf 89' lang='lat' dir='ltr'>ita</span> <span class='ocrx_word' id='word_1_355' title='bbox 1470 5525 1571 5591; x_wconf 88' lang='lat' dir='ltr'>etiam</span> <span class='ocrx_word' id='word_1_356' title='bbox 1605 5546 1666 5610; x_wconf 92' lang='lat' dir='ltr'>per</span> <span class='ocrx_word' id='word_1_357' title='bbox 1697 5536 1807 5589; x_wconf 90' lang='lat' dir='ltr'>totum</span> <span class='ocrx_word' id='word_1_358' title='bbox 1840 5547 1980 5603; x_wconf 83' lang='lat' dir='ltr'>annum,</span> <span class='ocrx_word' id='word_1_359' title='bbox 2012 5537 2046 5590; x_wconf 90' lang='lat' dir='ltr'>et</span> <span class='ocrx_word' id='word_1_360' title='bbox 2074 5525 2176 5590; x_wconf 86' lang='lat' dir='ltr'>etiarn</span> <span class='ocrx_word' id='word_1_361' title='bbox 2216 5547 2295 5591; x_wconf 92' lang='lat' dir='ltr'>cum</span> <span class='ocrx_word' id='word_1_362' title='bbox 2329 5525 2511 5612; x_wconf 91' lang='lat' dir='ltr'>proposito</span> 
     </span>
     <span class='ocr_line' id='line_1_37' title="bbox 1033 5640 2512 5729; baseline -0.001 -19"><span class='ocrx_word' id='word_1_363' title='bbox 1033 5645 1237 5711; x_wconf 89' lang='lat' dir='ltr'>remanendi</span> <span class='ocrx_word' id='word_1_364' title='bbox 1261 5642 1290 5708; x_wconf 90' lang='lat' dir='ltr'>si</span> <span class='ocrx_word' id='word_1_365' title='bbox 1316 5665 1387 5708; x_wconf 92' lang='lat' dir='ltr'>non</span> <span class='ocrx_word' id='word_1_366' title='bbox 1417 5641 1587 5706; x_wconf 86' lang='lat' dir='ltr'>inveniret</span> <span class='ocrx_word' id='word_1_367' title='bbox 1614 5640 1743 5725; x_wconf 88' lang='lat' dir='ltr'>aliquid</span> <span class='ocrx_word' id='word_1_368' title='bbox 1773 5651 1914 5726; x_wconf 89' lang='lat' dir='ltr'>propter</span> <span class='ocrx_word' id='word_1_369' title='bbox 1940 5643 2035 5726; x_wconf 88' lang='lat' dir='ltr'>quod</span> <span class='ocrx_word' id='word_1_370' title='bbox 2064 5641 2140 5706; x_wconf 84' lang='lat' dir='ltr'>talis</span> <span class='ocrx_word' id='word_1_371' title='bbox 2168 5641 2291 5729; x_wconf 82' lang='lat' dir='ltr'>religio</span> <span class='ocrx_word' id='word_1_372' title='bbox 2320 5664 2391 5708; x_wconf 93' lang='lat' dir='ltr'>non</span> <span class='ocrx_word' id='word_1_373' title='bbox 2418 5653 2512 5708; x_wconf 90' lang='lat' dir='ltr'>esset</span> 
     </span>
     <span class='ocr_line' id='line_1_38' title="bbox 1034 5756 2510 5847; baseline -0.004 -18"><span class='ocrx_word' id='word_1_374' title='bbox 1034 5763 1066 5830; x_wconf 91' lang='lat' dir='ltr'>ei</span> <span class='ocrx_word' id='word_1_375' title='bbox 1089 5759 1281 5847; x_wconf 87' lang='lat' dir='ltr'>expediens</span> <span class='ocrx_word' id='word_1_376' title='bbox 1297 5756 1299 5760; x_wconf 59' lang='lat'>&#39;</span> <span class='ocrx_word' id='word_1_377' title='bbox 1314 5760 1358 5824; x_wconf 88' lang='lat' dir='ltr'>ad</span> <span class='ocrx_word' id='word_1_378' title='bbox 1383 5759 1539 5822; x_wconf 89' lang='lat' dir='ltr'>salutem.</span> <span class='ocrx_word' id='word_1_379' title='bbox 1565 5758 1645 5822; x_wconf 91' lang='lat' dir='ltr'>Hoc</span> <span class='ocrx_word' id='word_1_380' title='bbox 1674 5768 1789 5822; x_wconf 90' lang='grc'>01110111</span> <span class='ocrx_word' id='word_1_381' title='bbox 1815 5767 1867 5822; x_wconf 85' lang='grc'>001</span> <span class='ocrx_word' id='word_1_382' title='bbox 1891 5756 2155 5822; x_wconf 88' lang='lat' dir='ltr'>inconveniens.</span> <span class='ocrx_word' id='word_1_383' title='bbox 2181 5758 2299 5841; x_wconf 81' lang='lat' dir='ltr'>Quare</span> <span class='ocrx_word' id='word_1_384' title='bbox 2327 5770 2361 5824; x_wconf 90' lang='lat' dir='ltr'>et</span> <span class='ocrx_word' id='word_1_385' title='bbox 2384 5769 2510 5824; x_wconf 88' lang='lat' dir='ltr'>cetera.</span> 
     </span>
     <span class='ocr_line' id='line_1_39' title="bbox 1034 5872 2513 5960; baseline -0.005 -15"><span class='ocrx_word' id='word_1_386' title='bbox 1034 5878 1131 5945; x_wconf 87' lang='lat' dir='ltr'>—Si</span> <span class='ocrx_word' id='word_1_387' title='bbox 1156 5877 1291 5942; x_wconf 84' lang='lat' dir='ltr'>dicatur</span> <span class='ocrx_word' id='word_1_388' title='bbox 1315 5875 1411 5960; x_wconf 90' lang='lat' dir='ltr'>quod</span> <span class='ocrx_word' id='word_1_389' title='bbox 1436 5874 1542 5939; x_wconf 92' lang='lat' dir='ltr'>debet</span> <span class='ocrx_word' id='word_1_390' title='bbox 1566 5872 1692 5938; x_wconf 87' lang='lat' dir='ltr'>intrare</span> <span class='ocrx_word' id='word_1_391' title='bbox 1717 5894 1795 5937; x_wconf 92' lang='lat' dir='ltr'>cum</span> <span class='ocrx_word' id='word_1_392' title='bbox 1820 5872 2002 5959; x_wconf 91' lang='lat' dir='ltr'>proposito</span> <span class='ocrx_word' id='word_1_393' title='bbox 2027 5873 2228 5959; x_wconf 88' lang='lat' dir='ltr'>experiendi</span> <span class='ocrx_word' id='word_1_394' title='bbox 2254 5873 2455 5958; x_wconf 88' lang='lat' dir='ltr'>simpliciter</span> <span class='ocrx_word' id='word_1_395' title='bbox 2478 5884 2513 5940; x_wconf 90' lang='lat' dir='ltr'>et</span> 
     </span>
     <span class='ocr_line' id='line_1_40' title="bbox 1033 5988 2511 6076; baseline -0.005 -14"><span class='ocrx_word' id='word_1_396' title='bbox 1033 5996 1194 6063; x_wconf 87' lang='lat' dir='ltr'>absolute</span> <span class='ocrx_word' id='word_1_397' title='bbox 1218 6004 1252 6059; x_wconf 90' lang='lat' dir='ltr'>et</span> <span class='ocrx_word' id='word_1_398' title='bbox 1279 5990 1489 6071; x_wconf 79' lang='lat' dir='ltr'>indistincte,</span> <span class='ocrx_word' id='word_1_399' title='bbox 1515 6010 1585 6053; x_wconf 93' lang='lat' dir='ltr'>non</span> <span class='ocrx_word' id='word_1_400' title='bbox 1603 5989 1797 6054; x_wconf 88' lang='lat' dir='ltr'>secundum</span> <span class='ocrx_word' id='word_1_401' title='bbox 1822 5988 1951 6074; x_wconf 90' lang='lat' dir='ltr'>aliquid</span> <span class='ocrx_word' id='word_1_402' title='bbox 1980 6000 2014 6054; x_wconf 91' lang='lat' dir='ltr'>et</span> <span class='ocrx_word' id='word_1_403' title='bbox 2036 6010 2100 6076; x_wconf 90' lang='lat' dir='ltr'>pro</span> <span class='ocrx_word' id='word_1_404' title='bbox 2125 5999 2208 6056; x_wconf 92' lang='lat' dir='ltr'>tunc</span> <span class='ocrx_word' id='word_1_405' title='bbox 2233 5989 2511 6072; x_wconf 86' lang='lat' dir='ltr'>determinatum,</span> 
     </span>
    </p>
   </div>
   <div class='ocr_carea' id='block_1_5' title="bbox 0 0 3354 7990">
    <p class='ocr_par' dir='ltr' id='par_1_7' title="bbox 0 0 3354 7990">
     <span class='ocr_line' id='line_1_41' title="bbox 0 0 3354 7990; baseline 0 0"><span class='ocrx_word' id='word_1_406' title='bbox 0 0 3354 7990; x_wconf 95' lang='lat' dir='ltr'> </span> 
     </span>
    </p>
   </div>
  </div>
 </body>
</html>
