6700 7992
1051 767 1102 856 ila
1418 766 1609 857 nxoisrm
1638 770 1858 859 donar-*mor
1887 804 1939 860 ns
1968 772 2166 863 sonamus

1049 1004 1165 1049 remus
1182 984 1394 1052 substantias
1409 984 1418 1020 ¹
1434 995 1612 1068 separatas
1629 986 1673 1049 ab
1691 996 1834 1051 aeterno
1851 985 1960 1052 fuisse
1977 997 2011 1052 et
2027 988 2071 1051 ab
2095 997 2240 1053 aeterno
2260 1009 2280 1052 a
2297 987 2375 1055 Deo
2392 1008 2531 1075 proces·

1048 1099 1137 1167 sisse
1164 1099 1267 1166 etiam
1284 1103 1329 1167 de
1344 1100 1356 1136 ¹
1378 1099 1587 1167 necessitate
1604 1112 1759 1182 naturae,
1777 1101 1867 1168 sicut
1883 1115 2077 1187 posuerunt
2093 1102 2303 1189 philosophi,
2321 1104 2531 1171 haberemus

1049 1215 1165 1283 dicere
1180 1217 1276 1301 quod
1292 1215 1388 1302 prius
1404 1217 1599 1282 secundum
1615 1227 1774 1282 naturam
1792 1217 1931 1282 fuerunt
1950 1227 2017 1282 sut)
2042 1238 2112 1284 non
2131 1210 2338 1303 essequam
2356 1220 2531 1299 subesse,

1048 1353 1127 1399 cum
1142 1331 1223 1398 illud
1242 1353 1305 1418 per
1320 1332 1415 1418 prius
1431 1330 1620 1417 unicuique
1638 1332 1826 1398 conveniat
1850 1334 1945 1418 quod
1970 1333 2133 1399 convenit
2149 1333 2181 1400 ei
2197 1354 2239 1400 ex
2265 1355 2304 1400 se
2325 1356 2430 1421 quam
2447 1335 2531 1403 illud

1047 1449 1144 1534 quod
1160 1448 1324 1515 convenit
1342 1470 1386 1514 ex
1410 1447 1500 1527 alio;
1525 1459 1559 1514 et
1582 1469 1645 1533 per
1668 1469 1894 1533 consequens
1918 1450 2014 1534 quod
2038 1449 2134 1535 prius
2159 1450 2299 1517 fuerunt
2321 1450 2357 1517 in
2374 1450 2530 1538 potentia

1048 1566 1092 1630 ad
1116 1585 1195 1632 esse
1219 1586 1323 1650 quam
1348 1586 1426 1630 esse
1449 1565 1667 1643 habuerunt;
1694 1603 1733 1612 —
1759 1563 1806 1629 ita
1829 1565 1873 1630 de
1897 1565 2050 1631 essentia
2075 1564 2239 1632 materiae
2264 1559 2452 1633 dicendum
2476 1576 2530 1635 est

1047 1681 1143 1766 quod
1160 1681 1255 1766 prius
1272 1680 1335 1746 fuit
1351 1679 1385 1745 in
1403 1679 1559 1765 potentia
1576 1681 1620 1745 ad
1637 1701 1716 1746 esse
1734 1680 1908 1747 essentiae
1933 1703 2036 1766 quam
2054 1702 2134 1748 esse
2158 1681 2332 1748 essentiae
2359 1682 2528 1749 habuerit.

1048 1797 1091 1863 Et
1107 1796 1292 1882 supposito
1307 1797 1403 1882 quod
1420 1796 1615 1862 seeundum
1634 1816 1713 1861 esse
1730 1795 1995 1881 quidditativum
2013 1798 2058 1862 ab
2075 1809 2219 1864 aeterno
2236 1797 2349 1880 fuerit,
2364 1800 2422 1884 [et]
2440 1797 2530 1866 sicut

1047 1914 1195 1979 formam
1226 1911 1394 1998 praedicti
1426 1911 1550 1997 lapidis
1582 1911 1729 1997 produci
1757 1911 1792 1978 in
1823 1912 1966 1978 materia
1997 1912 2198 1980 huiusmodi
2229 1934 2301 1980 non
2333 1925 2386 1981 est
2417 1913 2528 2000 ipsam

1047 2028 1224 2095 materiam
1242 2027 1390 2113 produci
1413 2026 1449 2092 in
1473 2049 1538 2092 suo
1564 2048 1642 2094 esse
1667 2027 1855 2108 essentiali,
1880 2027 1927 2094 ita
1950 2027 2053 2094 etiam
2078 2029 2266 2095 essentiam
2290 2029 2439 2116 produci
2461 2032 2528 2096 sub

1047 2147 1116 2210 hoc
1139 2165 1218 2211 esse
1241 2142 1444 2209 existentiae
1468 2142 1542 2208 sive
1566 2164 1645 2209 esse
1669 2142 1873 2209 existentiae
1895 2143 1967 2209 fieri
1989 2143 2024 2209 in
2046 2143 2246 2212 huiusmodi
2270 2144 2434 2226 essentia,
2456 2166 2528 2212 non

1047 2271 1101 2327 est
1124 2260 1234 2347 ipsam
1253 2258 1439 2325 essentiam
1457 2258 1492 2324 in
1516 2280 1581 2323 suo
1605 2280 1685 2325 esse
1710 2259 1884 2325 essentiae
1901 2259 1984 2336 lieri,
2009 2261 2071 2326 sed
2092 2262 2181 2327 haec
2197 2260 2333 2328 realiter
2354 2261 2527 2328 differunt.

1048 2378 1154 2442 lmmo
1170 2376 1181 2412 ¹
1197 2385 1278 2441 sunt
1302 2377 1373 2441 duo
1399 2375 1492 2441 facta
1516 2374 1596 2441 licet
1620 2374 1723 2440 simul
1747 2385 1781 2440 et
1805 2397 1913 2440 unum
1938 2376 2115 2460 quoddam
2142 2376 2375 2461 compositum
2400 2376 2528 2443 consti·

1045 2492 1188 2559 tuentia.
1205 2492 1300 2580 Ergo
1325 2490 1477 2558 essentia
1493 2490 1656 2556 materiae
1681 2491 1773 2556 facta
1790 2490 1824 2556 in
1849 2512 1928 2557 esse
1953 2491 2127 2557 essentiae
2151 2503 2185 2558 et
2209 2492 2412 2559 existentiae
2432 2491 2528 2579 prius

1047 2620 1120 2675 erat
1147 2608 1181 2674 in
1209 2607 1365 2693 potentia
1392 2607 1437 2672 ad
1464 2608 1553 2672 haec
1578 2607 1659 2671 duo.
1689 2608 1838 2672 Constat
1865 2617 1980 2674 autem
2005 2608 2100 2692 quod
2124 2629 2197 2673 non
2221 2607 2287 2674 nisi
2312 2607 2528 2695 inpotentia

1046 2723 1194 2813 agentis,
1222 2723 1303 2809 quia
1331 2734 1427 2790 extra
1458 2723 1571 2788 Deum
1600 2721 1685 2787 nihil
1713 2733 1787 2787 erat
1814 2721 1848 2787 in
1877 2721 1977 2788 cuius
2004 2723 2161 2808 potentia
2191 2726 2246 2791 vel
2280 2723 2448 2791 materiali
2472 2725 2527 2791 vel

1046 2839 1159 2906 activa
1175 2839 1268 2906 sive¹
1284 2838 1419 2904 virtuali
1432 2837 1500 2904 dici
1517 2849 1638 2924 posset
1655 2838 1835 2904 esse—Si
1852 2859 1937 2925 ergo
1955 2838 2059 2904 illud⁶
2075 2840 2119 2904 ad
2136 2841 2232 2924 quod
2247 2840 2388 2907 materia
2403 2839 2528 2906 dicitur

1046 2957 1081 3024 in
1112 2955 1269 3043 potentia
1297 2965 1350 3022 est
1380 2954 1516 3021 realiter
1544 2954 1708 3020 differens
1736 2956 1781 3019 al)
1809 2954 1896 3040 ipsa,
1929 2966 2012 3020 tunc
2040 2976 2119 3020 cum
2151 2955 2218 3020 isto
2247 2958 2352 3022 modo
2384 2955 2527 3023 materia

1046 3073 1198 3140 creanda
1214 3073 1269 3138 vel
1286 3069 1445 3137 creabilis
1462 3069 1504 3136 sit
1521 3071 1556 3136 in
1573 3069 1729 3156 potentia
1749 3071 1793 3135 ad
1811 3092 1889 3136 esse
1906 3070 2080 3136 essentiae
2093 3070 2280 3153 materiale,
2292 3071 2395 3138 etiam
2413 3071 2526 3158 ipsum

1047 3210 1125 3256 esse
1150 3188 1324 3255 essentiae
1351 3185 1515 3252 materiae
1541 3186 1603 3252 erit
1630 3185 1761 3270 aliquid
1789 3186 1924 3251 realiter
1952 3186 2118 3253 differens
2143 3208 2163 3252 a
2186 3187 2339 3255 materia.
2364 3186 2528 3254 Similiter

1046 3305 1150 3372 etiam
1167 3305 1314 3392 angelus
1331 3302 1500 3381 creabilis,
1518 3323 1597 3367 cum
1615 3323 1687 3367 non
1704 3302 1832 3368 habeat
1849 3324 1928 3368 esse
1944 3323 2060 3387 neque
2076 3302 2297 3370 secundum⁶
2313 3324 2392 3370 esse
2409 3325 2527 3371 essen·

1046 3421 1113 3488 tiae
1129 3442 1243 3506 neque
1260 3420 1454 3486 secundum
1472 3439 1550 3484 esse
1566 3417 1779 3497 existentiae,
1789 3428 1842 3483 est
1856 3417 1889 3483 in
1906 3418 2062 3503 potentia
2079 3419 2123 3483 ad
2140 3432 2325 3504 utrumque
2341 3418 2371 3484 si
2388 3418 2527 3486 diversa

1046 3547 1146 3618 sunt;
1163 3547 1197 3602 et
1213 3534 1329 3602 sicut⁷
1352 3556 1432 3601 cum
1449 3544 1586 3600 creatur
1601 3532 1689 3619 lapis
1707 3533 1934 3619 producitur¹
1958 3533 2099 3600 materia
2123 3534 2249 3620 lapidis
2273 3556 2345 3601 non
2362 3536 2475 3601 solum
2492 3534 2526 3601 in

1046 3674 1124 3720 esse
1152 3652 1356 3719 existentiae
1383 3651 1446 3716 sed
1475 3650 1577 3715 etiam
1605 3648 1789 3728 essentiae,
1818 3648 1864 3714 ita
1892 3649 1995 3716 etiam
2024 3671 2102 3715 cum
2131 3661 2267 3716 creatur
2292 3651 2440 3739 angelus
2468 3649 2527 3736 qui

1045 3768 1186 3856 ponitur
1201 3767 1348 3853 simplex
1364 3767 1485 3848 forma,
1498 3765 1702 3850 producitur
1714 3766 1825 3830 forma
1842 3765 2002 3852 angelica
2014 3777 2181 3851 quantum
2195 3767 2239 3831 ad
2256 3787 2336 3833 esse
2353 3765 2527 3834 essentiae

1045 3883 1164 3971 quod⁹
1186 3895 1239 3950 est
1255 3881 1401 3969 produci
1426 3892 1533 3947 totam
1550 3880 1737 3947 essentiam
1755 3881 1869 3969 angeli
1894 3892 2061 3965 quantum
2079 3882 2124 3947 ad
2148 3881 2223 3955 eius
2247 3902 2327 3949 esse
2351 3881 2526 3949 essentiae

1045 4011 1080 4067 et
1110 3999 1211 4066 simul
1238 3999 1340 4066 etiam
1369 3997 1572 4084 producitur
1602 4008 1769 4082 quantum
1803 3998 1846 4061 ad
1878 4018 1956 4063 esse
1992 3997 2207 4064 existentiae.
2238 3998 2334 4086 Ergo
2370 3996 2525 4064 similiter

1046 4138 1125 4183 esse
1163 4115 1337 4183 essentiae
1370 4113 1487 4203 angeli
1522 4112 1624 4179 etiam
1653 4123 1747 4179 esset
1782 4111 1875 4178 aliud
1904 4112 1948 4178 ab'
1976 4113 2053 4199 ipsa
2081 4125 2205 4180 natura
2231 4113 2371 4202 angeli;
2405 4124 2440 4181 et
2474 4113 2525 4180 sic

1046 4254 1126 4300 cum
1150 4231 1274 4299 dicitur
1308 4231 1404 4317 quod
1439 4229 1592 4296 essentia
1627 4240 1680 4295 est
1714 4228 1749 4294 in
1778 4227 1934 4315 potentia
1962 4230 2007 4294 ad
2036 4251 2115 4295 esse
2152 4240 2185 4295 et
2220 4250 2292 4295 non
2328 4250 2418 4310 esse,
2453 4250 2525 4295 non

852 4338 952 4466 &⁰1¹6
954 4339 1026 4466 1¹³5sp
1046 4349 1160 4415 minus
1185 4347 1321 4414 videtur
1337 4349 1406 4413 hoc
1429 4344 1572 4433 intelligi
1604 4346 1608 4429 Ι
1644 4346 1688 4410 de
1714 4366 1792 4411 esse
1817 4344 1991 4411 essentiae
2015 4367 2119 4431 quam
2144 4346 2188 4412 de
2205 4366 2284 4412 esse
2309 4344 2526 4427 existentiae,

897 4452 903 4464 ’
1045 4466 1150 4532 immo
1164 4464 1256 4531 idem
1272 4463 1417 4529 videtur.
1432 4500 1472 4510 -
1486 4461 1558 4529 Sed
1571 4460 1596 4496 ¹⁰
1611 4472 1750 4526 constat
1767 4462 1862 4546 quod
1879 4482 1957 4527 esse
1976 4461 2150 4529 essentiae
2168 4472 2201 4527 et
2220 4460 2372 4527 essentia
2389 4460 2526 4528 realiter

1045 4603 1117 4647 non
1153 4580 1326 4648 differunt.
1362 4579 1457 4666 Ergo
1489 4599 1532 4644 ex
1566 4578 1636 4643 hoc
1670 4578 1766 4662 quod
1802 4576 1954 4643 essentia
1988 4588 2105 4663 potest
2133 4597 2212 4643 esse
2243 4578 2298 4644 vel
2329 4598 2402 4643 non
2433 4597 2524 4659 esse,

1045 4718 1117 4763 non
1134 4697 1288 4786 arguitur
1312 4694 1494 4761 diversitas
1521 4692 1633 4773 realis,
1659 4692 1740 4779 quia
1767 4715 1946 4778 nunquam
1975 4703 2091 4779 potest
2119 4714 2197 4759 esse
2223 4694 2417 4760 secundum
2446 4713 2525 4759 esse

1046 4812 1249 4880 existentiae
1266 4811 1348 4898 quin
1366 4810 1469 4877 etiam
1486 4809 1598 4896 possit
1621 4830 1700 4875 esse
1716 4810 1910 4874 secundum
1927 4830 2007 4876 esse
2024 4809 2048 4845 ¹¹
2064 4809 2238 4876 essentiae
2255 4820 2288 4876 et
2304 4830 2324 4875 e
2340 4829 2524 4876 converso.

1045 4928 1164 5013 Quare
1204 4949 1282 4995 cum
1300 4927 1325 4964 ¹¹
1362 4938 1504 5013 propter
1541 4927 1611 4992 hoc
1627 4924 1652 4961 ¹³
1690 4926 1785 5010 quod
1824 4925 1976 4991 essentia
2011 4925 2076 4992 fuit
2114 4925 2149 4991 in
2180 4925 2337 5011 potentia
2368 4925 2414 4991 ad
2445 4944 2525 4992 esse

1045 5044 1229 5127 essentiae,
1261 5045 1356 5110 nulla
1386 5053 1439 5109 est
1463 5041 1642 5108 diversitas
1673 5040 1776 5107 realis
1811 5040 1899 5107 inter
1931 5041 2119 5107 essentiam
2155 5052 2189 5108 et
2226 5062 2305 5108 esse
2338 5039 2525 5123 essentiae,

1118 5334 1128 5402 ξ
1157 5329 1462 5385 om.P.—’deom.
1482 5328 1515 5382 V.
1537 5324 1968 5381 -¹ideoP.-¹velP.—
1990 5323 2240 5380 ¹idP.-—¹om.
2259 5324 2343 5379 P.-
2365 5321 2524 5380 ¹sicP.--

1046 5421 1124 5475 ¹om.
1138 5419 1169 5475 P.
1183 5452 1216 5460 -
1236 5422 1335 5490 ¹quae
1349 5417 1410 5471 PV.
1426 5450 1458 5456 —
1474 5418 1494 5448 ¹⁰
1508 5433 1562 5469 orn.
1576 5414 1607 5469 P.
1627 5446 1660 5454 —-
1678 5416 1696 5446 ¹¹
1710 5413 1871 5467 secundum
1893 5416 1968 5483 esse]
1989 5430 2045 5467 om.
2065 5413 2096 5467 P.
2116 5444 2149 5453 -
2172 5413 2192 5445 ¹¹
2206 5431 2261 5467 om.
2281 5414 2313 5468 P.
2328 5444 2361 5454 —
2383 5413 2404 5446 ¹¹
2416 5430 2474 5468 om.
2493 5412 2524 5467 P.
