6700 7992
1031 1499 1082 1579 130
1394 1495 1584 1550 llAGlSTRl
1614 1495 1834 1551 GODEFRlDl
1863 1497 1915 1551 DE
1944 1497 2141 1553 FONTIBUS

1029 1676 1160 1742 tionem
1184 1676 1323 1741 actione
1347 1675 1484 1760 agentis
1500 1677 1784 1760 supernaturalis,
1803 1676 1882 1742 ideo
1907 1677 2046 1763 proprie
2070 1700 2142 1744 non
2167 1690 2282 1764 potest
2306 1678 2374 1745 dici
2397 1682 2506 1745 homo

1029 1791 1179 1877 genitus.
1208 1790 1297 1856 Cum
1326 1812 1412 1878 ergo
1441 1812 1513 1856 non
1553 1793 1680 1857 debeat
1714 1792 1747 1857 in
1776 1792 1918 1857 homine
1948 1794 2067 1877 quaeri
2100 1793 2177 1859 talis
2209 1807 2243 1860 et
2270 1794 2316 1860 ita
2344 1795 2506 1881 proprius
2547 1778 2573 1890 ‘⁹

1029 1909 1155 1973 modus
1184 1906 1420 1995 generationis
1448 1907 1538 1972 sicut
1568 1906 1602 1972 in
1627 1907 1712 1987 aliis,
1738 1908 1773 1972 in
1803 1910 1873 1974 hoc
1901 1909 2048 1974 sufficiat
2077 1911 2171 1994 quod
2200 1910 2360 1977 sufficere
2389 1912 2505 1977 debet.

1118 2022 1218 2089 Aliae
1242 2022 1395 2088 rationes
1412 2022 1679 2108 philosophicae
1704 2024 1831 2107 quibus
1856 2024 1981 2090 dicitur
1997 2026 2092 2109 quod
2117 2024 2232 2090 anima
2255 2026 2433 2092 rationalis
2454 2037 2508 2093 est

1028 2139 1228 2226 simpliciter
1251 2137 1503 2203 inextensibilis
1528 2149 1562 2203 et
1585 2149 1711 2218 cetera,
1737 2139 1943 2224 incorporea
1967 2151 2001 2205 et
2025 2152 2150 2220 cetera,
2182 2152 2330 2229 tangunt
2361 2141 2507 2208 difficul-

1028 2266 1133 2321 tatem
1157 2255 1336 2340 quomodo
1372 2254 1508 2339 possit¹
1545 2254 1633 2319 uniri
1669 2254 1833 2320 materiae
1865 2268 2031 2321 extensae
2067 2255 2143 2323 sine
2177 2257 2380 2325 extensione
2405 2258 2506 2324 aliam

1029 2372 1176 2437 formam
1200 2380 1440 2454 consequente
1464 2369 1538 2436 sive
1562 2372 1674 2455 ipsam
1698 2369 1857 2436 animam.

1118 2487 1315 2553 Dicendum
1340 2507 1425 2573 ergo
1449 2487 1544 2570 quod
1568 2486 1644 2572 ipsa
1669 2486 1783 2551 anima
1808 2487 1932 2552 virtute.
1957 2499 2009 2553 est
2026 2508 2149 2554 omnes
2167 2489 2298 2554 formae
2315 2489 2506 2571 inferiores

1028 2603 1161 2670 scilicet
1194 2601 1493 2668 substantialitatis
1537 2613 1570 2667 et
1613 2603 1855 2688 corporeitatis
1891 2615 1925 2668 et
1966 2603 2175 2669 huiusmodi.
2213 2605 2264 2670 Ex
2306 2627 2375 2691 quo
2415 2606 2506 2672 enim

1030 2719 1177 2785 dicimus
1202 2740 1277 2784 eam
1303 2720 1386 2783 dare
1411 2739 1489 2783 esse
1513 2717 1688 2797 materiae,
1707 2731 1760 2784 est
1784 2731 1951 2802 quantum
1977 2721 2114 2786 adhoc
2139 2721 2345 2802 materialis;
2370 2743 2412 2788 ex
2436 2743 2507 2807 quo

1029 2835 1132 2902 etiam
1157 2834 1303 2901 dicimus
1328 2856 1404 2900 eam
1429 2835 1511 2899 (lare
1537 2855 1615 2899 esse
1647 2834 1838 2899 materiae²
1873 2834 1935 2899 in³
1958 2857 2026 2920 qua
2051 2847 2103 2901 est
2132 2837 2288 2902 extensio
2313 2839 2506 2903 secundum

1028 2965 1098 3018 tres
1130 2951 1377 3031 dimensiones
1413 2950 1537 3016 dicitur
1572 2949 1674 3015 etiam
1711 2972 1789 3016 esse
1824 2951 1936 3015 sonna
1971 2952 2222 3037 corporeitatis.
2260 2955 2507 3019 Verumtamen

1029 3090 1100 3134 non
1125 3066 1398 3133 substantialitas
1429 3087 1495 3132 nec
1523 3066 1737 3151 corporeitas
1769 3067 1906 3133 animae
1929 3067 2019 3132 sicut
2050 3089 2117 3133 nec
2148 3090 2212 3133 sua
2237 3070 2398 3149 essentia,
2427 3068 2508 3154 quia

1028 3207 1100 3251 non
1124 3198 1177 3250 est
1200 3183 1266 3248 nisi
1291 3205 1361 3247 una
1385 3181 1537 3248 essentia
1561 3182 1640 3247 licet
1665 3161 1877 3270 designetur
1893 3185 1958 3248 suli
1983 3183 2129 3248 diversis
2154 3184 2346 3250 rationibus
2370 3186 2507 3265 talibus,

1029 3299 1234 3368 extenditur.
1260 3300 1297 3364 ln
1322 3301 1390 3364 hoc
1414 3298 1516 3364 etiam
1541 3298 1678 3364 excedit
1700 3298 1785 3363 alias
1811 3299 1940 3364 formas
1965 3299 2141 3364 materiam
2167 3301 2387 3386 perficientes
2412 3303 2507 3386 quod

1029 3427 1145 3502 potest
1168 3438 1247 3482 esse
1287 3415 1322 3480 in
1347 3414 1487 3479 materia
1520 3425 1663 3480 extensa
1688 3426 1722 3480 et
1745 3436 1891 3479 causare
1916 3415 2143 3499 quantitatem
2169 3416 2201 3481 in
2232 3416 2372 3482 materia
2405 3417 2508 3501 (sicut

1029 3533 1140 3598 forma
1172 3530 1408 3599 substantialis
1440 3551 1547 3595 causa
1582 3546 1635 3595 est
1666 3530 1913 3603 accidentium)
1946 3553 2035 3615 quae
2068 3532 2221 3597 extendit
2257 3532 2443 3612 materiam,
2473 3544 2508 3599 et

1028 3661 1143 3714 tamen
1175 3648 1251 3733 ipsa
1286 3669 1357 3712 non
1390 3646 1593 3712 extenditur.
1627 3647 1729 3729 Quae
1763 3646 1854 3711 enim
1891 3658 1973 3711 sunt
2008 3647 2140 3712 formae
2176 3647 2375 3732 simpliciter
2401 3657 2507 3714 mate·

1028 3765 1139 3844 rialeS,
1175 3764 1249 3829 sive
1284 3763 1496 3849 praecedant
1532 3762 1759 3850 quantitatem
1796 3762 1870 3827 sire
1904 3774 2105 3847 sequantur,
2132 3765 2365 3829 extenduntur
2388 3773 2507 3830 exten·

1029 3881 1128 3946 sione
1160 3879 1334 3959 materiae,
1366 3889 1404 3944 ut
1434 3889 1528 3964 patet
1558 3879 1601 3943 de
1632 3878 1833 3964 lapideitate
1869 3890 1901 3944 et
1935 3880 1980 3944 de
2014 3879 2177 3944 albedine
2217 3879 2291 3944 eius
2316 3891 2349 3945 et
2381 3890 2506 3945 cetera.

1115 3997 1190 4062 Nec
1206 3998 1275 4061 hoc
1291 3994 1420 4080 aliquid
1438 4006 1490 4060 est
1507 4016 1614 4061 causa
1638 3995 1692 4059 sui
1717 3995 1901 4074 eontrarii3
1928 4016 1994 4061 ηερ
2018 3995 2153 4060 animae
2179 3994 2430 4081 incorporeitas
2455 4007 2508 4061 est

1029 4135 1136 4182 causa
1158 4111 1317 4199 corporei
1342 4111 1503 4178 contrarii
1525 4110 1588 4190 sui,
1609 4110 1638 4175 si
1658 4134 1729 4177 non
1751 4110 1794 4176 sit
1816 4110 1850 4175 in
1869 4110 2010 4176 homine
2035 4110 2100 4175 nisi
2127 4134 2196 4176 una
2222 4111 2331 4176 forma
2348 4113 2509 4176 substan·

1029 4230 1118 4297 tialis
1157 4228 1289 4296 scilicet
1327 4227 1443 4293 anima
1481 4226 1578 4312 ipsa;
1618 4248 1685 4292 nec
1724 4227 1828 4292 etiam
1869 4226 2120 4311 incorporeitas
2161 4226 2295 4292 animae
2338 4238 2390 4291 est
2428 4248 2508 4292 cum

1030 4367 1177 4433 corpore
1209 4349 1213 4428 l
1243 4345 1324 4410 itate
1349 4343 1414 4409 sibi
1438 4343 1620 4424 contraria,
1643 4343 1671 4408 si
1698 4343 1731 4407 in
1756 4344 1898 4408 homine
1923 4342 1991 4407 sint
2016 4343 2133 4428 plures
2159 4344 2300 4407 formae.
2321 4343 2400 4428 lpsa
2416 4342 2509 4408 enim

1029 4463 1144 4530 anima
1166 4462 1235 4528 tale
1268 4472 1321 4527 est
1353 4460 1600 4545 incorporeum
1633 4461 1728 4543 quod
1763 4472 1815 4525 est
1851 4459 1996 4524 natum⁴
2029 4480 2107 4524 esse
2133 4459 2320 4523 formaliter
2343 4470 2512 4525 extensae

1028 4579 1202 4658 materiae,
1235 4575 1325 4644 vel⁵
1359 4586 1480 4661 posset
1516 4575 1584 4641 dici
1621 4576 1717 4660 quod
1751 4574 1977 4640 immateriale
2014 4595 2085 4639 non
2120 4586 2172 4639 est
2216 4595 2323 4639 causa
2354 4574 2512 4639 formalis

1029 4695 1193 4761 materiae
1229 4695 1284 4759 vel
1320 4691 1520 4757 huiusmodi
1557 4702 1590 4757 et
1626 4702 1752 4756 cetera.
1790 4690 1887 4756 Licet
1922 4690 2013 4755 enim
2051 4690 2165 4754 anima
2200 4689 2243 4754 sit
2281 4688 2512 4769 indivisibilis,

1028 4822 1145 4898 potest
1183 4822 1299 4876 tamen
1338 4830 1417 4874 esse
1456 4829 1563 4873 causa
1600 4806 1907 4891 [inldivisibilitatis
1947 4807 2025 4871 talis
2065 4806 2138 4871 sive
2174 4805 2384 4890 quantitatis,
2427 4805 2513 4890 quia

1027 4926 1236 4993 indivisibile
1261 4938 1295 4992 et
1317 4924 1488 4990 divisibile
1511 4923 1592 4989 licet
1616 4925 1771 4988 lrabeant
1795 4923 1947 4988 rationes
1976 4921 2170 5008 oppositas,
2200 4921 2245 4986 ita
2276 4922 2370 5005 quod
2399 4942 2511 4986 unum

1027 5066 1100 5110 non
1125 5053 1342 5131 potestesse
1367 5041 1522 5119 alterum,
1547 5051 1662 5104 tamen
1692 5061 1763 5103 non
1790 5049 1872 5103 sunt
1896 5038 1947 5103 sic
1976 5037 2141 5123 opposita
2174 5038 2270 5121 quod
2303 5059 2409 5102 unum
2434 5058 2509 5102 non

1029 5161 1141 5246 possit
1173 5181 1252 5225 esse
1292 5179 1370 5224 cum
1407 5157 1474 5222 alio
1507 5168 1542 5221 et
1575 5176 1654 5221 esse
1693 5176 1800 5221 causa
1836 5153 1987 5218 alterius.
2018 5153 2180 5218 Similiter
2204 5153 2305 5218 etiam
2331 5152 2512 5237 spirituale

1028 5278 1079 5343 sic
1102 5277 1197 5360 quod
1222 5274 1297 5340 eius
1323 5295 1400 5339 esse
1425 5273 1520 5337 nullo
1545 5273 1651 5336 modo
1680 5269 1973 5335 communicabile
1998 5281 2050 5337 est
2080 5267 2220 5354 corpori
2248 5280 2281 5333 et
2305 5289 2433 5353 corpus
2457 5268 2512 5333 sic

1029 5404 1110 5459 sunt
1140 5392 1314 5477 disparata
1346 5390 1440 5474 quod
1472 5410 1579 5453 unum
1611 5409 1683 5452 non
1720 5388 1833 5451 solum
1869 5386 1967 5450 nonl
2002 5397 2120 5470 potest
2145 5406 2223 5449 esse
2260 5386 2414 5459 alterum,
2444 5385 2510 5450 sed

1029 5510 1132 5575 etiam
1163 5528 1332 5573 necesse
1363 5527 1441 5571 cum
1468 5505 1585 5569 altero.
1628 5503 1700 5568 Sed
1734 5502 1913 5587 spirituale
1947 5501 1998 5566 sic
2033 5501 2127 5585 quod
2161 5521 2232 5566 non
2257 5511 2310 5565 est
2341 5509 2509 5584 quantum

1030 5646 1152 5711 perse
1177 5646 1242 5689 nec
1267 5644 1328 5708 per
1352 5621 1527 5701 accidens,
1554 5629 1669 5705 potest
1693 5630 1809 5683 tamen
1835 5639 1914 5682 esse
1949 5618 2060 5681 lorma
2087 5614 2272 5701 corporis⁷
2307 5614 2510 5694 divisibilis;

1029 5742 1108 5806 licet
1132 5762 1204 5805 non
1240 5738 1351 5825 possit
1385 5758 1463 5801 esse
1497 5757 1635 5822 corpus,
1673 5744 1789 5819 potest
1824 5745 1940 5799 tamen
1966 5755 2044 5798 esse
2076 5754 2156 5817 pars
2189 5730 2345 5817 corporis
2380 5751 2447 5797 nec
2478 5731 2510 5796 ei

1121 6030 1128 6058 ¹
1142 6033 1244 6097 posset
1264 6025 1294 6078 l'.
1308 6056 1341 6064 —
1356 6024 1366 6055 ¹
1379 6022 1528 6088 materiae,
1548 6030 1593 6075 est
1654 6019 1805 6089 mauriaq
1826 6037 1880 6072 om.
1897 6019 1925 6073 l‘.
1989 6020 2049 6075 ἐκ
2073 6017 2131 6085 PV,
2145 6016 2173 6070 in
2193 6032 2269 6071 corr.
2283 6015 2316 6071 V.
2331 6046 2364 6054 -
2379 6017 2388 6047 ⁴
2402 6032 2457 6069 ora.
2478 6014 2510 6071 P.

1032 6113 1263 6169 -⁵ide1na‹td.
1284 6113 1315 6165 P.
1335 6143 1369 6151 —
1389 6112 1467 6165 lotar.
1490 6110 1518 6162 l’.
1540 6142 1571 6149 —
1594 6110 1672 6162 lora.
1695 6109 1724 6165 l’.
