6700 7992
1334 1451 1551 1506 SECUNDUM
1579 1450 1879 1521 QUODLlBETUM,
1908 1451 1944 1521 Q.
1971 1451 1998 1504 ll
2372 1453 2407 1504 53

928 1630 1003 1698 sivo
1020 1642 1187 1697 ettamen
1204 1651 1276 1694 non
1297 1629 1368 1710 agit
1391 1630 1426 1694 in
1451 1628 1534 1693 illud
1559 1650 1626 1694 nec
1650 1628 1733 1693 illud
1759 1628 1875 1712 aliquo
1901 1629 2006 1693 modo
2033 1628 2209 1714 impediat,
2228 1642 2263 1694 ut
2285 1631 2348 1695 fuit
2372 1629 2407 1694 in

928 1745 1045 1833 pueris
1069 1758 1203 1825 natura,
1228 1745 1342 1811 calido
1366 1767 1438 1810 non
1463 1744 1509 1809 ita
1533 1744 1682 1823 intens0,
1708 1765 1774 1809 nec
1798 1744 1848 1809 sic
1873 1744 1996 1809 virtute
2021 1745 2137 1809 divina
2161 1748 2408 1829 approximate

924 1863 1180 1946 ῥνοιεεενυαίο1
1211 1861 1313 1927 alicui
1346 1860 1497 1945 passivo,
1530 1860 1610 1924 illud
1643 1859 1815 1925 afficiente
1847 1871 1881 1924 et
1913 1861 2090 1925 redeunte.
2125 1860 2184 1926 Sic
2215 1883 2301 1948 ergo
2335 1883 2407 1927 non

928 1977 1065 2043 videtur
1089 1978 1183 2061 quod
1208 1988 1349 2062 propter
1374 1976 1551 2060 praedicta
1575 1998 1645 2040 non
1672 1975 1782 2060 possit
1806 1974 1874 2040 dici
1900 1975 1982 2059 quin
2001 1976 2115 2040 anima
2140 1976 2267 2041 Christi
2292 1978 2407 2062 aliquo

929 2094 1036 2159 modo
1054 2092 1117 2158 fuit
1133 2093 1314 2157 retardata.
1335 2131 1372 2139 --
1383 2091 1567 2157 Videretur
1583 2091 1770 2156 dicendum
1791 2091 1886 2174 quod
1904 2091 2103 2175 praedictus
2120 2092 2294 2177 appetitus
2311 2106 2407 2158 natu·

928 2207 1009 2274 ralis
1032 2208 1157 2273 virtute
1182 2207 1298 2271 divina
1322 2207 1386 2271 fuit
1410 2229 1430 2270 a
1455 2229 1519 2270 sua
1542 2205 1767 2271 inclinatione
1792 2226 1986 2290 suspensus
2004 2206 2032 2270 si
2050 2209 2118 2272 hoc
2142 2207 2309 2291 possibile
2333 2208 2407 2286 fuit,

930 2336 989 2389 aut
1013 2323 1207 2389 intellectus
1232 2334 1266 2387 et
1294 2323 1453 2387 voluntas
1478 2322 1513 2386 in
1538 2332 1617 2387 actu
1639 2321 1812 2385 fruitionis
1839 2320 1922 2385 alias
1940 2321 1974 2385 in
1998 2333 2129 2386 tantum
2150 2323 2407 2402 fortificabatur,

929 2438 991 2504 in²
1018 2450 1185 2523 quantum
1211 2459 1253 2503 ex
1280 2436 1507 2503 huiusmodi³
1534 2436 1756 2502 inclinatione
1781 2436 1925 2500 naturali
1956 2438 2116 2520 poterat⁴
2145 2437 2313 2523 impediri.
2344 2441 2409 2503 Per

929 2553 1052 2621 dicta⁶
1076 2564 1170 2639 patet
1194 2553 1377 2639 responsio
1395 2554 1438 2617 ad
1457 2552 1595 2617 obiecta
1612 2553 1806 2617 secundum
1828 2563 2008 2636 utramque
2026 2553 2124 2616 viam.
2310 2539 2312 2542 ’

1518 3089 1759 3171 Qunasrro
1785 3089 1823 3152 rr.

969 3342 1111 3418 Utrum
1145 3340 1315 3415 essentia
1350 3345 1560 3414 creaturae
1592 3339 1644 3413 sit
1677 3338 1833 3440 aliquid
1867 3340 2105 3440 indifferens
2137 3342 2192 3414 ad
2220 3368 2302 3415 esse
2336 3347 2372 3415 et

1571 3499 1651 3546 nott
1681 3498 1773 3546 6888.

1022 3801 1149 3865 Postea
1176 3800 1268 3865 circa
1296 3821 1401 3885 puras
1433 3810 1609 3864 creaturas
1637 3800 1894 3882 quaerebantur
1922 3799 2094 3883 quaedam
2127 3799 2334 3884 pertinentia
2362 3802 2406 3865 ad

931 3927 1108 3982 creaturas
1148 3915 1181 3980 in
1221 3915 1387 4002 generali,
1416 3916 1588 3999 quaedam
1628 3914 1836 3999 pertinentia
1875 3916 1919 3979 ad
1951 3926 2127 3980 creaturas
2167 3917 2335 3999 quasdam
2372 3916 2406 3980 in

931 4031 1084 4117 speciali.
1115 4031 1218 4096 Circa
1245 4042 1421 4095 creaturas
1448 4030 1484 4095 in
1511 4029 1666 4117 generali
1695 4032 1952 4114 quaerebantur
1978 4031 2074 4109 duo;
2104 4053 2211 4095 unurn
2236 4042 2309 4097 erat
2335 4054 2407 4117 per-

929 4145 1044 4211 tinens
1073 4147 1116 4210 ad
1148 4157 1305 4210 naturam
1334 4146 1508 4211 essentiae
1537 4156 1727 4224 creaturae,
1755 4145 1888 4211 scilicet
1915 4158 2028 4210 utrum
2053 4145 2205 4213 essentia
2228 4160 2407 4212 creaturae

931 4261 974 4327 sit
1009 4261 1138 4345 aliquid
1171 4261 1374 4326 indifferens
1412 4262 1455 4325 ad
1491 4282 1569 4326 esse
1598 4272 1632 4325 et
1659 4283 1732 4325 non
1764 4281 1866 4340 esse3
1898 4261 2092 4326 secundum
2126 4274 2198 4328 erat
2229 4262 2407 4347 pertinens

931 4377 975 4442 ad
994 4398 1071 4442 esse
1101 4377 1304 4441 existentiae
1330 4388 1507 4441 creaturae
1532 4388 1699 4461 quantum
1725 4377 1769 4440 ad
1794 4376 1869 4441 eius
1894 4376 2122 4455 durationem,
2147 4377 2278 4443 scilicet
2294 4389 2405 4443 utrum

931 4493 1082 4556 mundus
1107 4491 1181 4557 sive
1206 4491 1320 4576 aliqua
1345 4503 1503 4557 creatura
1527 4491 1640 4577 potuit
1664 4512 1743 4556 esse
1767 4492 1822 4556 vel
1846 4492 1993 4557 existere
2018 4493 2062 4556 ab
2087 4504 2240 4558 aeterno

1019 4608 1076 4672 Ad
1101 4607 1248 4692 primum
1276 4608 1399 4672 horum
1429 4609 1640 4694 arguebatur
1659 4608 1754 4691 quod
1779 4607 1931 4672 essentia
1967 4610 1970 4688 Ι
2007 4618 2185 4673 creaturae
2210 4608 2253 4673 sit
2276 4609 2406 4693 aliquid

931 4722 1132 4788 indifferens
1160 4724 1204 4787 ad
1233 4744 1312 4787 esse
1341 4735 1375 4787 et
1403 4744 1474 4787 non
1503 4744 1592 4801 esse,
1618 4723 1700 4806 quia
1728 4722 1875 4787 scientia
1904 4744 1975 4786 non
2005 4736 2057 4788 est
2081 4723 2147 4788 nisi
2176 4725 2219 4790 de
2244 4746 2287 4789 eo
2311 4727 2406 4809 quod

930 4850 982 4904 est
1011 4859 1092 4903 vera
1129 4837 1306 4922 quidditas
1341 4850 1375 4902 et
1411 4837 1565 4903 essentia
1596 4837 1669 4903 sive
1697 4859 1779 4902 vera
1807 4860 1861 4902 res
1893 4839 2227 4923 praedicamentalis.
2260 4841 2331 4907 Sed
2364 4843 2408 4906 ad

930 4955 999 5019 hoc
1027 4953 1122 5037 quod
1150 4954 1194 5019 de
1223 4953 1340 5038 aliquo
1368 4953 1412 5018 sit
1439 4975 1520 5019 vera
1548 4953 1695 5018 scientia
1727 4975 1798 5018 non
1827 4964 1965 5038 oportet
1993 4955 2087 5037 quod
2119 4954 2163 5019 sit
2189 4957 2244 5020 vel
2273 4956 2407 5036 existat,

930 5071 993 5135 sed
1021 5070 1134 5134 solum
1163 5069 1257 5152 quod
1285 5080 1403 5153 aptum
1431 5069 1475 5133 sit
1500 5090 1579 5134 esse
1608 5068 1662 5134 vel
1689 5069 1846 5148 existere,
1875 5090 1955 5133 nam
1984 5090 2065 5134 vera
2092 5069 2237 5135 scientia
2261 5073 2408 5136 habetur

930 5185 974 5250 de
1003 5183 1124 5269 eclipsi
1152 5197 1186 5248 et
1213 5185 1257 5249 de
1285 5183 1403 5269 pluvia
1430 5206 1508 5249 cum
1529 5206 1608 5248 -non
1638 5195 1728 5248 sunt.
1761 5185 1856 5271 Ergo
1889 5185 1933 5248 ad
1965 5187 2033 5250 lroc
2065 5186 2159 5269 quod
2194 5186 2296 5252 alicui
2326 5209 2407 5253 con-

930 5300 1046 5365 veniat
1079 5320 1159 5364 vera
1191 5300 1343 5364 essentia
1375 5298 1477 5364 realis
1509 5301 1562 5364 vel
1595 5320 1674 5364 esse
1705 5299 1981 5383 quidditativum,
2020 5300 2093 5365 sive
2129 5302 2173 5365 ad
2208 5303 2278 5367 hoc
2313 5304 2407 5387 quod

930 5415 1059 5500 aliquid
1088 5415 1131 5479 sit
1157 5436 1240 5480 vera
1268 5414 1443 5499 quidditas
1472 5427 1505 5479 et
1536 5415 1699 5493 essentia,
1729 5437 1799 5479 non
1829 5426 1966 5500 oportet
1993 5417 2089 5499 quod
2122 5416 2165 5482 sit
2193 5418 2247 5482 vel
2275 5418 2406 5484 existat.

929 5531 1024 5619 Ergo
1052 5530 1252 5595 huiusmodi
1280 5530 1434 5595 essentia
1462 5532 1517 5595 vel
1545 5528 1732 5615 quidditas,
1761 5551 1841 5595 cum
1868 5532 2062 5597 secundum
2087 5554 2188 5597 suum
2213 5555 2291 5598 esse
2315 5535 2408 5600 reale
2502 5521 2508 5534 ⁸

930 5645 1195 5731 quidditativum
1220 5645 1335 5731 ipsum
1360 5666 1438 5711 esse
1463 5647 1516 5710 vel
1541 5645 1690 5710 existere
1714 5667 1785 5710 non
1810 5646 1974 5726 includat,
2000 5659 2052 5712 est
2075 5646 2276 5714 indifferens
2300 5671 2408 5733 quan·

1020 5958 1029 5989 ¹
1042 5956 1252 6026 appracimato
1265 5957 1471 6025 praeservato]
1491 5961 1683 6026 praeservato
1703 5956 1907 6026 approximate
1927 5957 1950 6008 P
1958 5957 1992 6012 V.
2007 5990 2039 5998 -
2053 5959 2064 5990 ¹
2077 5977 2132 6015 om.
2144 5960 2176 6012 V.
2191 5991 2224 5999 —
2238 5962 2249 5991 ³
2261 5978 2297 6015 ex
2311 5961 2407 6016 liuius·

867 6067 872 6077 ·
930 6043 1020 6115 modi]
1034 6042 1200 6098 huiusmodi
1213 6060 1249 6096 ex
1263 6043 1293 6097 P.
1309 6075 1341 6082 —
1356 6047 1365 6074 ⁴
1379 6042 1487 6114 poterit
1500 6043 1559 6096 PV.
1576 6074 1605 6081 -
1621 6042 1796 6114 ⁵praedicta
1808 6044 1839 6100 P.
