6700 7992
1013 1412 1049 1469 ⁹2
1379 1404 1570 1471 1110131111
1600 1403 1819 1470 cobestnni
1848 1403 1901 1468 ne
1928 1402 2126 1471 Fontibus

1015 1595 1179 1663 mutantis
1212 1595 1524 1661 transmutatione¹
1554 1594 1754 1661 huiusmodi
1786 1617 1890 1680 quam
1923 1595 2005 1661 facit
2036 1595 2271 1661 mediantibus
2305 1593 2490 1684 agentibus

1014 1713 1235 1779 inferioribus
1259 1712 1371 1799 ipsam
1397 1712 1543 1777 formam
1560 1711 1758 1778 inducentis
1778 1723 1815 1776 ut
1832 1711 2003 1799 contingit
2020 1713 2063 1777 de
2081 1712 2245 1777 omnibus
2263 1711 2381 1779 formis
2404 1690 2491 1799 pure

1014 1827 1248 1894 materialibus
1276 1828 1350 1893 aliis
1378 1826 1510 1893 scilicet
1537 1829 1581 1891 ab
1610 1827 1819 1893 intellectiva
1833 1827 1854 1908 ²,
1884 1828 1937 1893 vel
1966 1850 2030 1892 sua
2057 1827 2258 1893 huiusmodi
2285 1838 2491 1894 transmuta-

1014 1944 1110 2011 tione
1134 1944 1312 2010 materiam
1337 1943 1556 2029 disponcntis
1581 1945 1719 2008 adhoc
1743 1955 1780 2007 ut
1804 1944 1892 2009 haec
1916 1944 2027 2008 forma
2050 1943 2304 2029 perfectissima
2328 1966 2348 2009 a
2372 1966 2491 2031 super·

1014 2060 1160 2127 naturali
1177 2072 1304 2148 agente
1321 2059 1514 2125 inducatur.
1533 2058 1571 2125 Si
1588 2058 1680 2124 enim
1697 2060 1831 2125 caelum
1858 2081 1922 2124 sua
1945 2059 2233 2127 transmutatione
2258 2060 2491 2128 mediantibus

1015 2176 1134 2242 formis
1158 2174 1304 2262 primis³
1327 2187 1360 2241 et
1385 2175 1460 2240 aliis
1484 2174 1670 2263 agentibus
1695 2174 1820 2241 mediis
1844 2186 1961 2260 potest
1984 2175 2162 2242 materiam
2187 2177 2401 2244 sufficienter
2424 2177 2492 2243 dis-

1013 2313 1145 2379 ponere
1173 2292 1217 2356 ad
1242 2294 1311 2357 hoc
1336 2302 1372 2356 ut
1395 2291 1506 2356 forma
1534 2290 1779 2371 immaterialis,
1810 2291 1944 2357 scilicet
1971 2292 2086 2357 anima
2110 2305 2271 2378 respectu
2302 2292 2402 2360 cuius
2427 2304 2492 2359 ter·

1015 2408 1129 2474 minus
1144 2408 1156 2443 1
1172 2418 1225 2473 est
1241 2407 1420 2492 potentiae
1437 2406 1518 2491 quia
1534 2428 1606 2471 non
1632 2408 1677 2472 ad
1702 2407 1897 2473 ulteriorem
1924 2410 1978 2473 vel
2003 2408 2245 2494 perfectiorem
2264 2430 2303 2477 se
2327 2409 2491 2490 extendit,

1014 2527 1058 2590 ab
1090 2538 1217 2611 agente
1250 2522 1502 2609 supernaturali
1532 2522 1727 2602 inducatur,
1745 2524 1852 2588 multo
1881 2524 1991 2610 magis
2020 2536 2137 2610 potest
2164 2525 2353 2611 disponere
2380 2525 2492 2612 ipsam

1013 2620 1190 2707 materiam
1214 2640 1425 2706 sufficienter
1449 2638 1684 2704 mediantibus
1709 2639 1830 2705 activis
1855 2639 1973 2725 primis
1998 2641 2117 2706 formis
2143 2654 2176 2706 et
2207 2641 2282 2707 aliis
2307 2644 2492 2729 agentibus

1014 2760 1144 2824 adhoc
1163 2758 1259 2842 quod
1275 2776 1518 2840 quaecumque
1535 2755 1600 2819 alia
1625 2754 1760 2821 formal
1776 2755 1953 2821 materiam
1978 2757 2145 2842 perticere
2170 2769 2251 2824 nata
2275 2757 2458 2826 inducatur
2470 2758 2492 2824 1.

1015 2875 1087 2941 Sed
1104 2873 1218 2939 omnis
1235 2872 1347 2937 forma
1364 2871 1429 2936 alia
1448 2872 1492 2936 ab
1508 2870 1685 2938 intellectu
1701 2870 1779 2937 talis
1796 2882 1849 2937 est
1865 2872 1960 2957 qdod
1982 2894 2055 2937 non
2073 2885 2126 2938 est
2143 2885 2224 2939 nata
2240 2875 2369 2942 habere
2383 2874 2394 2910 ⁷
2414 2896 2493 2942 esse

1014 2991 1049 3057 in
1068 2990 1210 3056 materia
1227 3010 1289 3075 per
1305 2986 1527 3067 creationem,
1544 2988 1608 3052 sed
1625 3009 1690 3073 per
1706 2986 1928 3053 eductionem
1946 2988 1990 3076 de
2014 2988 2170 3074 potentia
2195 2990 2359 3058 materiae
2383 2991 2493 3078 ipsius

1014 3106 1313 3186 transmutatione,
1331 3103 1483 3188 alioquin
1508 3125 1580 3169 non
1605 3115 1699 3169 esset
1716 3102 1922 3190 dependens
1939 3126 1959 3168 a
1976 3105 2118 3170 materia
2134 3105 2185 3172 sic
2200 3106 2283 3191 quin
2300 3118 2383 3173 nata
2400 3118 2494 3174 esset

1015 3247 1076 3311 per
1094 3246 1133 3290 se
1149 3222 1339 3288 subsistere
1356 3232 1390 3287 et
1407 3231 1499 3286 esset
1515 3220 1710 3285 substantia
1728 3219 1959 3285 immaterialis
1977 3231 2010 3285 et
2026 3219 2277 3287 intellectualis.
2295 3223 2355 3290 Sic
2378 3236 2493 3291 autem

1015 3363 1088 3407 non
1115 3352 1209 3407 esset
1232 3338 1298 3403 nisi
1322 3338 1399 3423 ipsa
1422 3336 1537 3402 anima
1561 3334 1738 3403 rationalis
1763 3335 1845 3420 quia
1864 3357 1935 3401 non
1964 3347 2079 3422 potest
2109 3338 2176 3403 alia
2200 3360 2279 3405 esse
2303 3351 2340 3405 ut
2364 3340 2493 3407 dictum

1015 3468 1077 3524 est.
1104 3457 1221 3540 Quare
1239 3466 1272 3520 et
1288 3466 1412 3521 cetera.

1104 3573 1147 3638 Et
1164 3573 1358 3638 secundum
1375 3575 1445 3637 hoc
1462 3570 1658 3636 verificatur
1678 3569 1761 3634 illud
1779 3569 2074 3635 Commentatoris
2088 3574 2145 3655 (1),
2159 3571 2370 3639 duodecimo
2390 3574 2495 3640 Meta·

1016 3689 1192 3776 physicae,
1215 3689 1310 3773 quod
1327 3710 1450 3753 omnes
1474 3688 1605 3752 formae
1629 3706 1720 3772 quae
1737 3696 1818 3750 sunt
1835 3696 1914 3750 actu
1934 3685 1968 3749 in
1986 3697 2120 3752 motore
2137 3709 2225 3772 quas
2242 3688 2373 3757 scilicet
2391 3701 2495 3756 natus

1016 3817 1069 3872 est
1085 3805 1252 3871 inducere
1269 3804 1303 3869 in
1321 3804 1398 3889 ipsa
1422 3802 1563 3868 materia
1587 3824 1649 3888 per
1673 3823 1712 3867 se
1729 3812 1764 3867 et
1787 3799 1986 3867 immediate
2012 3813 2178 3886 quantum
2203 3804 2248 3869 ad
2272 3803 2494 3887 intellectum,

1016 3933 1075 3989 aut
1099 3921 1248 3988 mediate
1276 3931 1444 4007 quantum
1468 3921 1512 3984 ad
1537 3918 1633 3999 alias,
1662 3930 1744 3984 sunt
1767 3917 1802 3982 in
1827 3917 1985 4003 potentia
2013 3918 2047 3983 in
2072 3919 2215 3985 materia
2239 3920 2358 4006 prima,
2384 3922 2418 3987 id
2443 3935 2496 3989 est

1016 4052 1177 4125 respectu
1195 4037 1327 4102 illarum
1344 4038 1450 4101 habet
1466 4034 1609 4101 materia
1622 4033 1732 4120 prima
1744 4033 1935 4119 potentiam
1950 4035 2154 4116 naturalem,
2166 4058 2232 4103 nec
2245 4037 2348 4103 etiam
2361 4037 2497 4105 videtur

1017 4176 1095 4221 esse
1114 4154 1147 4220 in
1165 4153 1322 4239 potentia
1338 4172 1558 4238 quacumque
1575 4162 1612 4216 ut
1628 4160 1792 4236 respectu
1810 4148 1950 4215 alterius
1967 4150 2064 4231 caeli,
2084 4152 2138 4217 vel
2156 4151 2190 4217 in
2208 4153 2275 4219 alio
2293 4154 2425 4220 mundo
2441 4156 2497 4221 vel

1016 4271 1181 4337 universo
1209 4268 1319 4355 possit
1347 4267 1419 4333 steri
1444 4266 1478 4332 in
1503 4266 1580 4352 ipsa
1604 4267 1719 4352 aliqua
1745 4268 1858 4332 forma
1881 4287 1971 4351 quae
1997 4287 2070 4332 non
2094 4279 2215 4352 posset
2239 4268 2312 4335 steri
2336 4268 2371 4335 in
2395 4291 2438 4336 ea
2460 4268 2496 4336 in

1016 4387 1148 4453 mundo
1173 4386 1240 4451 isto
1253 4385 1274 4466 ⁸,
1292 4396 1326 4451 et
1342 4394 1504 4470 respectu
1521 4383 1624 4449 huius
1641 4383 1739 4450 caeli.
1759 4383 1935 4468 Quoniam
1954 4383 2037 4449 illud
2055 4384 2099 4449 ad
2117 4386 2213 4470 quod
2230 4384 2427 4453 immediate
2444 4396 2498 4453 est

1017 4503 1051 4570 in
1068 4501 1225 4589 potentia
1242 4511 1278 4567 ut
1293 4500 1404 4587 prima
1423 4501 1533 4566 forma
1550 4515 1584 4565 et
1600 4499 1857 4586 simplicissima
1874 4511 1926 4566 est
1944 4501 2055 4565 forma
2075 4500 2247 4583 elementi,
2265 4501 2324 4567 1111
2340 4503 2384 4567 ad
2401 4502 2497 4588 quod

1017 4619 1172 4685 ultimate
1190 4629 1243 4685 est
1260 4618 1293 4682 in
1310 4616 1477 4702 potentia,
1495 4628 1533 4681 ut
1549 4615 1678 4682 dictum
1695 4627 1758 4694 est,
1779 4628 1832 4682 est
1849 4615 1964 4682 anima
1981 4616 2167 4683 rationalis.
2181 4618 2261 4685 Non
2279 4627 2395 4704 potest
2411 4638 2496 4706 ergo

994 4738 1146 4831 ‘habere
1166 4733 1358 4821 potentiam
1375 4732 1442 4797 nisi
1459 4744 1621 4817 respectu
1638 4731 1783 4798 istorum
1800 4744 1833 4799 et
1857 4754 1977 4799 eorum
2002 4755 2092 4818 quae
2116 4745 2198 4799 sunt
2221 4745 2301 4820 post
2325 4735 2497 4802 elementa

1017 4865 1051 4920 et
1077 4874 1184 4940 supra
1211 4851 1372 4917 animam.
1403 4851 1521 4934 Quare
1550 4869 1628 4914 cum
1659 4849 1751 4915 istud
1783 4849 1919 4916 caelum
1950 4852 2080 4916 habeat
2111 4850 2302 4936 potentiam
2334 4825 2497 4937 respectu

1017 4970 1172 5037 omniurn
1200 4968 1328 5048 talium,
1357 4988 1429 5032 non
1458 4976 1511 5033 est
1539 4966 1745 5051 ponendum
1772 4964 1883 5050 ipsam
1908 4965 2085 5033 materiam
2110 4988 2188 5032 esse
2213 4967 2247 5032 in
2272 4965 2428 5053 potentia
2451 4967 2497 5034 ad

1018 5087 1118 5153 aliam
1137 5086 1282 5151 formam
1300 5081 1523 5170 singulariter
1538 5093 1702 5167 respectu
1719 5081 1859 5147 alterius
1876 5082 1973 5149 caeli.

1106 5203 1168 5268 Est
1196 5212 1311 5267 tamen
1336 5199 1604 5287 intelligendum
1629 5197 1724 5283 quod
1749 5197 1815 5262 alio
1840 5199 1946 5263 modo
1971 5210 2023 5265 est
2047 5199 2190 5265 materia
2213 5198 2248 5264 in
2272 5198 2428 5287 potentia
2451 5200 2497 5267 ad

1018 5341 1142 5386 omnes
1160 5319 1290 5384 formas
1309 5315 1504 5383 materiales
1521 5325 1683 5401 respectu
1701 5312 1789 5380 caeli
1804 5316 1859 5381 vel
1877 5313 1975 5399 primi
1993 5315 2168 5382 alterantis
2186 5326 2221 5381 et
2244 5327 2406 5402 respectu
2431 5315 2497 5381 Dei

1110 5592 1118 5624 ¹
1133 5587 1385 5645 transmutationis
1400 5588 1430 5641 P.
1444 5617 1477 5627 -—
1498 5587 1509 5619 1
1522 5585 1672 5641 intellectu
1693 5586 1722 5639 P.
1743 5616 1775 5625 —
1796 5587 1807 5618 1
1821 5585 1886 5640 aliis
1900 5586 1930 5639 P.
1947 5617 1979 5625 —
1993 5590 2003 5619 1
2017 5605 2071 5640 mir.
2086 5587 2117 5642 P.
2132 5618 2164 5626 —
2180 5589 2258 5642 10111.
2272 5588 2302 5642 P.
2316 5616 2350 5626 -
2364 5588 2375 5618 1
2387 5587 2498 5642 habere

1018 5679 1130 5734 111111Ρ.
1142 5711 1174 5719 —
1191 5680 1201 5710 1
1215 5696 1269 5733 om.
1284 5679 1315 5732 P.
1330 5710 1359 5717 -
1376 5676 1449 5730 11110
1469 5676 1500 5729 P.
1512 5707 1545 5714 -
1558 5677 1569 5706 1
1583 5674 1653 5729 illud
1666 5675 1698 5728 P.

1107 5861 1146 5925 (ll
1165 5832 1318 5912 Averroi
1323 5874 1337 5911 s
1359 5854 1584 5926 Metaplrysr'coe,
1604 5853 1621 5907 l.
1635 5853 1700 5921 Χ11,
1714 5871 1738 5909 c.
1752 5856 1770 5908 3
1788 5853 1940 5921 (Venetiis,
1955 5857 2031 5921 1552,
2046 5853 2064 5908 1.
2081 5857 2132 5909 143
2146 5855 2207 5924 Vb).
2226 5874 2237 5906 t
2251 5854 2288 5908 Et
2304 5853 2372 5909 ideo
2392 5853 2498 5909 dicitur

1019 5946 1098 6020 quod
1112 5963 1215 6001 omnes
1229 5943 1438 6018 proportiones
1452 5951 1481 5996 et
1495 5942 1608 5996 formae
1621 5949 1688 5995 sunt
1702 5942 1730 5995 in
1744 5943 1877 6014 potentia
1898 5942 1925 5995 in
1940 5942 2033 6014 prima
2047 5942 2169 5996 materia
2183 5951 2212 5996 et
2226 5942 2254 5996 in
2274 5951 2342 5997 actu
2361 5941 2390 5996 in
2403 5941 2497 6017 primo

1019 6045 1141 6091 motore.
1155 6056 1167 6087 1
