6700 7992
1324 1457 1539 1515 SECUNDUM
1569 1456 1870 1529 QUODLIBETUM,
1898 1456 1934 1528 Q.
1960 1455 2002 1510 lll
2367 1454 2403 1507 69

927 1643 1156 1728 quantitatum
1181 1641 1341 1726 producti
1367 1651 1400 1705 et
1425 1639 1620 1705 conservati
1645 1661 1664 1702 a
1690 1640 1766 1703 Deo
1791 1639 1984 1703 secundum
2009 1635 2143 1701 totam¹
2167 1633 2286 1699 mundi
2304 1635 2403 1699 dura·

926 1760 1066 1825 tionem.
1093 1759 1164 1824 Sed
1190 1758 1218 1820 si
1243 1757 1365 1821 infiniti
1394 1757 1526 1840 lapides
1555 1756 1728 1819 finitarum
1757 1755 1984 1838 quantitatum
2014 1753 2193 1817 unirentur
2221 1763 2255 1817 et
2280 1749 2404 1816 fierent

926 1898 1018 1941 unus
1035 1875 1122 1960 lapis
1140 1875 1192 1938 vel
1212 1895 1317 1937 unum
1343 1894 1480 1957 corpus,
1499 1871 1767 1936 constitueretur
1783 1893 1825 1934 ex
1843 1870 1892 1934 eis
1909 1892 2016 1934 unum
2042 1890 2172 1954 corpus
2196 1865 2404 1932 inlinitu1n².

928 1993 1024 2057 Deus
1056 2001 1170 2055 autem
1200 2011 1323 2053 omnes
1351 1986 1552 2052 huiusmodi
1583 1986 1717 2072 lapides
1750 2008 1839 2071 quos
1871 1997 1992 2071 posset
2023 1984 2175 2050 fecisse³
2202 1997 2323 2070 posset
2353 2004 2404 2048 sic

927 2107 1036 2172 unire.
1062 2106 1156 2194 Ergo
1181 2116 1300 2190 posset
1325 2104 1464 2189 aliquod
1488 2125 1617 2188 corpus
1642 2104 1747 2167 esse¹
1772 2102 1952 2180 infinitum,
1971 2103 2064 2186 quod
2090 2113 2143 2168 est
2167 2101 2403 2186 impossibile3

928 2235 961 2289 et
985 2221 1209 2287 nihilominus
1234 2232 1286 2286 est
1310 2219 1525 2304 impossibile
1551 2219 1652 2284 etiam
1678 2240 1756 2284 esse
1780 2240 1875 2283 nunc
1899 2218 2052 2283 infinitos
2074 2217 2209 2303 lapidos
2232 2216 2404 2282 finitarum

928 2338 1167 2425 quantitatum.
1194 2338 1312 2420 Quare
1336 2349 1370 2401 ct
1394 2347 1519 2401 cetera.

1017 2456 1158 2520 Contra.
1180 2454 1263 2517 lllud
1290 2453 1383 2536 quod
1409 2451 1507 2516 non⁵
1531 2451 1684 2535 implicat
1701 2451 2012 2517 contradictionem
2038 2461 2155 2536 potest
2178 2450 2251 2516 fieri
2276 2471 2296 2514 a
2316 2451 2403 2515 De0.

930 2573 1001 2639 Sed
1026 2571 1192 2635 mundum
1221 2569 1330 2633 fuisse
1358 2571 1401 2632 ab
1431 2579 1573 2633 aeterno
1602 2568 1913 2633 contradictionem
1941 2589 2012 2631 non
2041 2567 2203 2651 implicat,
2229 2566 2309 2650 quia
2336 2567 2405 2631 hoc

2464 2661 2530 2717 cod.
2541 2661 2566 2715 V

929 2708 1106 2771 nunquam
1141 2707 1250 2769 accep
1283 2688 1286 2768 l
1319 2695 1390 2749 turn
1422 2697 1474 2748 est
1506 2706 1525 2747 a
1562 2683 1781 2768 philosophis
1815 2684 1867 2749 vel
1901 2683 2031 2748 sanctis
2067 2684 2110 2747 ad
2147 2683 2405 2748 ostendendum
2432 2733 2598 2789 fol.259Vt³

930 2804 1098 2868 mundum
1123 2824 1195 2866 non
1220 2801 1328 2866 fuisse
1354 2803 1397 2864 ab
1422 2811 1575 2866 aeterno.
1601 2800 1720 2882 Quare
1745 2811 1778 2865 et
1803 2811 1928 2865 cetera.

1020 2919 1232 3004 Respondeo
1257 2915 1467 2982 dicendum¹¹
1484 2918 1578 2999 ‹iuod
1596 2917 1639 2980 ad
1657 2918 1727 2980 hoc
1753 2915 2013 3003 intelligendum
2032 2916 2326 2982 considerandum
2344 2925 2406 2994 est,

931 3036 1026 3118 quod
1043 3035 1070 3099 si
1088 3034 1132 3098 sit
1148 3033 1380 3119 repugnantia
1404 3032 1639 3096 intellectuum
1655 3030 1666 3065 ⁷
1690 3034 1785 3116 quod
1810 3034 1961 3097 mundus
1981 3032 2092 3118 potuit
2109 3054 2187 3098 esse
2204 3035 2248 3096 ab
2265 3043 2407 3098 aeterno

930 3161 967 3215 ut
1001 3149 1084 3234 quid
1117 3159 1271 3214 creatum
1297 3169 1316 3211 a
1342 3149 1419 3212 Deo
1448 3160 1482 3212 et
1512 3147 1546 3211 in
1579 3147 1777 3212 diversitate
1809 3148 2035 3226 substantiae,
2065 3150 2207 3233 planum
2236 3159 2289 3213 est
2313 3147 2411 3233 quod

931 3267 1026 3331 nullo
1051 3266 1157 3330 modo
1182 3263 1294 3349 potuit
1319 3285 1397 3329 esse
1421 3265 1643 3328 abaeterno.
1661 3263 1742 3327 Non
1760 3275 1812 3328 est
1829 3274 1944 3328 autem
1969 3263 2153 3329 manifesta
2176 3263 2409 3352 repugnantia

931 3382 1188 3453 intellectuum3
1215 3380 1295 3464 quia
1319 3378 1375 3444 si⁸
1399 3392 1501 3458 esset,
1527 3382 1595 3444 hoc
1612 3379 1831 3466 contingeret
1848 3382 1943 3464 quod
1964 3381 2061 3446 Deus
2085 3379 2285 3445 necessario
2310 3382 2409 3445 dura·

931 3498 1027 3563 tione
1051 3498 1277 3582 praecederet
1301 3507 1492 3561 creaturam
1518 3518 1607 3580 quae
1628 3503 1672 3560 at>
1697 3495 1775 3580 ipso
1800 3497 1905 3561 habet
1922 3518 2010 3576 esse,
2028 3498 2083 3562 vel
2101 3496 2182 3581 quia
2207 3498 2252 3562 de
2275 3496 2410 3562 ratione

933 3624 1111 3688 creaturae
1129 3613 1293 3696 estquod
1319 3614 1446 3675 habeat
1470 3632 1548 3676 esse
1574 3623 1653 3695 post
1677 3632 1749 3675 non
1776 3633 1854 3676 esse
1879 3612 2071 3678 duratione.
2090 3612 2162 3678 Sed
2186 3634 2258 3677 non
2275 3613 2412 3678 videtur

933 3750 1012 3794 esse
1036 3730 1080 3792 de
1104 3728 1238 3793 ratione
1255 3739 1434 3792 creaturae
1459 3729 1552 3811 quod
1578 3729 1706 3792 habeat
1731 3749 1809 3792 esse
1834 3739 1914 3812 post
1937 3750 2008 3793 non
2034 3750 2113 3794 esse
2137 3729 2330 3808 duratione,
2347 3728 2410 3794 sed

933 3845 1045 3910 solum
1070 3844 1164 3928 quod
1190 3845 1233 3908 de
1258 3865 1296 3908 se
1325 3843 1416 3908 dicat
1441 3853 1598 3907 naturam
1630 3864 1721 3927 quae
1749 3845 1943 3909 secundum
1971 3856 2288 3930 quantamcumque
2312 3846 2411 3910 dura-

933 3960 1062 4025 tionem
1083 3950 1169 4024 'nata
1194 3970 1245 4024 est
1269 3980 1358 4038 esse,
1383 3979 1455 4024 non
1479 3970 1595 4023 tamen
1621 3981 1641 4022 a
1665 3980 1704 4024 se
1729 3960 1791 4025 sed
1816 3961 1860 4023 ab
1884 3959 1962 4024 alio,

1023 4075 1080 4140 Ad
1105 4075 1204 4140 cuius
1229 4075 1441 4139 intellectum
1459 4085 1511 4140 est
1528 4073 1824 4140 considerandum
1842 4077 1947 4159 quod,
1961 4098 2032 4141 non
2050 4077 2211 4143 obstante
2228 4079 2323 4162 quod
2340 4098 2412 4142 non

935 4204 987 4257 est
1018 4190 1194 4256 distinctio
1225 4190 1327 4255 realis
1358 4190 1446 4255 inter
1477 4190 1664 4255 essentiam
1694 4202 1727 4255 et
1759 4190 1976 4256 existentiam
2001 4204 2192 4273 creaturae,
2218 4192 2264 4256 ita
2292 4190 2414 4276 qu0d⁹

934 4318 1101 4392 quantum
1127 4305 1292 4371 convenit
1317 4319 1495 4371 creaturae
1520 4306 1564 4371 de
1588 4305 1721 4370 ratione
1751 4307 1924 4372 essentiae
1952 4319 2086 4372 tantum
2115 4308 2280 4373 convenit
2308 4307 2339 4373 ei
2369 4309 2413 4373 de

910 4473 911 4477 ,
934 4444 1023 4502 esse,
1041 4421 1188 4488 dicimus
1204 4433 1320 4487 tamen
1339 4424 1451 4486 Deum
1470 4437 1645 4487 creaturas
1662 4422 1845 4487 duratione
1862 4422 1887 4457 ¹⁰
1906 4423 2151 4508 praecessisse,
2166 4435 2200 4489 et
2216 4446 2288 4488 non
2305 4423 2414 4489 fuisse

934 4540 978 4603 ab
1004 4549 1146 4603 aeterno
1171 4558 1237 4603 nec
1255 4537 1278 4573 ¹¹
1303 4550 1470 4621 quantum
1495 4539 1538 4602 ad
1564 4559 1642 4602 esse
1668 4538 1841 4603 essentiae
1867 4560 1933 4603 nec
1964 4552 2130 4623 quantum
2155 4540 2199 4604 ad
2225 4561 2303 4605 esse
2327 4539 2413 4604 exis·

934 4654 1073 4733 tentiae,
1091 4654 1138 4719 ita
1162 4655 1257 4738 quod
1282 4675 1348 4719 nec
1373 4655 1417 4717 ab
1434 4665 1577 4718 aeterno
1593 4653 1616 4688 ¹¹
1640 4655 1746 4718 homo
1764 4654 1828 4718 luit
1842 4653 1875 4735 ¹²,
1892 4676 1958 4719 nec
1975 4657 2019 4719 ab
2037 4665 2179 4721 aeterno
2196 4655 2260 4721 fuit
2276 4655 2414 4738 animal,

934 4790 1002 4836 nec
1025 4771 1069 4834 ab
1094 4782 1237 4835 aeterno
1262 4771 1368 4834 homo
1392 4769 1455 4833 fuit
1480 4769 1605 4833 animal
1624 4808 1664 4816 —
1683 4769 1764 4835 dico
1781 4770 1806 4804 ¹³
1829 4771 2023 4835 secundum
2048 4792 2127 4837 esse
2151 4772 2244 4837 reale
2267 4775 2413 4854 actuale,

902 4935 904 4938 -
937 4926 977 4933 —
1006 4887 1069 4952 sed
1101 4886 1213 4951 solum
1249 4887 1443 4951 secundum
1474 4907 1553 4950 esse
1581 4885 1771 4971 potentiale
1803 4896 1836 4951 et
1868 4886 2011 4952 virtuale
2043 4898 2077 4953 et
2108 4889 2303 4953 secundum
2336 4909 2415 4955 esse

937 5002 1127 5090 cognitum.
1154 5001 1246 5084 Quia
1277 5004 1321 5066 ab
1353 5013 1495 5067 aeterno
1527 5003 1633 5066 homo
1665 5012 1698 5067 et
1729 5023 1829 5066 snum
1860 5006 1864 5086 l
1895 5024 1973 5067 esse
2004 5002 2181 5090 cognitum
2214 5003 2286 5084 fuit,
2312 5016 2346 5071 et
2370 5006 2413 5069 ab

936 5129 1079 5211 aeterno
1097 5118 1142 5183 de
1159 5118 1335 5183 intellectu
1359 5117 1509 5182 hominis
1533 5116 1597 5181 fuit
1621 5116 1769 5197 animal;
1795 5128 1828 5183 et
1852 5120 2046 5183 secundum
2072 5140 2150 5185 esse
2174 5120 2365 5206 potentiale
2381 5132 2415 5187 et

936 5233 1080 5299 virtuale
1104 5233 1139 5297 in
1164 5233 1287 5298 virtute
1319 5245 1352 5297 et
1382 5233 1537 5318 potentia
1569 5255 1654 5298 suae
1686 5254 1814 5299 causae
1845 5235 1889 5297 al)
1921 5246 2063 5299 aeterno
2094 5235 2167 5316 suit,
2193 5248 2227 5302 et
2250 5236 2340 5303 sicut
2370 5239 2414 5302 ab

937 5359 1080 5415 aeterno
1105 5351 1211 5414 homo
1235 5349 1356 5413 habuit
1381 5370 1470 5428 esse,
1495 5349 1541 5413 ita
1566 5349 1687 5413 habuit
1712 5370 1789 5414 esse
1814 5349 1950 5430 animal,
1971 5350 2053 5435 quia
2076 5353 2120 5416 ab
2137 5362 2280 5418 aeterno
2308 5355 2414 5418 homo

937 5463 1001 5529 suit
1025 5477 1058 5529 et
1082 5464 1146 5530 fuit
1169 5466 1275 5530 homo
1299 5465 1334 5529 in
1358 5464 1516 5549 potentia
1539 5486 1610 5529 non
1635 5464 1669 5529 in
1695 5476 1785 5544 actu,
1810 5476 1843 5530 et
1868 5466 1970 5531 etiam
1994 5466 2058 5531 suit
2082 5467 2208 5533 animal
2227 5450 2364 5535 scilicet
2379 5469 2414 5534 in

938 5579 1104 5666 potentia.
1130 5581 1210 5646 Non
1229 5580 1365 5646 videtur
1388 5602 1473 5668 ergo
1499 5580 1748 5662 benedictum,
1766 5592 1804 5646 ut
1820 5580 1956 5647 videtur
1972 5582 2155 5668 aliquibus
2173 5585 2268 5668 quod
2285 5586 2330 5650 ad
2347 5587 2416 5652 hoc

2472 4977 2538 5033 cod.
2549 4977 2573 5031 P

2441 5049 2492 5105 iol.
2504 5053 2555 5104 142
2566 5049 2607 5102 Rb

1032 5894 1036 5922 ¹
1052 5897 1145 5947 toturn
1159 5892 1189 5945 P.
1204 5924 1237 5932 -
1258 5893 1268 5924 ¹
1281 5892 1393 5946 linitum
1409 5894 1440 5946 P.
1455 5925 1486 5932 —
1502 5894 1627 5964 ¹posset
1641 5892 1758 5962 secisse]
1773 5892 1893 5947 lecisset
1906 5894 1937 5948 P.
1952 5926 1985 5934 -
1999 5898 2008 5926 ¹
2022 5895 2065 5949 sic
2079 5896 2109 5948 P.
2124 5926 2156 5935 -—
2172 5898 2240 5951 ¹est
2254 5898 2322 5952 add.
2336 5897 2367 5951 Ρ.
2382 5928 2415 5937 -

940 5980 950 6011 ¹
963 5987 1008 6033 est
1021 5981 1090 6033 add.
1105 5981 1138 6034 V.
1153 6012 1185 6019 -
1202 5982 1278 6033 ¹0m.
1291 5981 1321 6034 P.
1336 6012 1368 6018 —
1384 5982 1394 6011 ³
1407 5982 1463 6034 hoe
1476 5982 1545 6034 add.
1556 5981 1587 6035 P.
1599 6013 1632 6020 -
1646 5983 1657 6012 ¹
1670 5999 1725 6034 om.
1737 5982 1767 6034 Ρ.
1782 6013 1815 6021 -
1833 5983 1852 6013 ¹⁰
1865 5999 1920 6035 om.
1932 5983 1962 6035 P.
1977 6014 2010 6022 -
2027 5985 2045 6014 ¹¹
2059 6000 2158 6038 nec-
2173 5988 2303 6054 aeterno]
2318 5992 2373 6040 om.
2384 5985 2415 6040 P.

940 6098 973 6107 —
991 6068 1010 6098 ¹¹
1023 6067 1130 6122 animal
1149 6069 1218 6122 add.
1239 6068 1270 6121 P.
1285 6099 1318 6107 -
1331 6069 1351 6100 ¹⁸
1365 6068 1435 6122 dato
1449 6069 1480 6121 P.
2278 6076 2311 6129 10
