6700 7992
1212 1432 1407 1503 QUARTUM
1437 1430 1736 1503 Quoormsruu,
1766 1431 1801 1503 Q.
1832 1432 1857 1485 v
2219 1434 2266 1487 251

794 1610 922 1678 Christi
946 1611 982 1678 in
1012 1612 1159 1679 diversis
1183 1612 1270 1679 locis
1305 1612 1599 1678 sacramentaliter
1634 1612 1813 1678 existente.
1851 1612 1892 1678 Et
1928 1614 2139 1700 arguebatur
2175 1614 2271 1698 quod

793 1728 855 1808 sic,
893 1728 974 1813 quia
1005 1728 1170 1814 quicquid
1209 1730 1306 1793 Deus
1330 1741 1447 1814 potest
1481 1729 1597 1794 facere
1636 1750 1699 1814 per
1737 1729 1889 1793 medium
1929 1729 2001 1793 sive
2032 1751 2094 1815 per
2128 1751 2270 1793 (irrisam

792 1844 941 1910 mediam
966 1855 1082 1930 potest
1106 1846 1221 1910 facere
1247 1843 1444 1909 immediate
1469 1843 1542 1908 sive
1575 1843 1699 1909 virtute
1731 1844 1880 1930 propria.
1915 1846 1986 1909 Sed
2023 1846 2119 1909 Deus
2155 1856 2272 1930 potest

792 1961 907 2026 facere
926 1961 1021 2045 quod
1046 1982 1153 2025 unum
1178 1981 1308 2044 corpus
1332 1960 1375 2024 sit
1399 1959 1498 2024 simul
1525 1960 1558 2023 in
1584 1959 1731 2024 (liversis
1756 1960 1842 2025 locis
1867 1982 1928 2044 per
1953 1960 2114 2039 inedium,
2140 1960 2272 2025 scilicet

791 2098 854 2162 per
877 2097 1007 2142 conver
1039 2078 1043 2159 Ι
1075 2076 1208 2141 sionem
1235 2075 1449 2141 diversorum
1484 2076 1516 2140 in
1542 2075 1688 2140 diversis
1713 2075 1799 2141 locis
1836 2076 2150 2161 praeexistentiam.
2184 2077 2269 2140 lllurl
2293 2048 2465 2174 soff-{lillpa

792 2213 877 2279 ergo
901 2194 970 2258 hoc
994 2203 1110 2278 potest
1134 2192 1249 2257 facere
1275 2192 1349 2256 sine
1375 2192 1501 2257 medio.
1528 2192 1646 2274 Quare
1671 2204 1706 2256 ct
1730 2203 1856 2257 cetera.

881 2309 1023 2373 Contra.
1048 2308 1146 2373 Deus
1171 2329 1242 2372 non
1275 2319 1391 2392 potest
1415 2308 1530 2372 facere
1555 2308 1638 2372 illud
1671 2308 1705 2372 in
1737 2330 1807 2392 quo
1837 2308 2137 2393 incompossibilia
2163 2309 2270 2374 inelu-

792 2425 929 2489 duntur.
954 2424 1025 2490 Sed
1050 2423 1096 2488 ita
1121 2435 1173 2489 est
1197 2423 1231 2488 in
1257 2423 1447 2509 proposita.
1475 2424 1561 2488 Nam
1579 2446 1658 2488 esse
1679 2423 1713 2487 in
1731 2424 1847 2507 aliquo
1864 2426 1944 2488 loco
1962 2438 2014 2488 cst
2035 2425 2270 2489 circumscribi

791 2562 812 2605 a
839 2542 917 2606 loco
942 2552 976 2605 et
1001 2539 1131 2605 includi
1155 2539 1189 2603 in
1215 2539 1271 2603 illo
1297 2539 1342 2603 ita
1367 2541 1462 2624 quod
1487 2539 1561 2603 eius
1586 2539 1670 2604 nibil
1695 2539 1739 2604 sit
1767 2550 1871 2604 extra.
1898 2541 1987 2604 Cum
2020 2563 2105 2624 crgo
2131 2541 2271 2625 ponitur

791 2656 931 2741 aliquod
957 2677 1086 2741 corpus
1111 2656 1144 2720 in
1169 2655 1315 2720 diversis
1347 2655 1443 2734 locis,
1468 2656 1609 2740 ponitur
1633 2657 1727 2740 quod
1753 2655 1798 2720 ita
1823 2655 1866 2720 sit
1902 2655 1934 2720 in
1969 2679 2039 2719 uno
2066 2658 2143 2721 loco
2175 2659 2270 2741 quod

790 2772 873 2837 nihil
905 2771 980 2837 eius
1005 2771 1048 2836 sit
1073 2783 1167 2836 extra
1199 2771 1302 2849 illurn,
1335 2782 1369 2835 et
1400 2793 1479 2835 cum
1505 2773 1573 2835 hoc
1600 2772 1694 2855 quod
1723 2771 1835 2856 ipsum
1868 2774 2062 2836 sccumlum
2089 2796 2127 2835 sc
2160 2784 2268 2837 totum

789 2888 832 2954 sit
857 2901 951 2953 extra
975 2888 1079 2953 illum.
1105 2888 1204 2952 Haec
1229 2897 1344 2951 autem
1370 2899 1450 2951 sunt
1474 2886 1754 2951 contradictoria.
1780 2887 1898 2969 Quare
1923 2899 1957 2951 ct
1981 2899 2105 2952 cetera.

878 3004 1092 3089 Respondeo
1117 3003 1304 3068 dicendum
1329 3003 1425 3087 quod
1449 3003 1532 3067 illud
1557 3003 1651 3086 qiud
1677 3015 1728 3067 est
1753 3002 1786 3066 in
1812 3004 1890 3067 loco
1916 3017 1967 3067 cst
1993 3003 2025 3067 in
2053 3004 2110 3067 illo
2136 3024 2268 3088 perse,

789 3120 845 3185 vel
869 3141 932 3205 per
956 3119 1084 3204 aliquid
1113 3119 1207 3183 aliud
1230 3119 1304 3183 sive
1337 3139 1398 3203 per
1423 3118 1597 3183 accidens.
1631 3119 1719 3182 Esse
1744 3131 1857 3182 autem
1893 3118 1925 3182 in
1958 3120 2038 3184 luco
2064 3142 2188 3203 perse
2217 3131 2270 3184 est

789 3258 869 3301 esse
893 3235 1020 3301 alicubi
1037 3233 1213 3300 definitive
1237 3234 1370 3299 ratione
1397 3234 1609 3299 limitationis
1635 3246 1668 3299 et
1693 3234 1990 3300 determinationis
2015 3256 2100 3300 suae
2125 3248 2268 3300 naturae

789 3361 956 3436 quantum
982 3352 1026 3416 ad
1051 3351 1287 3415 immaterialia
1311 3361 1427 3415 creata
1452 3363 1486 3415 et
1513 3372 1591 3415 eum
1617 3353 1686 3415 boc
1714 3349 2020 3435 circurnscriptive,
2045 3350 2176 3416 scilieet
2203 3351 2267 3437 ipsi

788 3468 868 3534 loco
893 3466 1165 3532 commensurari
1190 3478 1223 3531 ct
1239 3465 1317 3551 ipso
1343 3465 1578 3532 circumscribi
1604 3479 1636 3530 et
1660 3467 1705 3530 ab
1730 3488 1773 3531 eo
1799 3466 2048 3552 comprehendi
2073 3468 2267 3532 secundum

789 3582 1164 3649 commensurationem
1200 3581 1417 3668 propriarum
1453 3581 1739 3647 dimensionum¹
1779 3595 1945 3667 quantum
1983 3583 2026 3647 ad
2063 3583 2267 3668 corporalia.

788 3699 876 3764 Esse
901 3709 1016 3764 autem
1040 3698 1074 3762 in
1107 3699 1186 3763 loco
1213 3720 1273 3784 per
1297 3697 1462 3762 accidens
1487 3696 1560 3762 sive
1584 3720 1645 3783 per
1681 3698 1774 3762 aliud
1807 3710 1868 3775 est,
1905 3699 1958 3763 vel
1991 3698 2072 3783 quia
2104 3710 2269 3784 operatur

788 3815 881 3880 circa
915 3813 1008 3879 aliud
1033 3815 1127 3898 quod
1159 3813 1270 3879 estin
1306 3813 1421 3897 aliquo
1457 3814 1547 3893 locu,
1575 3815 1625 3878 vel
1659 3814 1787 3900 patitur
1822 3816 1866 3878 ab
1895 3813 2012 3898 aliquo
2037 3816 2131 3900 quod
2157 3825 2210 3880 cst
2235 3815 2269 3879 in

788 3931 907 4015 aliquo
933 3931 1023 4010 loco,
1048 3930 1139 3995 sicut
1173 3928 1313 4015 spiritus
1347 3928 1470 4014 aliquis
1506 3929 1631 3994 dicitur
1665 3951 1744 3995 esse
1775 3952 1847 3995 non
1883 3931 1995 3994 solum
2028 3929 2205 3996 definitive
2234 3931 2267 3995 in

787 4048 867 4112 loco
900 4045 1016 4130 aliquo
1047 4044 1181 4110 ratione
1213 4044 1426 4110 limitationis
1451 4067 1536 4110 suae
1560 4046 1787 4123 substantiae,
1814 4047 1876 4110 sed
1909 4046 2012 4110 etiam
2041 4045 2166 4111 dicitur
2190 4068 2268 4111 esse

752 4238 756 4247 Ι
788 4162 847 4227 ubi
872 4160 944 4250 agit
976 4162 1030 4226 vel
1064 4161 1202 4247 patitur,
1227 4160 1262 4225 id
1298 4172 1350 4226 est
1385 4161 1445 4226 ubi
1476 4174 1528 4226 est
1560 4183 1623 4226 sua
1657 4161 1814 4245 operatio
1851 4162 1904 4225 rel
1935 4161 2017 4226 illud
2051 4161 2142 4227 eirca
2171 4162 2267 4246 quod

787 4289 952 4364 operatur
967 4289 1001 4343 et
1023 4288 1148 4357 cetera,
1169 4278 1221 4343 vel
1247 4277 1328 4362 quia
1345 4277 1475 4361 aliquid
1500 4277 1738 4363 praeexistens
1757 4278 1788 4341 in
1808 4278 1925 4361 aliquo
1941 4278 2021 4343 loco
2046 4290 2269 4343 convertatur

787 4394 823 4459 in
848 4394 973 4480 ipsum,
998 4392 1088 4459 sicut
1112 4415 1239 4480 corpus
1265 4393 1392 4458 Christi
1418 4393 1543 4458 dicitur
1567 4415 1645 4457 esse
1670 4393 1704 4456 in
1730 4394 1826 4458 altari
1851 4395 1916 4458 sub
1941 4393 2129 4479 speciebus
2155 4395 2267 4481 panis,

787 4509 869 4595 quia
904 4508 1100 4575 substantia
1134 4508 1235 4593 panis
1272 4509 1319 4573 ihi
1354 4509 1593 4594 praeexistens
1629 4530 1800 4574 conversa
1832 4521 1884 4574 est
1921 4509 1953 4573 in
1991 4509 2104 4595 ipsum
2138 4531 2267 4596 corpus

788 4624 927 4691 Christi.

876 4742 983 4825 Quod
1008 4753 1123 4807 autem
1148 4744 1216 4806 hoc
1241 4742 1347 4806 modo
1383 4741 1524 4825 aliquod
1549 4762 1678 4826 corpus
1703 4741 1753 4806 sic
1778 4741 1821 4806 sit
1856 4741 1890 4806 in
1916 4741 2062 4807 diversis
2086 4741 2174 4808 locis
2199 4745 2268 4809 boc

787 4857 1002 4937 conceditur,
1042 4857 1132 4923 sicut
1171 4868 1267 4942 patet
1305 4858 1348 4921 de
1389 4878 1537 4942 corpore
1577 4857 1705 4922 Christi
1745 4857 1795 4922 sie
1834 4856 1867 4922 in
1909 4858 2066 4943 pluribus
2102 4859 2268 4924 altaribus

789 4972 969 5039 existente.
996 4973 1067 5040 Sed
1092 4972 1306 5059 impossibile
1332 4985 1384 5037 cst
1409 4974 1504 5057 quod
1528 4973 1640 5058 primo
1664 4974 1781 5038 morlo.
1806 4974 1894 5038 Nam
1920 4975 2014 5057 quod
2039 4978 2267 5061 eomprehen-

786 5088 877 5154 ditur
900 5091 945 5154 ab
969 5089 1085 5174 aliquo
1110 5090 1189 5153 loco
1224 5088 1270 5153 ita
1306 5100 1358 5154 est
1394 5089 1427 5152 in
1464 5089 1522 5153 illo
1559 5090 1638 5154 loeo
1674 5090 1769 5174 quod
1806 5089 1889 5153 nihil
1926 5090 2001 5155 eius
2038 5112 2117 5155 csse.
2149 5102 2267 5176 potest

786 5216 882 5273 extra
906 5205 1031 5291 ipsum.
1057 5206 1137 5270 Hoc
1161 5205 1252 5270 enim
1278 5216 1331 5269 est
1366 5205 1617 5290 comprehendi
1648 5218 1683 5269 et
1706 5205 1944 5270 circumscribi
1979 5205 2014 5270 in
2047 5208 2137 5272 locu.
2164 5208 2267 5273 Unde

784 5342 918 5408 ponere
944 5323 1038 5406 quod
1063 5321 1114 5386 sic
1138 5321 1181 5386 sit
1206 5321 1239 5385 in
1259 5343 1328 5385 uno
1353 5322 1432 5386 loco
1458 5334 1491 5386 et
1516 5342 1594 5385 cum
1620 5324 1689 5386 boc
1706 5321 1807 5385 etiam
1834 5322 1877 5385 sit
1900 5321 1935 5385 in
1961 5322 2039 5403 aliu,
2057 5337 2110 5388 est
2134 5344 2266 5408 ponere

786 5436 1057 5504 contradictoria
1088 5436 1199 5517 simul,
1233 5437 1365 5502 scilicet
1397 5437 1525 5521 aliquid
1561 5458 1639 5502 esse
1675 5450 1771 5502 extra
1806 5436 1955 5522 aliquem
1988 5439 2104 5504 locum
2136 5450 2170 5504 et
2193 5461 2266 5504 non

786 5574 867 5620 esse
884 5564 978 5619 extra
1002 5553 1106 5618 illum.
1132 5553 1174 5618 Et
1190 5552 1345 5637 sequitur
1369 5554 1463 5638 quod
1488 5553 1532 5617 sit
1556 5576 1664 5617 unum
1689 5576 1731 5618 ex
1757 5556 1825 5619 boc
1849 5553 1944 5637 quod
1964 5570 2267 5620 commensuratur

784 5669 1064 5736 dimensionibus
1089 5669 1192 5734 unius
1217 5668 1284 5735 loci
1321 5680 1354 5733 et
1378 5691 1448 5733 non
1485 5670 1682 5734 unumscd
1718 5669 1933 5754 plura,.quia
1966 5684 2267 5738 commensuratur

684 5843 687 5847 .
782 5785 942 5872 pluribus
981 5785 1259 5851 dimensionibus
1298 5785 1447 5870 plurium
1486 5787 1653 5866 locorum,
1697 5786 1779 5870 quia
1823 5786 2060 5851 dimensiones
2103 5788 2265 5873 corporis

872 6042 881 6073 ¹
895 6040 1108 6095 dimensionem
1122 6041 1156 6095 V.
