6700 7992
1031 1446 1084 1518 'aaa
1392 1455 1584 1520 tmmsvru
1613 1462 1835 1520 eobanum
1863 1465 1916 1519 oa
1944 1434 2143 1521 Portunus

1032 1668 1096 1733 pro
1120 1656 1216 1712 tanto
1244 1645 1345 1712 etiam
1374 1648 1480 1711 habet
1506 1648 1576 1712 hoc
1604 1646 1810 1718 secundum¹
1826 1667 1906 1712 esse
1934 1646 2139 1713 existentiae
2156 1657 2190 1712 et
2213 1668 2233 1713 e
2258 1668 2440 1714 converso.
2467 1636 2509 1715 Et

1032 1764 1101 1828 hoc
1125 1762 1273 1827 sufficiat
1296 1772 1463 1846 quantum
1488 1764 1532 1827 ad
1556 1761 1704 1848 primum
1730 1761 1920 1828 articulum.

1120 1880 1224 1944 Nunc
1263 1899 1349 1965 ergo
1395 1877 1576 1943 videamus
1624 1879 1667 1943 de
1707 1879 1865 1944 seeundo
1904 1878 2059 1944 articulo
2101 1880 2190 1944 Cum
2230 1879 2406 1965 quaelibet
2450 1902 2506 1947 res

1032 2005 1149 2061 creata
1186 1996 1314 2059 habeat
1353 1993 1536 2079 dupliciter
1574 2014 1662 2075 esse,
1703 1993 1835 2059 scilicet
1866 1996 2078 2080 quandoque
2117 1994 2152 2061 in
2191 1995 2347 2081 potentia
2385 1997 2508 2077 solum,

1033 2112 1245 2196 quandoque
1272 2131 1355 2175 vero
1383 2109 1417 2174 in
1446 2122 1535 2189 actu,
1561 2109 1640 2176 licet
1665 2110 1762 2175 aliter
1787 2120 1821 2175 et
1845 2109 1951 2189 aliter,
1977 2111 2057 2196 quia
2082 2111 2256 2196 quaelibet
2280 2124 2361 2179 ante
2389 2112 2509 2178 mundi

1032 2227 1243 2293 creationem
1268 2226 1456 2311 aequaliter
1479 2226 1600 2291 habuit
1624 2247 1703 2292 esse
1730 2225 1766 2291 in
1791 2226 1946 2312 potentia
1970 2227 2079 2292 solius
2103 2228 2179 2309 Dei,
2204 2229 2267 2294 sed
2292 2240 2372 2316 post
2389 2228 2510 2295 mundi

1033 2342 1244 2409 creationem
1269 2342 1484 2407 substantiae
1501 2342 1721 2430 generabiles
1738 2352 1773 2407 et
1788 2343 2028 2429 corruptibiles
2053 2345 2184 2409 habent
2200 2365 2279 2411 esse
2295 2346 2510 2429 quandoque

1032 2459 1066 2525 in
1093 2472 1173 2525 actu
1198 2459 1411 2543 quandoque
1436 2458 1469 2523 in
1488 2458 1663 2543 potentia3
1682 2469 1716 2527 et
1740 2460 1934 2524 secundum
1960 2461 2055 2544 quod
2080 2460 2128 2525 rei
2152 2461 2319 2526 convenit
2342 2483 2422 2528 esse
2439 2472 2509 2527 tam

1034 2597 1114 2640 esse
1137 2574 1311 2641 essentiae
1335 2595 1438 2659 quam
1463 2573 1668 2639 existentiae
1693 2575 1789 2658 quod
1813 2574 1949 2659 accipio
1973 2596 2037 2660 pro
2061 2577 2197 2656 eodem,
2222 2578 2417 2642 secundum
2441 2579 2510 2643 hoc

1034 2691 1199 2758 convenit
1224 2690 1255 2756 ei
1280 2712 1359 2757 esse
1391 2712 1462 2756 rem
1487 2690 1757 2777 praedicabilem
1794 2702 1828 2756 et
1860 2712 1939 2756 esse
1963 2691 1997 2756 in
2029 2713 2171 2779 genere,
2195 2692 2275 2759 ideo
2306 2695 2508 2779 ponendum

1035 2819 1087 2875 est
1110 2829 1166 2874 res
1191 2828 1314 2872 omnes
1339 2828 1428 2891 quae
1464 2819 1545 2871 sunt
1580 2818 1613 2872 et
1649 2828 1739 2891 quae
1775 2818 1877 2873 natae
1912 2818 1993 2872 sunt
2028 2829 2107 2873 esse
2142 2808 2258 2893 aliquo
2294 2810 2400 2875 modo
2431 2831 2510 2877 esse

1034 2925 1068 2990 in
1093 2945 1223 3009 genere
1239 2924 1302 2989 sed
1327 2922 1570 3003 diversimode,
1596 2936 1699 3008 prout
1717 2924 1913 3007 ponebatur
1929 2923 1965 2989 in
1982 2935 2105 3008 quarto
2123 2924 2268 2989 articulo
2286 2925 2509 2991 declarando.

1034 3041 1092 3105 Ad
1117 3038 1216 3106 cuius
1241 3039 1452 3105 intellectum
1476 3038 1772 3104 considerandum
1797 3022 1850 3103 est
1873 3040 1968 3124 quod
1994 3062 2072 3105 cum
2097 3042 2373 3125 unumquodque
2397 3063 2510 3130 genus

1035 3156 1208 3222 dividatur
1231 3155 1398 3221 inactum
1423 3166 1457 3220 et
1473 3154 1508 3219 in
1526 3155 1727 3240 potentiam,
1750 3176 1820 3219 non
1838 3155 1889 3220 sic
1914 3157 2009 3239 quod
2033 3156 2068 3221 in
2093 3157 2270 3222 materiam
2295 3168 2329 3223 et
2353 3158 2510 3238 formam,

1035 3275 1098 3340 sed
1138 3272 1189 3339 sie
1227 3273 1322 3357 quod
1360 3283 1484 3336 natura
1522 3270 1662 3359 generis
1702 3271 1897 3336 secundum
1936 3283 2046 3336 totum
2085 3272 2168 3337 illud
2196 3274 2303 3357 'quod
2350 3273 2512 3359 importat

1036 3390 1230 3455 secundum
1255 3410 1294 3454 se
1317 3388 1372 3454 vel
1396 3389 1589 3453 secundum
1615 3408 1697 3451 suas
1721 3386 1859 3472 speeies
1884 3386 1935 3452 sic
1960 3387 2122 3452 dividitur
2139 3393 2233 3466 (nam
2249 3399 2301 3455 est
2317 3389 2512 3454 substantia

1035 3505 1070 3570 in
1099 3516 1178 3570 actu
1204 3515 1238 3570 et
1264 3503 1458 3569 substantia
1482 3502 1516 3567 in
1545 3502 1711 3588 potentia,
1747 3501 1866 3568 asinus
1890 3502 1924 3567 in
1950 3515 2028 3568 actu
2065 3516 2099 3568 et
2123 3504 2157 3568 in
2193 3504 2358 3591 potentia,
2384 3506 2510 3571 albedo

1036 3622 1070 3688 in
1107 3633 1186 3688 actu
1218 3632 1252 3687 et
1286 3620 1320 3685 in
1356 3618 1513 3707 potentia
1547 3630 1581 3683 et
1612 3617 1663 3683 sic
1699 3619 1743 3683 de
1777 3617 1862 3698 aliis,
1898 3630 1932 3684 et
1963 3619 2053 3684 sicut
2087 3619 2206 3686 asinus
2240 3620 2275 3686 in
2309 3632 2388 3687 actu
2429 3622 2512 3687 dicit

1036 3737 1269 3825 compositum
1294 3757 1337 3802 ex
1361 3734 1501 3800 materia
1525 3745 1559 3800 et
1583 3734 1704 3813 forma,
1729 3733 1776 3799 ita
1807 3734 1927 3799 asinus
1951 3734 1986 3799 in
2011 3735 2167 3820 potentia
2190 3747 2299 3801 totum
2324 3738 2394 3804 hoe
2418 3736 2511 3819 dicit,

1036 3865 1147 3919 totum
1175 3852 1268 3919 enim
1296 3851 1407 3918 estin
1444 3849 1600 3936 potentia
1628 3850 1707 3915 licet
1742 3850 1936 3916 secundum
1972 3851 2149 3917 materiam
2186 3853 2281 3937 quod
2316 3864 2440 3939 postea
2464 3854 2511 3934 lit,

1037 3970 1071 4035 in
1111 3980 1191 4035 actu
1229 3968 1309 4035 licet
1344 3969 1538 4033 secundum
1569 3966 1740 4047 formam),
1766 3966 2026 4032 -secundum
2056 3969 2125 4033 hoc
2161 3989 2265 4034 omne
2300 3969 2384 4034 illud
2416 3971 2511 4054 quod

1036 4086 1222 4172 participat
1244 4096 1401 4150 naturam
1426 4082 1572 4148 alicuius
1595 4081 1735 4171 generis
1763 4081 1837 4147 sive
1864 4082 1900 4146 in
1928 4095 2008 4148 actu
2032 4083 2104 4148 sive
2122 4083 2156 4149 in
2181 4084 2337 4171 potentia
2361 4087 2406 4151 ad
2429 4085 2513 4150 illud

1036 4224 1150 4292 genus
1175 4202 1333 4288 pertinet,
1351 4211 1386 4266 et
1413 4221 1468 4264 res
1491 4198 1581 4264 illius
1608 4198 1748 4286 generis
1776 4199 1881 4263 debet
1905 4198 1983 4264 dici.
2009 4199 2080 4265 Sed
2105 4220 2184 4264 cum
2209 4221 2273 4266 ens
2297 4200 2333 4266 in
2356 4200 2512 4288 potentia

1035 4341 1107 4383 non
1135 4318 1180 4384 sit
1203 4340 1266 4385 ens
1290 4314 1490 4402 simpliciter
1516 4318 1610 4396 (nam
1635 4335 1714 4380 esse
1739 4336 1759 4378 a
1786 4314 1897 4379 forma
1921 4336 2011 4399 quae
2036 4326 2088 4381 est
2120 4327 2229 4398 actuS,
2257 4317 2351 4383 unde
2382 4318 2513 4383 habere

1035 4437 1182 4501 formam
1207 4434 1241 4499 in
1266 4433 1421 4520 potentia
1445 4433 1651 4497 esthabere
1675 4451 1754 4496 esse
1778 4430 1812 4495 in
1838 4430 1993 4515 potentia
2017 4443 2051 4498 et
2076 4453 2154 4498 esse
2182 4454 2245 4498 ens
2269 4433 2304 4498 in
2332 4433 2513 4520 potentia),

1037 4564 1071 4619 et
1095 4550 1250 4637 potentia
1286 4548 1388 4615 etiam
1424 4549 1529 4613 habet
1559 4546 1728 4612 rationem
1764 4567 1807 4612 ex
1838 4558 1929 4627 actu,
1965 4547 2159 4613 substantia
2190 4548 2224 4613 in
2261 4549 2417 4635 potentia
2440 4571 2513 4615 non

961 4673 964 4677 ’
1037 4680 1090 4734 est
1113 4665 1309 4733 substantia
1333 4664 1543 4750 simpliciter,
1568 4674 1602 4728 et
1629 4664 1736 4728 homo
1764 4662 1799 4726 in
1826 4663 1981 4748 potentia
2005 4685 2077 4729 non
2106 4675 2158 4730 est
2182 4666 2289 4730 homo
2313 4665 2515 4751 simpliciter

1036 4805 1103 4850 nec
1127 4793 1179 4849 est
1203 4781 1398 4847 substantia
1422 4779 1632 4865 simpliciter,
1657 4779 1720 4843 sed
1749 4800 1812 4844 ens
1837 4779 1872 4843 in
1897 4790 1976 4844 actu
2002 4780 2111 4845 estin
2143 4802 2274 4868 genere
2302 4780 2512 4867 simpliciter,

1036 4901 1132 4986 quod
1157 4910 1209 4966 est
1241 4920 1319 4965 esse
1343 4897 1377 4962 in
1404 4917 1534 4984 genere
1558 4895 1593 4960 in
1625 4908 1715 4976 actu,
1741 4917 1803 4960 ens
1828 4907 1943 4961 autem
1979 4896 2013 4960 in
2049 4897 2205 4981 potentia
2240 4909 2292 4963 est
2323 4896 2358 4962 in
2382 4919 2514 4985 genere

1036 5016 1069 5082 iri
1111 5015 1277 5102 potentia,
1313 5014 1407 5098 quod
1442 5035 1514 5076 non
1547 5022 1599 5076 est
1642 5033 1721 5076 esse
1757 5011 1791 5075 in
1836 5033 1967 5098 genere
2002 5012 2210 5097 simpliciter.
2251 5013 2293 5078 Et
2329 5014 2381 5080 sie
2419 5024 2515 5099 patet

1037 5134 1214 5199 secundus
1239 5130 1412 5209 articulus,
1439 5128 1570 5193 scilicet
1595 5128 1690 5211 quod
1715 5126 1828 5191 omnis
1853 5149 1909 5192 res
1933 5127 2007 5193 sive
2031 5127 2065 5192 in
2097 5139 2176 5194 actu
2201 5129 2274 5194 sive
2299 5129 2333 5194 in
2357 5129 2514 5215 potentia

1037 5252 1143 5315 habet
1167 5269 1244 5315 esse
1269 5247 1303 5311 in
1328 5266 1469 5334 genere,
1494 5243 1573 5309 licet
1601 5241 1842 5308 diversimode.

1127 5365 1246 5429 Restat
1270 5383 1355 5448 ergo
1372 5348 1488 5425 videre
1506 5360 1549 5423 de
1566 5358 1665 5423 tertio
1683 5357 1837 5439 articulo,
1855 5360 2034 5442 quomodo
2052 5359 2184 5425 scilicet
2201 5382 2256 5426 res
2281 5360 2514 5427 diversimode

1037 5483 1168 5547 habent
1191 5500 1269 5544 esse
1294 5478 1328 5542 in
1361 5476 1517 5563 potentia
1542 5488 1576 5541 et
1600 5473 1794 5539 secundum
1819 5475 1888 5539 hoc
1923 5475 2157 5542 diversimode
2192 5477 2225 5541 in
2252 5497 2393 5564 genere,
2418 5478 2513 5563 quod

1038 5598 1176 5683 quidem
1202 5593 1438 5661 necessarium
1464 5604 1516 5657 est
1540 5591 1667 5656 videre.
1694 5591 1782 5654 Nam
1807 5611 1885 5656 cum
1911 5612 1974 5655 ens
1999 5591 2033 5655 in
2069 5592 2225 5677 potentia
2259 5613 2331 5658 non
2366 5604 2419 5659 est
2450 5614 2514 5660 ens

1037 5714 1104 5780 nisi
1139 5713 1173 5778 in
1211 5709 1415 5776 habitudine
1452 5709 1495 5772 ad
1532 5729 1595 5772 ens
1630 5707 1664 5771 in
1701 5718 1780 5771 actu
1816 5708 1912 5791 quod
1947 5718 1999 5773 est
2034 5729 2098 5773 ens
2132 5708 2342 5795 simpliciter,
2377 5709 2515 5775 videtur

1038 5831 1134 5916 quod
1169 5829 1214 5894 ad
1247 5829 1317 5892 hoc
1352 5826 1447 5910 quod
1482 5822 1611 5908 aliquid
1647 5824 1775 5888 lrabeat
1809 5822 1977 5889 rationem
2013 5824 2163 5912 generis,
2189 5836 2328 5910 oportet
2351 5826 2446 5911 quod
2470 5824 2514 5891 sit

1038 5947 1088 6013 sic
1113 5943 1283 6012 divisibile
1307 5942 1340 6007 in
1367 5964 1430 6007 ens
1455 5942 1488 6005 in
1514 5952 1593 6005 actu
1611 5928 1652 6003 ¹et
1676 5938 1842 6025 potentia,
1865 5949 1899 6003 et
1915 5940 2011 6024 quod
2027 5941 2157 6006 habeat
2179 5940 2349 6007 rationem
2373 5940 2514 6029 generis

1038 6061 1238 6153 simpliciter
1265 6071 1300 6128 et
1327 6057 1465 6145 proprie
1491 6077 1533 6122 ex
1564 6056 1633 6123 hoc
1665 6055 1761 6142 quod
1785 6065 1838 6123 est
1872 6057 1939 6121 tale
1974 6077 2037 6123 ens
2062 6067 2143 6124 actu
2179 6058 2234 6125 vel
2269 6057 2326 6124 cui
2349 6057 2515 6127 convenit
