<?xml version="1.0" encoding="UTF-8"?>
<!DOCTYPE html PUBLIC "-//W3C//DTD XHTML 1.0 Transitional//EN"
    "http://www.w3.org/TR/xhtml1/DTD/xhtml1-transitional.dtd">
<html xmlns="http://www.w3.org/1999/xhtml" xml:lang="en" lang="en">
 <head>
  <title>
</title>
<meta http-equiv="Content-Type" content="text/html;charset=utf-8" />
  <meta name='ocr-system' content='tesseract 3.04.00' />
  <meta name='ocr-capabilities' content='ocr_page ocr_carea ocr_par ocr_line ocrx_word'/>
</head>
<body>
  <div class='ocr_page' id='page_1' title='image "./lesquatrepremie00wulfgoog_0090.png"; bbox 0 0 6700 7992; ppageno 0'>
   <div class='ocr_carea' id='block_1_1' title="bbox 1008 1405 2119 1461">
    <p class='ocr_par' dir='ltr' id='par_1_1' title="bbox 1008 1405 2119 1461">
     <span class='ocr_line' id='line_1_1' title="bbox 1008 1405 2119 1461; baseline 0.001 -3"><span class='ocrx_word' id='word_1_1' title='bbox 1008 1408 1043 1458; x_wconf 88' lang='lat'>66</span> <span class='ocrx_word' id='word_1_2' title='bbox 1373 1405 1565 1461; x_wconf 83' lang='lat' dir='ltr'>MAGISTRI</span> <span class='ocrx_word' id='word_1_3' title='bbox 1593 1405 1813 1461; x_wconf 88' lang='lat' dir='ltr'><strong>GODEFRIDI</strong></span> <span class='ocrx_word' id='word_1_4' title='bbox 1842 1406 1893 1459; x_wconf 90' lang='lat' dir='ltr'>DE</span> <span class='ocrx_word' id='word_1_5' title='bbox 1921 1405 2119 1461; x_wconf 88' lang='lat' dir='ltr'>FONTIBUS</span> 
     </span>
    </p>
   </div>
   <div class='ocr_carea' id='block_1_2' title="bbox 977 1583 2562 5473">
    <p class='ocr_par' dir='ltr' id='par_1_2' title="bbox 1008 1583 2562 3054">
     <span class='ocr_line' id='line_1_2' title="bbox 1010 1583 2485 1671; baseline 0.001 -23"><span class='ocrx_word' id='word_1_6' title='bbox 1010 1583 1076 1648; x_wconf 91' lang='lat' dir='ltr'>sibi</span> <span class='ocrx_word' id='word_1_7' title='bbox 1099 1605 1172 1650; x_wconf 91' lang='lat' dir='ltr'>non</span> <span class='ocrx_word' id='word_1_8' title='bbox 1198 1584 1432 1650; x_wconf 83' lang='lat' dir='ltr'>determinans</span> <span class='ocrx_word' id='word_1_9' title='bbox 1460 1596 1598 1669; x_wconf 92' lang='lat' dir='ltr'>tempus</span> <span class='ocrx_word' id='word_1_10' title='bbox 1625 1596 1793 1670; x_wconf 83' lang='lat' dir='ltr'>quantum</span> <span class='ocrx_word' id='word_1_11' title='bbox 1821 1586 1866 1650; x_wconf 92' lang='lat' dir='ltr'>ad</span> <span class='ocrx_word' id='word_1_12' title='bbox 1895 1584 1969 1650; x_wconf 88' lang='lat' dir='ltr'>eius</span> <span class='ocrx_word' id='word_1_13' title='bbox 1997 1605 2076 1650; x_wconf 89' lang='lat' dir='ltr'>esse</span> <span class='ocrx_word' id='word_1_14' title='bbox 2101 1585 2246 1664; x_wconf 87' lang='lat' dir='ltr'>actuale,</span> <span class='ocrx_word' id='word_1_15' title='bbox 2271 1584 2352 1652; x_wconf 90' lang='lat' dir='ltr'>ideo</span> <span class='ocrx_word' id='word_1_16' title='bbox 2375 1584 2485 1671; x_wconf 88' lang='lat' dir='ltr'>prima</span> 
     </span>
     <span class='ocr_line' id='line_1_3' title="bbox 1010 1698 2486 1784; baseline 0.001 -20"><span class='ocrx_word' id='word_1_17' title='bbox 1010 1698 1063 1764; x_wconf 90' lang='lat' dir='ltr'>sui</span> <span class='ocrx_word' id='word_1_18' title='bbox 1094 1699 1315 1784; x_wconf 88' lang='lat' dir='ltr'>impositione</span> <span class='ocrx_word' id='word_1_19' title='bbox 1347 1699 1482 1765; x_wconf 90' lang='lat' dir='ltr'>videtur</span> <span class='ocrx_word' id='word_1_20' title='bbox 1510 1721 1589 1766; x_wconf 88' lang='lat' dir='ltr'>esse</span> <span class='ocrx_word' id='word_1_21' title='bbox 1620 1722 1750 1767; x_wconf 89' lang='lat' dir='ltr'>nomen</span> <span class='ocrx_word' id='word_1_22' title='bbox 1782 1700 1832 1766; x_wconf 88' lang='lat' dir='ltr'>rei</span> <span class='ocrx_word' id='word_1_23' title='bbox 1866 1701 2060 1765; x_wconf 87' lang='lat' dir='ltr'>seeundum</span> <span class='ocrx_word' id='word_1_24' title='bbox 2094 1699 2168 1766; x_wconf 91' lang='lat' dir='ltr'>eius</span> <span class='ocrx_word' id='word_1_25' title='bbox 2200 1701 2310 1766; x_wconf 88' lang='lat' dir='ltr'>esse¹</span> <span class='ocrx_word' id='word_1_26' title='bbox 2349 1701 2486 1766; x_wconf 85' lang='lat' dir='ltr'>actuale</span> 
     </span>
     <span class='ocr_line' id='line_1_4' title="bbox 1009 1813 2485 1901; baseline 0.001 -22"><span class='ocrx_word' id='word_1_27' title='bbox 1009 1813 1209 1900; x_wconf 89' lang='lat' dir='ltr'>simpliciter</span> <span class='ocrx_word' id='word_1_28' title='bbox 1237 1826 1272 1880; x_wconf 94' lang='lat' dir='ltr'>et</span> <span class='ocrx_word' id='word_1_29' title='bbox 1299 1836 1361 1900; x_wconf 89' lang='lat' dir='ltr'>pro</span> <span class='ocrx_word' id='word_1_30' title='bbox 1390 1836 1427 1880; x_wconf 91' lang='lat' dir='ltr'>re</span> <span class='ocrx_word' id='word_1_31' title='bbox 1454 1816 1520 1880; x_wconf 93' lang='lat' dir='ltr'>sub</span> <span class='ocrx_word' id='word_1_32' title='bbox 1548 1815 1606 1881; x_wconf 91' lang='lat' dir='ltr'>tali</span> <span class='ocrx_word' id='word_1_33' title='bbox 1633 1815 1767 1882; x_wconf 91' lang='lat' dir='ltr'>ratione</span> <span class='ocrx_word' id='word_1_34' title='bbox 1800 1815 1912 1901; x_wconf 90' lang='lat' dir='ltr'>accipi</span> <span class='ocrx_word' id='word_1_35' title='bbox 1937 1815 1966 1881; x_wconf 92' lang='lat' dir='ltr'>si</span> <span class='ocrx_word' id='word_1_36' title='bbox 1995 1816 2189 1881; x_wconf 87' lang='lat' dir='ltr'>secundum</span> <span class='ocrx_word' id='word_1_37' title='bbox 2219 1814 2288 1881; x_wconf 81' lang='lat' dir='ltr'>se²</span> <span class='ocrx_word' id='word_1_38' title='bbox 2318 1828 2485 1896; x_wconf 86' lang='lat' dir='ltr'>servatur,</span> 
     </span>
     <span class='ocr_line' id='line_1_5' title="bbox 1009 1930 2486 2017; baseline 0.002 -23"><span class='ocrx_word' id='word_1_39' title='bbox 1009 1941 1151 2015; x_wconf 89' lang='lat' dir='ltr'>propter</span> <span class='ocrx_word' id='word_1_40' title='bbox 1166 1931 1261 2015; x_wconf 90' lang='lat' dir='ltr'>quod</span> <span class='ocrx_word' id='word_1_41' title='bbox 1280 1951 1351 1996; x_wconf 89' lang='lat' dir='ltr'>non</span> <span class='ocrx_word' id='word_1_42' title='bbox 1369 1930 1590 2015; x_wconf 85' lang='lat' dir='ltr'>praedicatur</span> <span class='ocrx_word' id='word_1_43' title='bbox 1605 1931 1807 2016; x_wconf 87' lang='lat' dir='ltr'>simpliciter</span> <span class='ocrx_word' id='word_1_44' title='bbox 1823 1932 1867 1997; x_wconf 92' lang='lat' dir='ltr'>de</span> <span class='ocrx_word' id='word_1_45' title='bbox 1891 1930 1945 1996; x_wconf 94' lang='lat' dir='ltr'>his</span> <span class='ocrx_word' id='word_1_46' title='bbox 1970 1951 2060 2015; x_wconf 91' lang='lat' dir='ltr'>quae</span> <span class='ocrx_word' id='word_1_47' title='bbox 2084 1953 2155 1996; x_wconf 92' lang='lat' dir='ltr'>non</span> <span class='ocrx_word' id='word_1_48' title='bbox 2181 1941 2262 1996; x_wconf 89' lang='lat' dir='ltr'>sunt</span> <span class='ocrx_word' id='word_1_49' title='bbox 2286 1931 2486 2017; x_wconf 90' lang='lat' dir='ltr'>simpliciter</span> 
     </span>
     <span class='ocr_line' id='line_1_6' title="bbox 1009 2043 2485 2132; baseline 0.003 -23"><span class='ocrx_word' id='word_1_50' title='bbox 1009 2043 1045 2109; x_wconf 92' lang='lat' dir='ltr'>in</span> <span class='ocrx_word' id='word_1_51' title='bbox 1077 2055 1157 2111; x_wconf 93' lang='lat' dir='ltr'>actu</span> <span class='ocrx_word' id='word_1_52' title='bbox 1176 2045 1196 2109; x_wconf 78' lang='lat'>³.</span> <span class='ocrx_word' id='word_1_53' title='bbox 1231 2046 1335 2112; x_wconf 83' lang='lat' dir='ltr'>Unde</span> <span class='ocrx_word' id='word_1_54' title='bbox 1363 2046 1567 2131; x_wconf 83' lang='lat' dir='ltr'>phoenice⁴</span> <span class='ocrx_word' id='word_1_55' title='bbox 1595 2068 1666 2112; x_wconf 92' lang='lat' dir='ltr'>non</span> <span class='ocrx_word' id='word_1_56' title='bbox 1695 2046 1874 2127; x_wconf 82' lang='lat' dir='ltr'>existente,</span> <span class='ocrx_word' id='word_1_57' title='bbox 1902 2048 1991 2112; x_wconf 86' lang='lat' dir='ltr'>haec</span> <span class='ocrx_word' id='word_1_58' title='bbox 2019 2057 2072 2112; x_wconf 89' lang='lat' dir='ltr'>est</span> <span class='ocrx_word' id='word_1_59' title='bbox 2103 2068 2212 2111; x_wconf 87' lang='lat' dir='ltr'>vera:</span> <span class='ocrx_word' id='word_1_60' title='bbox 2245 2047 2399 2132; x_wconf 86' lang='lat' dir='ltr'>phoenix</span> <span class='ocrx_word' id='word_1_61' title='bbox 2432 2060 2485 2114; x_wconf 87' lang='lat' dir='ltr'>est</span> 
     </span>
     <span class='ocr_line' id='line_1_7' title="bbox 1009 2159 2485 2248; baseline 0.003 -24"><span class='ocrx_word' id='word_1_62' title='bbox 1009 2159 1172 2246; x_wconf 86' lang='lat' dir='ltr'>phoenix,</span> <span class='ocrx_word' id='word_1_63' title='bbox 1202 2182 1273 2225; x_wconf 89' lang='lat' dir='ltr'>non</span> <span class='ocrx_word' id='word_1_64' title='bbox 1301 2173 1417 2226; x_wconf 90' lang='lat' dir='ltr'>tamen</span> <span class='ocrx_word' id='word_1_65' title='bbox 1445 2163 1564 2227; x_wconf 87' lang='lat' dir='ltr'>haec:</span> <span class='ocrx_word' id='word_1_66' title='bbox 1601 2161 1756 2246; x_wconf 86' lang='lat' dir='ltr'>phoenix</span> <span class='ocrx_word' id='word_1_67' title='bbox 1791 2172 1844 2228; x_wconf 91' lang='lat' dir='ltr'>est</span> <span class='ocrx_word' id='word_1_68' title='bbox 1879 2162 2017 2243; x_wconf 85' lang='lat' dir='ltr'>animal,</span> <span class='ocrx_word' id='word_1_69' title='bbox 2046 2161 2112 2227; x_wconf 90' lang='lat' dir='ltr'>nisi</span> <span class='ocrx_word' id='word_1_70' title='bbox 2148 2163 2296 2228; x_wconf 89' lang='lat' dir='ltr'>addatur</span> <span class='ocrx_word' id='word_1_71' title='bbox 2324 2163 2485 2248; x_wconf 89' lang='lat' dir='ltr'>praeteri·</span> 
     </span>
     <span class='ocr_line' id='line_1_8' title="bbox 1009 2276 2484 2363; baseline 0.002 -22"><span class='ocrx_word' id='word_1_72' title='bbox 1009 2285 1079 2341; x_wconf 93' lang='lat' dir='ltr'>tum</span> <span class='ocrx_word' id='word_1_73' title='bbox 1105 2277 1160 2343; x_wconf 94' lang='lat' dir='ltr'>vel</span> <span class='ocrx_word' id='word_1_74' title='bbox 1184 2276 1336 2341; x_wconf 84' lang='lat' dir='ltr'>futurum</span> <span class='ocrx_word' id='word_1_75' title='bbox 1361 2276 1435 2342; x_wconf 89' lang='lat' dir='ltr'>sive</span> <span class='ocrx_word' id='word_1_76' title='bbox 1460 2277 1494 2341; x_wconf 90' lang='lat' dir='ltr'>in</span> <span class='ocrx_word' id='word_1_77' title='bbox 1519 2277 1687 2362; x_wconf 86' lang='lat' dir='ltr'>potentia,</span> <span class='ocrx_word' id='word_1_78' title='bbox 1712 2298 1755 2343; x_wconf 91' lang='lat' dir='ltr'>eo</span> <span class='ocrx_word' id='word_1_79' title='bbox 1785 2277 1879 2362; x_wconf 90' lang='lat' dir='ltr'>quod</span> <span class='ocrx_word' id='word_1_80' title='bbox 1910 2276 2064 2363; x_wconf 88' lang='lat' dir='ltr'>phoenix</span> <span class='ocrx_word' id='word_1_81' title='bbox 2096 2288 2150 2343; x_wconf 89' lang='lat' dir='ltr'>est</span> <span class='ocrx_word' id='word_1_82' title='bbox 2173 2299 2302 2344; x_wconf 90' lang='lat' dir='ltr'>nomen</span> <span class='ocrx_word' id='word_1_83' title='bbox 2327 2278 2484 2344; x_wconf 91' lang='lat' dir='ltr'>animalis</span> 
     </span>
     <span class='ocr_line' id='line_1_9' title="bbox 1008 2390 2485 2479; baseline 0.003 -23"><span class='ocrx_word' id='word_1_84' title='bbox 1008 2390 1174 2477; x_wconf 89' lang='lat' dir='ltr'>temporis</span> <span class='ocrx_word' id='word_1_85' title='bbox 1202 2391 1420 2457; x_wconf 89' lang='lat' dir='ltr'>determinati</span> <span class='ocrx_word' id='word_1_86' title='bbox 1450 2392 1524 2457; x_wconf 90' lang='lat' dir='ltr'>sive</span> <span class='ocrx_word' id='word_1_87' title='bbox 1557 2392 1737 2458; x_wconf 88' lang='lat' dir='ltr'>actualiter</span> <span class='ocrx_word' id='word_1_88' title='bbox 1770 2413 1849 2459; x_wconf 89' lang='lat' dir='ltr'>esse</span> <span class='ocrx_word' id='word_1_89' title='bbox 1877 2392 2039 2458; x_wconf 87' lang='lat' dir='ltr'>habentis</span> <span class='ocrx_word' id='word_1_90' title='bbox 2070 2403 2203 2458; x_wconf 91' lang='lat' dir='ltr'>tantum</span> <span class='ocrx_word' id='word_1_91' title='bbox 2236 2415 2300 2478; x_wconf 93' lang='lat' dir='ltr'>pro</span> <span class='ocrx_word' id='word_1_92' title='bbox 2328 2405 2485 2479; x_wconf 87' lang='lat' dir='ltr'>tempore</span> 
     </span>
     <span class='ocr_line' id='line_1_10' title="bbox 1009 2505 2486 2594; baseline 0.002 -22"><span class='ocrx_word' id='word_1_93' title='bbox 1009 2505 1249 2587; x_wconf 87' lang='lat' dir='ltr'>determinat0,</span> <span class='ocrx_word' id='word_1_94' title='bbox 1279 2506 1405 2572; x_wconf 92' lang='lat' dir='ltr'>animal</span> <span class='ocrx_word' id='word_1_95' title='bbox 1441 2518 1556 2573; x_wconf 90' lang='lat' dir='ltr'>autem</span> <span class='ocrx_word' id='word_1_96' title='bbox 1585 2518 1638 2573; x_wconf 90' lang='lat' dir='ltr'>est</span> <span class='ocrx_word' id='word_1_97' title='bbox 1673 2528 1801 2574; x_wconf 89' lang='lat' dir='ltr'>nomen</span> <span class='ocrx_word' id='word_1_98' title='bbox 1836 2507 1995 2573; x_wconf 91' lang='lat' dir='ltr'>animalis</span> <span class='ocrx_word' id='word_1_99' title='bbox 2029 2507 2195 2594; x_wconf 89' lang='lat' dir='ltr'>temporis</span> <span class='ocrx_word' id='word_1_100' title='bbox 2230 2508 2486 2575; x_wconf 88' lang='lat' dir='ltr'>indeterminati</span> 
     </span>
     <span class='ocr_line' id='line_1_11' title="bbox 1009 2620 2484 2708; baseline 0.003 -22"><span class='ocrx_word' id='word_1_101' title='bbox 1009 2620 1083 2688; x_wconf 89' lang='lat' dir='ltr'>sive</span> <span class='ocrx_word' id='word_1_102' title='bbox 1110 2643 1174 2707; x_wconf 91' lang='lat' dir='ltr'>pro</span> <span class='ocrx_word' id='word_1_103' title='bbox 1202 2643 1424 2707; x_wconf 90' lang='lat' dir='ltr'>quocumque</span> <span class='ocrx_word' id='word_1_104' title='bbox 1453 2622 1641 2708; x_wconf 80' lang='lat' dir='ltr'>tempore⁶</span> <span class='ocrx_word' id='word_1_105' title='bbox 1668 2644 1748 2690; x_wconf 88' lang='lat' dir='ltr'>esse</span> <span class='ocrx_word' id='word_1_106' title='bbox 1776 2623 1913 2689; x_wconf 89' lang='lat' dir='ltr'>actuale</span> <span class='ocrx_word' id='word_1_107' title='bbox 1936 2622 2108 2688; x_wconf 88' lang='lat' dir='ltr'>habentis.</span> <span class='ocrx_word' id='word_1_108' title='bbox 2132 2624 2236 2689; x_wconf 89' lang='lat' dir='ltr'>Nune</span> <span class='ocrx_word' id='word_1_109' title='bbox 2262 2634 2377 2690; x_wconf 87' lang='lat' dir='ltr'>autern</span> <span class='ocrx_word' id='word_1_110' title='bbox 2405 2645 2484 2690; x_wconf 91' lang='lat' dir='ltr'>cum</span> 
     </span>
     <span class='ocr_line' id='line_1_12' title="bbox 1008 2736 2485 2825; baseline 0.002 -22"><span class='ocrx_word' id='word_1_111' title='bbox 1008 2736 1101 2803; x_wconf 88' lang='lat' dir='ltr'>idem</span> <span class='ocrx_word' id='word_1_112' title='bbox 1136 2738 1180 2804; x_wconf 92' lang='lat' dir='ltr'>de</span> <span class='ocrx_word' id='word_1_113' title='bbox 1212 2759 1250 2804; x_wconf 89' lang='lat' dir='ltr'>se</span> <span class='ocrx_word' id='word_1_114' title='bbox 1283 2737 1512 2824; x_wconf 85' lang='lat' dir='ltr'>praedicetur,</span> <span class='ocrx_word' id='word_1_115' title='bbox 1547 2760 1667 2805; x_wconf 89' lang='lat' dir='ltr'>verum</span> <span class='ocrx_word' id='word_1_116' title='bbox 1698 2750 1751 2804; x_wconf 90' lang='lat' dir='ltr'>est</span> <span class='ocrx_word' id='word_1_117' title='bbox 1784 2739 1878 2823; x_wconf 90' lang='lat' dir='ltr'>quod</span> <span class='ocrx_word' id='word_1_118' title='bbox 1909 2737 2036 2804; x_wconf 91' lang='lat' dir='ltr'>animal</span> <span class='ocrx_word' id='word_1_119' title='bbox 2070 2738 2287 2804; x_wconf 91' lang='lat' dir='ltr'>determinati</span> <span class='ocrx_word' id='word_1_120' title='bbox 2320 2740 2485 2825; x_wconf 88' lang='lat' dir='ltr'>temporis</span> 
     </span>
     <span class='ocr_line' id='line_1_13' title="bbox 1008 2853 2486 2940; baseline 0.002 -22"><span class='ocrx_word' id='word_1_121' title='bbox 1008 2854 1062 2919; x_wconf 92' lang='lat' dir='ltr'>vel</span> <span class='ocrx_word' id='word_1_122' title='bbox 1086 2874 1165 2919; x_wconf 89' lang='lat' dir='ltr'>esse</span> <span class='ocrx_word' id='word_1_123' title='bbox 1189 2854 1325 2919; x_wconf 91' lang='lat' dir='ltr'>actuale</span> <span class='ocrx_word' id='word_1_124' title='bbox 1349 2854 1484 2920; x_wconf 86' lang='lat' dir='ltr'>habens</span> <span class='ocrx_word' id='word_1_125' title='bbox 1509 2875 1572 2940; x_wconf 91' lang='lat' dir='ltr'>pro</span> <span class='ocrx_word' id='word_1_126' title='bbox 1596 2863 1754 2939; x_wconf 91' lang='lat' dir='ltr'>tempore</span> <span class='ocrx_word' id='word_1_127' title='bbox 1778 2853 2007 2919; x_wconf 88' lang='lat' dir='ltr'>determinato</span> <span class='ocrx_word' id='word_1_128' title='bbox 2036 2866 2090 2919; x_wconf 89' lang='lat' dir='ltr'>est</span> <span class='ocrx_word' id='word_1_129' title='bbox 2117 2853 2243 2919; x_wconf 90' lang='lat' dir='ltr'>animal</span> <span class='ocrx_word' id='word_1_130' title='bbox 2268 2855 2486 2921; x_wconf 89' lang='lat' dir='ltr'>determinati</span> 
     </span>
     <span class='ocr_line' id='line_1_14' title="bbox 1008 2967 2562 3054; baseline 0.001 -20"><span class='ocrx_word' id='word_1_131' title='bbox 1008 2968 1185 3054; x_wconf 88' lang='lat' dir='ltr'>temporis,</span> <span class='ocrx_word' id='word_1_132' title='bbox 1217 2967 1252 3034; x_wconf 94' lang='lat' dir='ltr'>id</span> <span class='ocrx_word' id='word_1_133' title='bbox 1281 2979 1333 3034; x_wconf 90' lang='lat' dir='ltr'>est</span> <span class='ocrx_word' id='word_1_134' title='bbox 1357 2970 1492 3034; x_wconf 88' lang='lat' dir='ltr'>habens</span> <span class='ocrx_word' id='word_1_135' title='bbox 1527 2990 1605 3034; x_wconf 89' lang='lat' dir='ltr'>esse</span> <span class='ocrx_word' id='word_1_136' title='bbox 1639 2990 1703 3054; x_wconf 94' lang='lat' dir='ltr'>pro</span> <span class='ocrx_word' id='word_1_137' title='bbox 1734 2981 1891 3054; x_wconf 89' lang='lat' dir='ltr'>ternpore</span> <span class='ocrx_word' id='word_1_138' title='bbox 1925 2969 2166 3050; x_wconf 64' lang='lat' dir='ltr'>determinato</span> <span class='ocrx_word' id='word_1_139' title='bbox 2196 2990 2267 3035; x_wconf 93' lang='lat' dir='ltr'>non</span> <span class='ocrx_word' id='word_1_140' title='bbox 2291 2982 2407 3036; x_wconf 89' lang='lat' dir='ltr'>tamen</span> <span class='ocrx_word' id='word_1_141' title='bbox 2432 2982 2486 3037; x_wconf 90' lang='lat' dir='ltr'>est</span> <span class='ocrx_word' id='word_1_142' title='bbox 2555 3022 2562 3035; x_wconf 88' lang='lat'>.</span> 
     </span>
    </p>

    <p class='ocr_par' dir='ltr' id='par_1_3' title="bbox 977 3083 2485 3287">
     <span class='ocr_line' id='line_1_15' title="bbox 977 3083 2485 3171; baseline 0.006 -27"><span class='ocrx_word' id='word_1_143' title='bbox 977 3140 979 3144; x_wconf 81' lang='grc'>,</span> <span class='ocrx_word' id='word_1_144' title='bbox 1009 3083 1136 3149; x_wconf 90' lang='lat' dir='ltr'>animal</span> <span class='ocrx_word' id='word_1_145' title='bbox 1163 3083 1417 3150; x_wconf 87' lang='lat' dir='ltr'>indeterminati</span> <span class='ocrx_word' id='word_1_146' title='bbox 1445 3085 1611 3170; x_wconf 88' lang='lat' dir='ltr'>temporis</span> <span class='ocrx_word' id='word_1_147' title='bbox 1643 3096 1677 3151; x_wconf 89' lang='lat' dir='ltr'>et</span> <span class='ocrx_word' id='word_1_148' title='bbox 1708 3106 1772 3171; x_wconf 91' lang='lat' dir='ltr'>pro</span> <span class='ocrx_word' id='word_1_149' title='bbox 1801 3084 1956 3169; x_wconf 89' lang='lat' dir='ltr'>quolibet</span> <span class='ocrx_word' id='word_1_150' title='bbox 1979 3095 2137 3171; x_wconf 90' lang='lat' dir='ltr'>tempore</span> <span class='ocrx_word' id='word_1_151' title='bbox 2165 3106 2243 3151; x_wconf 90' lang='lat' dir='ltr'>esse</span> <span class='ocrx_word' id='word_1_152' title='bbox 2271 3086 2417 3166; x_wconf 70' lang='lat' dir='ltr'>habens</span> <span class='ocrx_word' id='word_1_153' title='bbox 2450 3098 2485 3153; x_wconf 90' lang='lat' dir='ltr'>et</span> 
     </span>
     <span class='ocr_line' id='line_1_16' title="bbox 1009 3198 1602 3287; baseline -0.002 -21"><span class='ocrx_word' id='word_1_154' title='bbox 1009 3198 1059 3266; x_wconf 90' lang='lat' dir='ltr'>sic</span> <span class='ocrx_word' id='word_1_155' title='bbox 1084 3210 1137 3266; x_wconf 88' lang='lat' dir='ltr'>est</span> <span class='ocrx_word' id='word_1_156' title='bbox 1160 3199 1424 3287; x_wconf 88' lang='lat' dir='ltr'>intelligendum</span> <span class='ocrx_word' id='word_1_157' title='bbox 1448 3200 1493 3266; x_wconf 88' lang='lat' dir='ltr'>de</span> <span class='ocrx_word' id='word_1_158' title='bbox 1517 3199 1602 3265; x_wconf 91' lang='lat' dir='ltr'>aliis.</span> 
     </span>
    </p>

    <p class='ocr_par' dir='ltr' id='par_1_4' title="bbox 1007 3315 2486 5001">
     <span class='ocr_line' id='line_1_17' title="bbox 1098 3315 2485 3401; baseline 0.001 -19"><span class='ocrx_word' id='word_1_159' title='bbox 1098 3315 1302 3382; x_wconf 90' lang='lat' dir='ltr'>Secundum</span> <span class='ocrx_word' id='word_1_160' title='bbox 1333 3315 1467 3400; x_wconf 90' lang='lat' dir='ltr'>aliquos</span> <span class='ocrx_word' id='word_1_161' title='bbox 1498 3326 1616 3382; x_wconf 88' lang='lat' dir='ltr'>tamen</span> <span class='ocrx_word' id='word_1_162' title='bbox 1647 3326 1769 3401; x_wconf 90' lang='lat' dir='ltr'>posset</span> <span class='ocrx_word' id='word_1_163' title='bbox 1800 3315 1869 3381; x_wconf 92' lang='lat' dir='ltr'>dici</span> <span class='ocrx_word' id='word_1_164' title='bbox 1900 3317 2007 3400; x_wconf 86' lang='lat' dir='ltr'>quod,</span> <span class='ocrx_word' id='word_1_165' title='bbox 2036 3315 2116 3382; x_wconf 91' lang='lat' dir='ltr'>licet</span> <span class='ocrx_word' id='word_1_166' title='bbox 2147 3315 2293 3382; x_wconf 87' lang='lat' dir='ltr'>Socrate</span> <span class='ocrx_word' id='word_1_167' title='bbox 2320 3317 2375 3382; x_wconf 89' lang='lat' dir='ltr'>vel</span> <span class='ocrx_word' id='word_1_168' title='bbox 2405 3339 2485 3383; x_wconf 89' lang='lat' dir='ltr'>rosa</span> 
     </span>
     <span class='ocr_line' id='line_1_18' title="bbox 1009 3431 2485 3499; baseline 0.001 -2"><span class='ocrx_word' id='word_1_169' title='bbox 1009 3452 1081 3497; x_wconf 91' lang='lat' dir='ltr'>non</span> <span class='ocrx_word' id='word_1_170' title='bbox 1113 3432 1282 3498; x_wconf 87' lang='lat' dir='ltr'>existente</span> <span class='ocrx_word' id='word_1_171' title='bbox 1313 3453 1380 3497; x_wconf 88' lang='lat' dir='ltr'>nec</span> <span class='ocrx_word' id='word_1_172' title='bbox 1411 3453 1491 3497; x_wconf 87' lang='lat' dir='ltr'>rosa</span> <span class='ocrx_word' id='word_1_173' title='bbox 1521 3453 1588 3497; x_wconf 88' lang='lat' dir='ltr'>nec</span> <span class='ocrx_word' id='word_1_174' title='bbox 1620 3431 1785 3499; x_wconf 88' lang='lat' dir='ltr'>Socrates</span> <span class='ocrx_word' id='word_1_175' title='bbox 1817 3432 1945 3498; x_wconf 89' lang='lat' dir='ltr'>habeat</span> <span class='ocrx_word' id='word_1_176' title='bbox 1977 3453 2056 3497; x_wconf 91' lang='lat' dir='ltr'>esse</span> <span class='ocrx_word' id='word_1_177' title='bbox 2088 3432 2261 3498; x_wconf 89' lang='lat' dir='ltr'>essentiae</span> <span class='ocrx_word' id='word_1_178' title='bbox 2297 3431 2388 3498; x_wconf 82' lang='lat' dir='ltr'>sicut</span> <span class='ocrx_word' id='word_1_179' title='bbox 2418 3454 2485 3499; x_wconf 92' lang='lat' dir='ltr'>nec</span> 
     </span>
     <span class='ocr_line' id='line_1_19' title="bbox 1009 3546 2485 3632; baseline -0.001 -17"><span class='ocrx_word' id='word_1_180' title='bbox 1009 3568 1088 3615; x_wconf 85' lang='lat' dir='ltr'>esse</span> <span class='ocrx_word' id='word_1_181' title='bbox 1115 3547 1318 3614; x_wconf 87' lang='lat' dir='ltr'>existentiae</span> <span class='ocrx_word' id='word_1_182' title='bbox 1345 3546 1412 3612; x_wconf 91' lang='lat' dir='ltr'>nisi</span> <span class='ocrx_word' id='word_1_183' title='bbox 1439 3547 1475 3613; x_wconf 92' lang='lat' dir='ltr'>in</span> <span class='ocrx_word' id='word_1_184' title='bbox 1502 3547 1659 3632; x_wconf 88' lang='lat' dir='ltr'>potentia</span> <span class='ocrx_word' id='word_1_185' title='bbox 1681 3547 1735 3614; x_wconf 88' lang='lat' dir='ltr'>vel</span> <span class='ocrx_word' id='word_1_186' title='bbox 1758 3547 1954 3613; x_wconf 89' lang='lat' dir='ltr'>secundum</span> <span class='ocrx_word' id='word_1_187' title='bbox 1984 3547 2265 3632; x_wconf 90' lang='lat' dir='ltr'>praeteritionem</span> <span class='ocrx_word' id='word_1_188' title='bbox 2289 3548 2342 3614; x_wconf 92' lang='lat' dir='ltr'>vel</span> <span class='ocrx_word' id='word_1_189' title='bbox 2367 3548 2485 3614; x_wconf 88' lang='lat' dir='ltr'>futuri·</span> 
     </span>
     <span class='ocr_line' id='line_1_20' title="bbox 1008 3661 2485 3748; baseline 0 -18"><span class='ocrx_word' id='word_1_190' title='bbox 1008 3664 1149 3743; x_wconf 90' lang='lat' dir='ltr'>tionem,</span> <span class='ocrx_word' id='word_1_191' title='bbox 1167 3663 1248 3748; x_wconf 88' lang='lat' dir='ltr'>quia</span> <span class='ocrx_word' id='word_1_192' title='bbox 1263 3673 1380 3728; x_wconf 91' lang='lat' dir='ltr'>tamen</span> <span class='ocrx_word' id='word_1_193' title='bbox 1397 3663 1441 3728; x_wconf 90' lang='lat' dir='ltr'>de</span> <span class='ocrx_word' id='word_1_194' title='bbox 1457 3661 1661 3729; x_wconf 74' lang='lat' dir='ltr'>intellectu⁶</span> <span class='ocrx_word' id='word_1_195' title='bbox 1684 3683 1803 3728; x_wconf 91' lang='lat' dir='ltr'>eorum</span> <span class='ocrx_word' id='word_1_196' title='bbox 1828 3673 1909 3727; x_wconf 92' lang='lat' dir='ltr'>sunt</span> <span class='ocrx_word' id='word_1_197' title='bbox 1932 3662 2113 3748; x_wconf 88' lang='lat' dir='ltr'>superiora</span> <span class='ocrx_word' id='word_1_198' title='bbox 2137 3685 2227 3747; x_wconf 91' lang='lat' dir='ltr'>quae</span> <span class='ocrx_word' id='word_1_199' title='bbox 2251 3665 2382 3729; x_wconf 90' lang='lat' dir='ltr'>habent</span> <span class='ocrx_word' id='word_1_200' title='bbox 2406 3684 2485 3730; x_wconf 91' lang='lat' dir='ltr'>esse</span> 
     </span>
     <span class='ocr_line' id='line_1_21' title="bbox 1008 3777 2484 3863; baseline -0.001 -18"><span class='ocrx_word' id='word_1_201' title='bbox 1008 3779 1043 3845; x_wconf 92' lang='lat' dir='ltr'>in</span> <span class='ocrx_word' id='word_1_202' title='bbox 1075 3790 1154 3844; x_wconf 91' lang='lat' dir='ltr'>actu</span> <span class='ocrx_word' id='word_1_203' title='bbox 1187 3791 1221 3845; x_wconf 92' lang='lat' dir='ltr'>et</span> <span class='ocrx_word' id='word_1_204' title='bbox 1252 3791 1418 3863; x_wconf 87' lang='lat' dir='ltr'>quantum</span> <span class='ocrx_word' id='word_1_205' title='bbox 1450 3779 1495 3843; x_wconf 91' lang='lat' dir='ltr'>ad</span> <span class='ocrx_word' id='word_1_206' title='bbox 1524 3799 1602 3843; x_wconf 91' lang='lat' dir='ltr'>esse</span> <span class='ocrx_word' id='word_1_207' title='bbox 1630 3777 1805 3844; x_wconf 86' lang='lat' dir='ltr'>essentiae</span> <span class='ocrx_word' id='word_1_208' title='bbox 1837 3791 1872 3843; x_wconf 89' lang='lat' dir='ltr'>et</span> <span class='ocrx_word' id='word_1_209' title='bbox 1903 3789 2070 3862; x_wconf 93' lang='lat' dir='ltr'>quantum</span> <span class='ocrx_word' id='word_1_210' title='bbox 2102 3779 2146 3842; x_wconf 90' lang='lat' dir='ltr'>ad</span> <span class='ocrx_word' id='word_1_211' title='bbox 2175 3799 2254 3843; x_wconf 91' lang='lat' dir='ltr'>esse</span> <span class='ocrx_word' id='word_1_212' title='bbox 2282 3778 2484 3845; x_wconf 88' lang='lat' dir='ltr'>existentiae</span> 
     </span>
     <span class='ocr_line' id='line_1_22' title="bbox 1008 3887 2484 3979; baseline -0.001 -18"><span class='ocrx_word' id='word_1_213' title='bbox 1008 3896 1204 3963; x_wconf 90' lang='lat' dir='ltr'>secundum</span> <span class='ocrx_word' id='word_1_214' title='bbox 1228 3887 1474 3979; x_wconf 68' lang='lat' dir='ltr'>quodcumque</span> <span class='ocrx_word' id='word_1_215' title='bbox 1498 3905 1635 3978; x_wconf 75' lang='lat' dir='ltr'>tempus</span> <span class='ocrx_word' id='word_1_216' title='bbox 1660 3893 1694 3958; x_wconf 89' lang='lat' dir='ltr'>in</span> <span class='ocrx_word' id='word_1_217' title='bbox 1720 3893 1795 3959; x_wconf 89' lang='lat' dir='ltr'>aliis</span> <span class='ocrx_word' id='word_1_218' title='bbox 1820 3893 2008 3958; x_wconf 65' lang='lat' dir='ltr'>individuis</span> <span class='ocrx_word' id='word_1_219' title='bbox 2030 3894 2085 3959; x_wconf 92' lang='lat' dir='ltr'>vel</span> <span class='ocrx_word' id='word_1_220' title='bbox 2106 3893 2293 3978; x_wconf 90' lang='lat' dir='ltr'>speciebus</span> <span class='ocrx_word' id='word_1_221' title='bbox 2318 3911 2355 3959; x_wconf 89' lang='lat' dir='ltr'>ut</span> <span class='ocrx_word' id='word_1_222' title='bbox 2378 3896 2484 3960; x_wconf 89' lang='lat' dir='ltr'>homo</span> 
     </span>
     <span class='ocr_line' id='line_1_23' title="bbox 1008 4008 2484 4088; baseline -0.002 -10"><span class='ocrx_word' id='word_1_223' title='bbox 1008 4013 1044 4078; x_wconf 92' lang='lat' dir='ltr'>in</span> <span class='ocrx_word' id='word_1_224' title='bbox 1070 4014 1214 4077; x_wconf 86' lang='lat' dir='ltr'>Platone</span> <span class='ocrx_word' id='word_1_225' title='bbox 1239 4022 1273 4075; x_wconf 90' lang='lat' dir='ltr'>et</span> <span class='ocrx_word' id='word_1_226' title='bbox 1296 4020 1422 4087; x_wconf 82' lang='lat' dir='ltr'>cetera,</span> <span class='ocrx_word' id='word_1_227' title='bbox 1447 4010 1513 4074; x_wconf 92' lang='lat' dir='ltr'>flos</span> <span class='ocrx_word' id='word_1_228' title='bbox 1530 4008 1566 4073; x_wconf 93' lang='lat' dir='ltr'>in</span> <span class='ocrx_word' id='word_1_229' title='bbox 1584 4008 1674 4074; x_wconf 90' lang='lat' dir='ltr'>viola</span> <span class='ocrx_word' id='word_1_230' title='bbox 1699 4021 1733 4075; x_wconf 90' lang='lat' dir='ltr'>et</span> <span class='ocrx_word' id='word_1_231' title='bbox 1756 4022 1882 4088; x_wconf 86' lang='lat' dir='ltr'>cetera,</span> <span class='ocrx_word' id='word_1_232' title='bbox 1900 4010 2094 4074; x_wconf 91' lang='lat' dir='ltr'>secundum</span> <span class='ocrx_word' id='word_1_233' title='bbox 2119 4011 2189 4075; x_wconf 88' lang='lat' dir='ltr'>hoc</span> <span class='ocrx_word' id='word_1_234' title='bbox 2205 4020 2342 4075; x_wconf 86' lang='lat' dir='ltr'>&#39;nomen</span> <span class='ocrx_word' id='word_1_235' title='bbox 2366 4009 2484 4075; x_wconf 90' lang='lat' dir='ltr'>talium</span> 
     </span>
     <span class='ocr_line' id='line_1_24' title="bbox 1008 4124 2485 4215; baseline -0.003 -21"><span class='ocrx_word' id='word_1_236' title='bbox 1008 4128 1227 4215; x_wconf 91' lang='lat' dir='ltr'>superiorum</span> <span class='ocrx_word' id='word_1_237' title='bbox 1255 4137 1308 4191; x_wconf 89' lang='lat' dir='ltr'>est</span> <span class='ocrx_word' id='word_1_238' title='bbox 1337 4145 1466 4190; x_wconf 88' lang='lat' dir='ltr'>nomen</span> <span class='ocrx_word' id='word_1_239' title='bbox 1494 4125 1682 4212; x_wconf 85' lang='lat' dir='ltr'>analogum</span> <span class='ocrx_word' id='word_1_240' title='bbox 1711 4125 1756 4190; x_wconf 92' lang='lat' dir='ltr'>ad</span> <span class='ocrx_word' id='word_1_241' title='bbox 1783 4124 1864 4189; x_wconf 88' lang='lat' dir='ltr'>talia</span> <span class='ocrx_word' id='word_1_242' title='bbox 1891 4125 1993 4190; x_wconf 90' lang='lat' dir='ltr'>entia.</span> <span class='ocrx_word' id='word_1_243' title='bbox 2012 4126 2058 4190; x_wconf 93' lang='lat' dir='ltr'>Ut</span> <span class='ocrx_word' id='word_1_244' title='bbox 2089 4125 2179 4190; x_wconf 90' lang='lat' dir='ltr'>sicut</span> <span class='ocrx_word' id='word_1_245' title='bbox 2201 4146 2331 4190; x_wconf 90' lang='lat' dir='ltr'>nomen</span> <span class='ocrx_word' id='word_1_246' title='bbox 2363 4125 2485 4190; x_wconf 89' lang='lat' dir='ltr'>indivi-</span> 
     </span>
     <span class='ocr_line' id='line_1_25' title="bbox 1009 4239 2484 4326; baseline -0.001 -17"><span class='ocrx_word' id='word_1_247' title='bbox 1009 4245 1156 4310; x_wconf 91' lang='lat' dir='ltr'>duorum</span> <span class='ocrx_word' id='word_1_248' title='bbox 1174 4253 1227 4307; x_wconf 89' lang='lat' dir='ltr'>est</span> <span class='ocrx_word' id='word_1_249' title='bbox 1243 4261 1371 4306; x_wconf 90' lang='lat' dir='ltr'>nomen</span> <span class='ocrx_word' id='word_1_250' title='bbox 1397 4239 1486 4304; x_wconf 92' lang='lat' dir='ltr'>entis</span> <span class='ocrx_word' id='word_1_251' title='bbox 1506 4240 1541 4304; x_wconf 94' lang='lat' dir='ltr'>in</span> <span class='ocrx_word' id='word_1_252' title='bbox 1558 4251 1637 4305; x_wconf 91' lang='lat' dir='ltr'>actu</span> <span class='ocrx_word' id='word_1_253' title='bbox 1662 4252 1696 4306; x_wconf 90' lang='lat' dir='ltr'>et</span> <span class='ocrx_word' id='word_1_254' title='bbox 1719 4239 1754 4304; x_wconf 94' lang='lat' dir='ltr'>in</span> <span class='ocrx_word' id='word_1_255' title='bbox 1780 4240 1935 4324; x_wconf 87' lang='lat' dir='ltr'>potentia</span> <span class='ocrx_word' id='word_1_256' title='bbox 1960 4254 2062 4325; x_wconf 87' lang='lat' dir='ltr'>prout</span> <span class='ocrx_word' id='word_1_257' title='bbox 2086 4240 2167 4305; x_wconf 88' lang='lat' dir='ltr'>talia</span> <span class='ocrx_word' id='word_1_258' title='bbox 2191 4252 2272 4307; x_wconf 88' lang='lat' dir='ltr'>sunt</span> <span class='ocrx_word' id='word_1_259' title='bbox 2297 4241 2484 4326; x_wconf 85' lang='lat' dir='ltr'>aliquando</span> 
     </span>
     <span class='ocr_line' id='line_1_26' title="bbox 1007 4354 2484 4441; baseline -0.002 -16"><span class='ocrx_word' id='word_1_260' title='bbox 1007 4359 1043 4424; x_wconf 94' lang='lat' dir='ltr'>in</span> <span class='ocrx_word' id='word_1_261' title='bbox 1060 4369 1139 4424; x_wconf 87' lang='lat' dir='ltr'>actu</span> <span class='ocrx_word' id='word_1_262' title='bbox 1157 4357 1345 4441; x_wconf 89' lang='lat' dir='ltr'>aliquando</span> <span class='ocrx_word' id='word_1_263' title='bbox 1362 4356 1397 4419; x_wconf 94' lang='lat' dir='ltr'>in</span> <span class='ocrx_word' id='word_1_264' title='bbox 1414 4355 1570 4441; x_wconf 89' lang='lat' dir='ltr'>potentia</span> <span class='ocrx_word' id='word_1_265' title='bbox 1595 4366 1698 4440; x_wconf 92' lang='lat' dir='ltr'>prout</span> <span class='ocrx_word' id='word_1_266' title='bbox 1713 4354 1724 4389; x_wconf 90' lang='lat'>⁷</span> <span class='ocrx_word' id='word_1_267' title='bbox 1748 4357 1854 4420; x_wconf 92' lang='lat' dir='ltr'>homo</span> <span class='ocrx_word' id='word_1_268' title='bbox 1871 4356 1916 4420; x_wconf 91' lang='lat' dir='ltr'>ad</span> <span class='ocrx_word' id='word_1_269' title='bbox 1933 4355 2109 4421; x_wconf 91' lang='lat' dir='ltr'>hominem</span> <span class='ocrx_word' id='word_1_270' title='bbox 2128 4355 2162 4420; x_wconf 93' lang='lat' dir='ltr'>in</span> <span class='ocrx_word' id='word_1_271' title='bbox 2180 4368 2259 4421; x_wconf 89' lang='lat' dir='ltr'>actu</span> <span class='ocrx_word' id='word_1_272' title='bbox 2278 4371 2311 4421; x_wconf 92' lang='lat' dir='ltr'>et</span> <span class='ocrx_word' id='word_1_273' title='bbox 2328 4357 2484 4441; x_wconf 89' lang='lat' dir='ltr'>potentia</span> 
     </span>
     <span class='ocr_line' id='line_1_27' title="bbox 1008 4469 2485 4555; baseline -0.003 -14"><span class='ocrx_word' id='word_1_274' title='bbox 1008 4485 1042 4541; x_wconf 90' lang='lat' dir='ltr'>et</span> <span class='ocrx_word' id='word_1_275' title='bbox 1058 4475 1124 4539; x_wconf 90' lang='lat' dir='ltr'>flos</span> <span class='ocrx_word' id='word_1_276' title='bbox 1141 4474 1185 4538; x_wconf 92' lang='lat' dir='ltr'>ad</span> <span class='ocrx_word' id='word_1_277' title='bbox 1202 4474 1323 4538; x_wconf 90' lang='lat' dir='ltr'>florem</span> <span class='ocrx_word' id='word_1_278' title='bbox 1340 4471 1376 4534; x_wconf 91' lang='lat' dir='ltr'>in</span> <span class='ocrx_word' id='word_1_279' title='bbox 1394 4481 1472 4536; x_wconf 86' lang='lat' dir='ltr'>actu</span> <span class='ocrx_word' id='word_1_280' title='bbox 1498 4481 1531 4536; x_wconf 92' lang='lat' dir='ltr'>et</span> <span class='ocrx_word' id='word_1_281' title='bbox 1547 4471 1668 4536; x_wconf 91' lang='lat' dir='ltr'>florem</span> <span class='ocrx_word' id='word_1_282' title='bbox 1685 4469 1720 4534; x_wconf 92' lang='lat' dir='ltr'>in</span> <span class='ocrx_word' id='word_1_283' title='bbox 1738 4470 1912 4555; x_wconf 89' lang='lat' dir='ltr'>potentia;</span> <span class='ocrx_word' id='word_1_284' title='bbox 1931 4471 2011 4536; x_wconf 94' lang='lat' dir='ltr'>ideo</span> <span class='ocrx_word' id='word_1_285' title='bbox 2032 4470 2122 4537; x_wconf 90' lang='lat' dir='ltr'>sicut</span> <span class='ocrx_word' id='word_1_286' title='bbox 2146 4471 2342 4536; x_wconf 89' lang='lat' dir='ltr'>substantia</span> <span class='ocrx_word' id='word_1_287' title='bbox 2360 4472 2485 4537; x_wconf 88' lang='lat' dir='ltr'>dicitur</span> 
     </span>
     <span class='ocr_line' id='line_1_28' title="bbox 1008 4585 2486 4673; baseline -0.002 -18"><span class='ocrx_word' id='word_1_288' title='bbox 1008 4612 1071 4656; x_wconf 89' lang='lat' dir='ltr'>ens</span> <span class='ocrx_word' id='word_1_289' title='bbox 1096 4601 1130 4654; x_wconf 92' lang='lat' dir='ltr'>et</span> <span class='ocrx_word' id='word_1_290' title='bbox 1153 4587 1318 4655; x_wconf 87' lang='lat' dir='ltr'>accidens</span> <span class='ocrx_word' id='word_1_291' title='bbox 1342 4586 1467 4651; x_wconf 94' lang='lat' dir='ltr'>dicitur</span> <span class='ocrx_word' id='word_1_292' title='bbox 1491 4608 1554 4651; x_wconf 93' lang='lat' dir='ltr'>ens</span> <span class='ocrx_word' id='word_1_293' title='bbox 1580 4585 1763 4673; x_wconf 84' lang='lat' dir='ltr'>analogice</span> <span class='ocrx_word' id='word_1_294' title='bbox 1780 4597 1907 4665; x_wconf 86' lang='lat' dir='ltr'>tamen,</span> <span class='ocrx_word' id='word_1_295' title='bbox 1925 4586 1972 4652; x_wconf 88' lang='lat' dir='ltr'>ita</span> <span class='ocrx_word' id='word_1_296' title='bbox 1994 4588 2100 4652; x_wconf 92' lang='lat' dir='ltr'>homo</span> <span class='ocrx_word' id='word_1_297' title='bbox 2126 4587 2161 4650; x_wconf 95' lang='lat' dir='ltr'>in</span> <span class='ocrx_word' id='word_1_298' title='bbox 2185 4587 2340 4670; x_wconf 88' lang='lat' dir='ltr'>potentia</span> <span class='ocrx_word' id='word_1_299' title='bbox 2361 4587 2486 4652; x_wconf 89' lang='lat' dir='ltr'>dieitur</span> 
     </span>
     <span class='ocr_line' id='line_1_29' title="bbox 1008 4700 2484 4787; baseline -0.002 -17"><span class='ocrx_word' id='word_1_300' title='bbox 1008 4705 1135 4770; x_wconf 87' lang='lat' dir='ltr'>animal</span> <span class='ocrx_word' id='word_1_301' title='bbox 1163 4715 1198 4770; x_wconf 93' lang='lat' dir='ltr'>et</span> <span class='ocrx_word' id='word_1_302' title='bbox 1225 4725 1304 4769; x_wconf 89' lang='lat' dir='ltr'>rosa</span> <span class='ocrx_word' id='word_1_303' title='bbox 1332 4702 1367 4766; x_wconf 94' lang='lat' dir='ltr'>in</span> <span class='ocrx_word' id='word_1_304' title='bbox 1395 4700 1551 4787; x_wconf 89' lang='lat' dir='ltr'>potentia</span> <span class='ocrx_word' id='word_1_305' title='bbox 1580 4702 1646 4766; x_wconf 90' lang='lat' dir='ltr'>flos</span> <span class='ocrx_word' id='word_1_306' title='bbox 1676 4713 1709 4767; x_wconf 90' lang='lat' dir='ltr'>et</span> <span class='ocrx_word' id='word_1_307' title='bbox 1736 4701 1917 4767; x_wconf 85' lang='lat' dir='ltr'>similiter⁸</span> <span class='ocrx_word' id='word_1_308' title='bbox 1944 4723 2024 4766; x_wconf 89' lang='lat' dir='ltr'>rosa</span> <span class='ocrx_word' id='word_1_309' title='bbox 2052 4702 2085 4766; x_wconf 90' lang='lat' dir='ltr'>in</span> <span class='ocrx_word' id='word_1_310' title='bbox 2116 4714 2205 4767; x_wconf 87' lang='lat' dir='ltr'>actu.</span> <span class='ocrx_word' id='word_1_311' title='bbox 2232 4703 2274 4767; x_wconf 89' lang='lat' dir='ltr'>Et</span> <span class='ocrx_word' id='word_1_312' title='bbox 2297 4703 2377 4768; x_wconf 90' lang='lat' dir='ltr'>ideo</span> <span class='ocrx_word' id='word_1_313' title='bbox 2405 4724 2484 4768; x_wconf 92' lang='lat' dir='ltr'>cum</span> 
     </span>
     <span class='ocr_line' id='line_1_30' title="bbox 1007 4816 2485 4905; baseline -0.002 -20"><span class='ocrx_word' id='word_1_314' title='bbox 1007 4819 1089 4886; x_wconf 86' lang='lat' dir='ltr'>talia</span> <span class='ocrx_word' id='word_1_315' title='bbox 1121 4820 1269 4904; x_wconf 82' lang='lat' dir='ltr'>analoga</span> <span class='ocrx_word' id='word_1_316' title='bbox 1297 4816 1552 4903; x_wconf 86' lang='lat' dir='ltr'>praedicantur,</span> <span class='ocrx_word' id='word_1_317' title='bbox 1584 4816 1797 4881; x_wconf 87' lang='lat' dir='ltr'>verificanda</span> <span class='ocrx_word' id='word_1_318' title='bbox 1829 4828 1910 4881; x_wconf 91' lang='lat' dir='ltr'>sunt</span> <span class='ocrx_word' id='word_1_319' title='bbox 1942 4818 2136 4882; x_wconf 92' lang='lat' dir='ltr'>secundum</span> <span class='ocrx_word' id='word_1_320' title='bbox 2166 4817 2373 4905; x_wconf 83' lang='lat' dir='ltr'>exigentiam</span> <span class='ocrx_word' id='word_1_321' title='bbox 2405 4821 2485 4882; x_wconf 92' lang='lat' dir='ltr'>sub-</span> 
     </span>
     <span class='ocr_line' id='line_1_31' title="bbox 1007 4935 1383 5001; baseline -0.011 -2"><span class='ocrx_word' id='word_1_322' title='bbox 1007 4935 1174 5001; x_wconf 90' lang='lat' dir='ltr'>iectorum</span> <span class='ocrx_word' id='word_1_323' title='bbox 1200 4945 1234 4999; x_wconf 88' lang='lat' dir='ltr'>et</span> <span class='ocrx_word' id='word_1_324' title='bbox 1258 4945 1383 4998; x_wconf 89' lang='lat' dir='ltr'>cetera.</span> 
     </span>
    </p>

    <p class='ocr_par' dir='ltr' id='par_1_5' title="bbox 1007 5047 2484 5473">
     <span class='ocr_line' id='line_1_32' title="bbox 1096 5047 2484 5138; baseline -0.004 -21"><span class='ocrx_word' id='word_1_325' title='bbox 1096 5053 1176 5117; x_wconf 92' lang='lat' dir='ltr'>Non</span> <span class='ocrx_word' id='word_1_326' title='bbox 1200 5049 1360 5137; x_wconf 88' lang='lat' dir='ltr'>intelligit</span> <span class='ocrx_word' id='word_1_327' title='bbox 1384 5070 1468 5138; x_wconf 89' lang='lat' dir='ltr'>ergo</span> <span class='ocrx_word' id='word_1_328' title='bbox 1492 5049 1676 5115; x_wconf 84' lang='lat' dir='ltr'>Avicenna</span> <span class='ocrx_word' id='word_1_329' title='bbox 1693 5069 1755 5133; x_wconf 89' lang='lat' dir='ltr'>per</span> <span class='ocrx_word' id='word_1_330' title='bbox 1772 5068 1814 5112; x_wconf 85' lang='lat' dir='ltr'>ea</span> <span class='ocrx_word' id='word_1_331' title='bbox 1830 5068 1920 5130; x_wconf 89' lang='lat' dir='ltr'>quae</span> <span class='ocrx_word' id='word_1_332' title='bbox 1937 5047 2096 5132; x_wconf 89' lang='lat' dir='ltr'>superius</span> <span class='ocrx_word' id='word_1_333' title='bbox 2120 5060 2201 5112; x_wconf 85' lang='lat' dir='ltr'>sunt</span> <span class='ocrx_word' id='word_1_334' title='bbox 2225 5048 2373 5136; x_wconf 88' lang='lat' dir='ltr'>allegata</span> <span class='ocrx_word' id='word_1_335' title='bbox 2390 5049 2484 5133; x_wconf 89' lang='lat' dir='ltr'>quod</span> 
     </span>
     <span class='ocr_line' id='line_1_33' title="bbox 1007 5163 2484 5252; baseline -0.004 -18"><span class='ocrx_word' id='word_1_336' title='bbox 1007 5190 1088 5235; x_wconf 90' lang='lat' dir='ltr'>cum</span> <span class='ocrx_word' id='word_1_337' title='bbox 1115 5189 1170 5232; x_wconf 90' lang='lat' dir='ltr'>res</span> <span class='ocrx_word' id='word_1_338' title='bbox 1198 5177 1279 5231; x_wconf 90' lang='lat' dir='ltr'>nata</span> <span class='ocrx_word' id='word_1_339' title='bbox 1307 5164 1480 5231; x_wconf 82' lang='lat' dir='ltr'>existere⁰</span> <span class='ocrx_word' id='word_1_340' title='bbox 1507 5165 1541 5229; x_wconf 93' lang='lat' dir='ltr'>in</span> <span class='ocrx_word' id='word_1_341' title='bbox 1570 5163 1806 5252; x_wconf 88' lang='lat' dir='ltr'>singularibus</span> <span class='ocrx_word' id='word_1_342' title='bbox 1833 5184 1906 5227; x_wconf 92' lang='lat' dir='ltr'>non</span> <span class='ocrx_word' id='word_1_343' title='bbox 1936 5163 2050 5229; x_wconf 88' lang='lat' dir='ltr'>existit</span> <span class='ocrx_word' id='word_1_344' title='bbox 2078 5163 2112 5228; x_wconf 92' lang='lat' dir='ltr'>in</span> <span class='ocrx_word' id='word_1_345' title='bbox 2140 5163 2216 5241; x_wconf 85' lang='lat' dir='ltr'>illis,</span> <span class='ocrx_word' id='word_1_346' title='bbox 2246 5165 2339 5248; x_wconf 89' lang='lat' dir='ltr'>quod</span> <span class='ocrx_word' id='word_1_347' title='bbox 2368 5176 2484 5229; x_wconf 87' lang='lat' dir='ltr'>tamen</span> 
     </span>
     <span class='ocr_line' id='line_1_34' title="bbox 1007 5278 2484 5364; baseline -0.004 -15"><span class='ocrx_word' id='word_1_348' title='bbox 1007 5283 1231 5349; x_wconf 88' lang='lat' dir='ltr'>nihilominus</span> <span class='ocrx_word' id='word_1_349' title='bbox 1255 5282 1382 5346; x_wconf 87' lang='lat' dir='ltr'>habeat</span> <span class='ocrx_word' id='word_1_350' title='bbox 1406 5303 1485 5346; x_wconf 88' lang='lat' dir='ltr'>esse</span> <span class='ocrx_word' id='word_1_351' title='bbox 1509 5302 1610 5344; x_wconf 93' lang='lat' dir='ltr'>suum</span> <span class='ocrx_word' id='word_1_352' title='bbox 1635 5278 1899 5363; x_wconf 92' lang='lat' dir='ltr'>quidditativum</span> <span class='ocrx_word' id='word_1_353' title='bbox 1925 5290 1959 5343; x_wconf 94' lang='lat' dir='ltr'>et</span> <span class='ocrx_word' id='word_1_354' title='bbox 1982 5280 2085 5358; x_wconf 88' lang='lat' dir='ltr'>reale,</span> <span class='ocrx_word' id='word_1_355' title='bbox 2108 5291 2142 5344; x_wconf 87' lang='lat' dir='ltr'>et</span> <span class='ocrx_word' id='word_1_356' title='bbox 2166 5279 2260 5364; x_wconf 90' lang='lat' dir='ltr'>quod</span> <span class='ocrx_word' id='word_1_357' title='bbox 2285 5280 2387 5344; x_wconf 91' lang='lat' dir='ltr'>etiam</span> <span class='ocrx_word' id='word_1_358' title='bbox 2405 5300 2484 5344; x_wconf 93' lang='lat' dir='ltr'>cum</span> 
     </span>
     <span class='ocr_line' id='line_1_35' title="bbox 1009 5394 2484 5473; baseline -0.003 -8"><span class='ocrx_word' id='word_1_359' title='bbox 1009 5399 1123 5466; x_wconf 89' lang='lat' dir='ltr'>existit</span> <span class='ocrx_word' id='word_1_360' title='bbox 1146 5420 1225 5464; x_wconf 95' lang='lat' dir='ltr'>cum</span> <span class='ocrx_word' id='word_1_361' title='bbox 1250 5396 1450 5462; x_wconf 89' lang='lat' dir='ltr'>huiusmodi</span> <span class='ocrx_word' id='word_1_362' title='bbox 1474 5395 1716 5461; x_wconf 91' lang='lat' dir='ltr'>accidentibus</span> <span class='ocrx_word' id='word_1_363' title='bbox 1741 5406 1794 5460; x_wconf 89' lang='lat' dir='ltr'>est</span> <span class='ocrx_word' id='word_1_364' title='bbox 1817 5394 1910 5459; x_wconf 87' lang='lat' dir='ltr'>aliud</span> <span class='ocrx_word' id='word_1_365' title='bbox 1935 5417 2007 5460; x_wconf 92' lang='lat' dir='ltr'>non</span> <span class='ocrx_word' id='word_1_366' title='bbox 2031 5396 2146 5460; x_wconf 91' lang='lat' dir='ltr'>solum</span> <span class='ocrx_word' id='word_1_367' title='bbox 2169 5397 2213 5459; x_wconf 92' lang='lat' dir='ltr'>ab</span> <span class='ocrx_word' id='word_1_368' title='bbox 2237 5416 2315 5460; x_wconf 90' lang='lat' dir='ltr'>esse</span> <span class='ocrx_word' id='word_1_369' title='bbox 2338 5395 2484 5473; x_wconf 88' lang='lat' dir='ltr'>illorum,</span> 
     </span>
    </p>
   </div>
   <div class='ocr_carea' id='block_1_3' title="bbox 822 5509 2484 5642">
    <p class='ocr_par' dir='ltr' id='par_1_6' title="bbox 822 5509 2484 5642">
     <span class='ocr_line' id='line_1_36' title="bbox 822 5509 2484 5642; baseline -0.002 -63"><span class='ocrx_word' id='word_1_370' title='bbox 822 5513 987 5642; x_wconf 40' lang='lat' dir='ltr'>fofold4-2PR2</span> <span class='ocrx_word' id='word_1_371' title='bbox 1010 5516 1072 5581; x_wconf 93' lang='lat' dir='ltr'>sed</span> <span class='ocrx_word' id='word_1_372' title='bbox 1105 5514 1207 5580; x_wconf 87' lang='lat' dir='ltr'>etiam</span> <span class='ocrx_word' id='word_1_373' title='bbox 1235 5535 1255 5578; x_wconf 90' lang='lat' dir='ltr'>a</span> <span class='ocrx_word' id='word_1_374' title='bbox 1283 5534 1347 5578; x_wconf 90' lang='lat' dir='ltr'>suo</span> <span class='ocrx_word' id='word_1_375' title='bbox 1380 5511 1521 5597; x_wconf 88' lang='lat' dir='ltr'>proprio</span> <span class='ocrx_word' id='word_1_376' title='bbox 1553 5533 1631 5576; x_wconf 91' lang='lat' dir='ltr'>esse</span> <span class='ocrx_word' id='word_1_377' title='bbox 1657 5509 1877 5588; x_wconf 81' lang='lat' dir='ltr'>existentiae3</span> <span class='ocrx_word' id='word_1_378' title='bbox 1910 5514 1914 5594; x_wconf 92' lang='grc' dir='ltr'>Ι</span> <span class='ocrx_word' id='word_1_379' title='bbox 1942 5512 2005 5576; x_wconf 92' lang='lat' dir='ltr'>sed</span> <span class='ocrx_word' id='word_1_380' title='bbox 2022 5512 2134 5575; x_wconf 87' lang='lat' dir='ltr'>solum</span> <span class='ocrx_word' id='word_1_381' title='bbox 2163 5531 2242 5575; x_wconf 92' lang='lat' dir='ltr'>cum</span> <span class='ocrx_word' id='word_1_382' title='bbox 2271 5509 2385 5575; x_wconf 87' lang='lat' dir='ltr'>existit</span> <span class='ocrx_word' id='word_1_383' title='bbox 2406 5530 2484 5575; x_wconf 91' lang='lat' dir='ltr'>cum</span> 
     </span>
    </p>
   </div>
   <div class='ocr_carea' id='block_1_4' title="bbox 1007 5819 2485 6071">
    <p class='ocr_par' dir='ltr' id='par_1_7' title="bbox 1007 5819 2485 6071">
     <span class='ocr_line' id='line_1_37' title="bbox 1098 5819 2485 5891; baseline -0.004 -14"><span class='ocrx_word' id='word_1_384' title='bbox 1098 5826 1106 5856; x_wconf 85' lang='lat'><strong>¹</strong></span> <span class='ocrx_word' id='word_1_385' title='bbox 1126 5823 1189 5878; x_wconf 90' lang='lat' dir='ltr'>eius</span> <span class='ocrx_word' id='word_1_386' title='bbox 1202 5825 1278 5891; x_wconf 86' lang='lat' dir='ltr'>esse]</span> <span class='ocrx_word' id='word_1_387' title='bbox 1299 5838 1365 5876; x_wconf 87' lang='lat' dir='ltr'>esse</span> <span class='ocrx_word' id='word_1_388' title='bbox 1384 5820 1447 5875; x_wconf 89' lang='lat' dir='ltr'>eius</span> <span class='ocrx_word' id='word_1_389' title='bbox 1466 5823 1497 5874; x_wconf 90' lang='lat' dir='ltr'>P.</span> <span class='ocrx_word' id='word_1_390' title='bbox 1518 5853 1551 5861; x_wconf 89' lang='lat'>-</span> <span class='ocrx_word' id='word_1_391' title='bbox 1565 5822 1576 5853; x_wconf 83' lang='lat'>&#39;</span> <span class='ocrx_word' id='word_1_392' title='bbox 1589 5838 1655 5875; x_wconf 90' lang='lat' dir='ltr'>esse</span> <span class='ocrx_word' id='word_1_393' title='bbox 1669 5820 1700 5873; x_wconf 91' lang='lat' dir='ltr'>P.</span> <span class='ocrx_word' id='word_1_394' title='bbox 1715 5853 1748 5859; x_wconf 94' lang='lat'>—</span> <span class='ocrx_word' id='word_1_395' title='bbox 1761 5821 1772 5851; x_wconf 79' lang='lat'>⁸</span> <span class='ocrx_word' id='word_1_396' title='bbox 1785 5820 1813 5872; x_wconf 91' lang='lat' dir='ltr'>in</span> <span class='ocrx_word' id='word_1_397' title='bbox 1834 5823 1911 5888; x_wconf 86' lang='lat' dir='ltr'>actu]</span> <span class='ocrx_word' id='word_1_398' title='bbox 1933 5819 1976 5872; x_wconf 71' lang='lat' dir='ltr'>bis</span> <span class='ocrx_word' id='word_1_399' title='bbox 1989 5820 2020 5871; x_wconf 93' lang='lat' dir='ltr'>P.</span> <span class='ocrx_word' id='word_1_400' title='bbox 2034 5851 2066 5857; x_wconf 96' lang='lat'><em>-</em></span> <span class='ocrx_word' id='word_1_401' title='bbox 2082 5823 2090 5850; x_wconf 78' lang='lat'><strong>¹</strong></span> <span class='ocrx_word' id='word_1_402' title='bbox 2105 5836 2159 5872; x_wconf 89' lang='lat' dir='ltr'>om.</span> <span class='ocrx_word' id='word_1_403' title='bbox 2174 5819 2205 5872; x_wconf 91' lang='lat' dir='ltr'>P.</span> <span class='ocrx_word' id='word_1_404' title='bbox 2220 5851 2252 5857; x_wconf 96' lang='lat'><strong>—</strong></span> <span class='ocrx_word' id='word_1_405' title='bbox 2276 5821 2286 5850; x_wconf 76' lang='lat'><strong>⁶</strong></span> <span class='ocrx_word' id='word_1_406' title='bbox 2300 5836 2485 5889; x_wconf 89' lang='lat' dir='ltr'>quocumque</span> 
     </span>
     <span class='ocr_line' id='line_1_38' title="bbox 1007 5905 2485 5983; baseline -0.005 -17"><span class='ocrx_word' id='word_1_407' title='bbox 1007 5913 1150 5983; x_wconf 88' lang='lat' dir='ltr'>tempore]</span> <span class='ocrx_word' id='word_1_408' title='bbox 1164 5919 1299 5981; x_wconf 86' lang='lat' dir='ltr'>tempore</span> <span class='ocrx_word' id='word_1_409' title='bbox 1314 5926 1500 5980; x_wconf 90' lang='lat' dir='ltr'>quocumque</span> <span class='ocrx_word' id='word_1_410' title='bbox 1511 5909 1542 5963; x_wconf 89' lang='lat' dir='ltr'>P.</span> <span class='ocrx_word' id='word_1_411' title='bbox 1562 5940 1595 5947; x_wconf 87' lang='lat'><em>-</em></span> <span class='ocrx_word' id='word_1_412' title='bbox 1614 5907 1775 5962; x_wconf 78' lang='lat' dir='ltr'>⁶interiora</span> <span class='ocrx_word' id='word_1_413' title='bbox 1785 5907 1816 5962; x_wconf 87' lang='lat' dir='ltr'>P.</span> <span class='ocrx_word' id='word_1_414' title='bbox 1827 5939 1860 5947; x_wconf 95' lang='lat'>—</span> <span class='ocrx_word' id='word_1_415' title='bbox 1874 5906 1963 5961; x_wconf 73' lang='lat' dir='ltr'>&#39;talia</span> <span class='ocrx_word' id='word_1_416' title='bbox 1974 5939 2000 5947; x_wconf 96' lang='lat'>—</span> <span class='ocrx_word' id='word_1_417' title='bbox 2017 5910 2113 5977; x_wconf 81' lang='lat' dir='ltr'>prout]</span> <span class='ocrx_word' id='word_1_418' title='bbox 2132 5924 2188 5960; x_wconf 85' lang='lat' dir='ltr'>om.</span> <span class='ocrx_word' id='word_1_419' title='bbox 2200 5906 2230 5960; x_wconf 91' lang='lat' dir='ltr'>P.</span> <span class='ocrx_word' id='word_1_420' title='bbox 2242 5938 2274 5945; x_wconf 92' lang='lat'>-—</span> <span class='ocrx_word' id='word_1_421' title='bbox 2293 5905 2485 5976; x_wconf 84' lang='lat' dir='ltr'>⁸simpliciter</span> 
     </span>
     <span class='ocr_line' id='line_1_39' title="bbox 1007 5997 1398 6071; baseline -0.008 -18"><span class='ocrx_word' id='word_1_422' title='bbox 1007 6017 1105 6071; x_wconf 82' lang='lat' dir='ltr'>marg.</span> <span class='ocrx_word' id='word_1_423' title='bbox 1114 5999 1145 6053; x_wconf 93' lang='lat' dir='ltr'>P.</span> <span class='ocrx_word' id='word_1_424' title='bbox 1156 6030 1189 6038; x_wconf 84' lang='lat'><em>-</em></span> <span class='ocrx_word' id='word_1_425' title='bbox 1203 5999 1214 6029; x_wconf 81' lang='lat'><strong>⁰</strong></span> <span class='ocrx_word' id='word_1_426' title='bbox 1227 5997 1355 6052; x_wconf 87' lang='lat' dir='ltr'>existens</span> <span class='ocrx_word' id='word_1_427' title='bbox 1369 5997 1398 6050; x_wconf 93' lang='lat' dir='ltr'>P.</span> 
     </span>
    </p>
   </div>
   <div class='ocr_carea' id='block_1_5' title="bbox 0 0 3354 7990">
    <p class='ocr_par' dir='ltr' id='par_1_8' title="bbox 0 0 3354 7990">
     <span class='ocr_line' id='line_1_40' title="bbox 0 0 3354 7990; baseline 0 0"><span class='ocrx_word' id='word_1_428' title='bbox 0 0 3354 7990; x_wconf 95' lang='lat' dir='ltr'> </span> 
     </span>
    </p>
   </div>
  </div>
 </body>
</html>
