6700 7992
1072 1477 1126 1535 340
1439 1471 1631 1551 ntnctstttt
1660 1471 1881 1537 GODEFRIDI
1910 1472 1963 1526 DE
1992 1471 2190 1550 FONTlBUS

1073 1652 1111 1708 ad
1141 1651 1265 1707 salutem
1295 1650 1403 1705 debeat
1434 1658 1572 1723 reputare
1603 1649 1762 1723 litigiosam
1793 1658 1824 1705 et
1853 1649 2041 1705 inducentem
2071 1649 2242 1705 scandalum
2274 1658 2305 1705 et
2335 1651 2374 1705 ob
2404 1652 2461 1707 hoc
2492 1668 2552 1706 non

913 1742 1017 1801 corii¹
1072 1747 1196 1821 recipiat
1214 1760 1288 1803 eam.
1315 1778 1349 1788 -
1374 1745 1543 1802 Secundum
1568 1754 1632 1801 erat
1655 1754 1752 1801 utrum
1778 1744 1937 1801 exanrinati
1962 1754 1992 1801 et
2018 1745 2176 1818 approbati
2201 1762 2219 1799 a
2243 1745 2333 1801 certis
2348 1763 2411 1819 ,per
2438 1750 2444 1815 Ι
2471 1747 2556 1802 sonis

875 1813 1239 1899 ¹⁰¹·153Rbhabentes·¹
1267 1860 1303 1898 ex
1328 1842 1485 1916 privilegio
1510 1849 1690 1915 potestatem
1715 1840 1906 1913 praedicandi
1931 1849 2001 1915 post
2031 1841 2121 1896 talem
2146 1841 2391 1913 approbationem
2423 1842 2552 1898 debeant

1071 1940 1108 1994 ab
1140 1938 1294 1995 ordinariis
1322 1937 1414 2009 recipi
1445 1937 1483 1993 ad
1508 1936 1740 2010 praedicandum
1763 1936 1819 1991 nisi
1839 1935 1967 1992 doceant
1991 1954 2025 1992 se
2048 1936 2116 1993 sic’
2144 1937 2335 1992 examinatos.
2358 1969 2392 1978 -
2420 1937 2551 1993 Tertium

1070 2043 1134 2090 erat
1152 2042 1247 2089 utrum
1270 2033 1310 2088 illi
1330 2034 1461 2106 quibus¹
1480 2034 1663 2088 commissa¹
1682 2040 1728 2087 est
1747 2049 1764 2086 a
1784 2031 1904 2087 domino
1926 2050 2004 2105 papa
2027 2040 2161 2105 potestas
2183 2031 2324 2088 audiendi
2343 2017 2549 2089 confessiones

1069 2130 1124 2184 sub
1150 2130 1208 2184 hoc
1233 2128 1344 2184 forma:
1372 2128 1476 2184 damus
1502 2127 1587 2183 vobis
1621 2136 1800 2201 potestatem
1831 2127 2005 2183 absolvendi
2029 2128 2183 2183 venientes
2209 2127 2247 2183 ad
2277 2146 2333 2184 vos
2363 2128 2402 2184 de
2433 2127 2551 2185 licentia

1069 2224 1265 2298 praelatorum
1297 2224 1335 2278 ab
1366 2224 1502 2279 omnibus
1532 2223 1664 2296 peccatis
1695 2241 1749 2296 pro
1781 2222 1888 2295 quibus
1918 2241 1977 2277 non
2008 2231 2088 2278 esset
2118 2223 2223 2279 merito
2260 2223 2348 2280 sedes
2385 2225 2550 2296 apostolica

1070 2319 1254 2393 requirenda,
1274 2351 1307 2360 -
1328 2327 1432 2387 utrum,
1452 2318 1579 2391 inquam,
1601 2319 1676 2374 tales
1701 2319 1841 2390 possint¹
1859 2319 2014 2373 absolvere
2040 2337 2057 2374 a
2082 2319 2201 2375 casibus
2223 2319 2345 2375 retentis
2364 2319 2514 2394 episcopis
2534 2340 2550 2375 a

1072 2417 1133 2471 iure
1152 2417 1200 2472 vel
1220 2415 1433 2471 consuetudine
1451 2413 1552 2470 habita
1571 2412 1689 2469 licentia
1709 2431 1726 2468 a
1745 2413 1951 2471 sacerdotibus
1969 2414 2196 2486 parochialibus,

1174 2515 1178 2583 Ι
1203 2510 1251 2566 Ad
1269 2511 1394 2583 primum
1414 2509 1457 2565 sic
1476 2510 1653 2583 proceditur,
1672 2519 1703 2566 et
1722 2510 1852 2582 arguitur
1870 2509 1950 2582 quod
1969 2509 2036 2566 talis
2055 2510 2189 2583 quaestio
2214 2530 2273 2566 non
2292 2512 2383 2566 debet
2402 2511 2549 2584 repudiari

1069 2610 1158 2662 immo
1180 2606 1282 2679 recipi,
1307 2606 1375 2677 quia
1395 2606 1535 2677 magister
1557 2605 1587 2660 in
1611 2605 1764 2678 theologia
1789 2605 1878 2660 debet
1902 2604 2099 2661 determinare
2118 2606 2273 2662 veritatem
2292 2606 2491 2663 necessariam
2510 2609 2549 2663 ad

1069 2702 1202 2758 salutem.
1221 2702 1281 2757 Sed
1300 2701 1410 2756 veritas
1429 2701 1526 2756 dictae
1546 2699 1728 2773 quaestionis
1747 2700 1866 2773 ponitur
1883 2700 2060 2756 huiusmodi.
2079 2703 2158 2773 Ergo
2177 2710 2208 2757 et
2226 2711 2335 2757 cetera.

1159 2797 1277 2853 Contra.
1309 2796 1391 2852 Scire
1422 2797 1576 2851 veritatem
1615 2795 1796 2867 quaestionis
1826 2804 1925 2851 motae
1955 2797 1994 2851 de
2025 2796 2181 2869 privilegio
2218 2796 2340 2853 fratrum
2372 2807 2417 2854 est
2448 2816 2550 2855 neces·

1069 2895 1202 2949 sarium⁸
1229 2893 1419 2959 adsalutem,
1439 2899 1468 2946 et
1488 2901 1586 2945 tamen
1612 2882 1765 2963 reputatur
1784 2892 1820 2945 ab
1841 2891 1988 2963 aliquibus
2008 2892 2136 2964 litigiosa
2155 2901 2185 2947 et
2203 2910 2351 2964 generans
2369 2894 2549 2949 scandalum.

1071 2992 1148 3062 Ergo
1168 2998 1198 3044 et
1218 2998 1325 3043 cetera.
2172 3001 2174 3005 ·

1157 3083 1346 3156 Responde0.
1365 3083 1413 3136 Ad
1439 3082 1616 3137 evidentiam
1643 3083 1750 3136 istius¹
1778 3081 1959 3153 quaestionis
1978 3083 2073 3156 primo
2100 3083 2252 3139 sciendum
2278 3087 2348 3139 est¹
2375 3085 2455 3158 quod
2480 3086 2550 3142 licet

1069 3182 1106 3236 ad
1132 3198 1189 3235 non
1216 3179 1372 3235 dicendum
1399 3178 1557 3233 falsitatem
1583 3177 1707 3250 quilibet
1732 3185 1866 3233 teneatur
1891 3195 2009 3250 semper
2033 3188 2063 3234 et
2088 3179 2126 3234 ad
2151 3197 2277 3252 semper,
2302 3180 2371 3252 quia
2396 3190 2441 3236 est
2465 3199 2550 3254 prae·

1070 3285 1188 3349 ceptum
1222 3276 1403 3347 negativum,
1436 3277 1569 3330 tamen¹
1604 3292 1663 3328 non
1691 3283 1808 3328 tenetur
1835 3275 1934 3330 dicere
1966 3275 2119 3330 veritatem
2145 3280 2262 3348 sempe'r
2296 3285 2326 3331 et
2359 3277 2397 3332 ad
2423 3295 2549 3350 semper,

1072 3372 1140 3444 quia
1163 3372 1221 3426 hoc
1246 3381 1292 3426 est
1318 3379 1509 3444 praeceptum
1536 3369 1743 3424 affirmativum
1769 3371 1848 3440 quod
1876 3370 1989 3442 obligat
2018 3374 2021 3439 Ι
2050 3388 2168 3443 semper
2191 3371 2245 3426 sed
2273 3389 2332 3426 non
2358 3372 2396 3426 ad
2422 3390 2549 3446 semper,

1070 3468 1124 3523 sed
1148 3485 1202 3539 pro
1227 3466 1294 3522 loco
1320 3475 1350 3522 et
1374 3476 1516 3538 tempore.
1542 3464 1680 3519 Secundo
1705 3465 1857 3520 sciendum
1884 3475 1930 3519 est
1955 3466 2034 3537 quod
2060 3466 2159 3537 aliqua
2184 3468 2318 3537 quaestio
2350 3475 2450 3539 potest
2482 3485 2549 3523 esse

1069 3562 1198 3635 litigiosa
1217 3562 1381 3634 dupliciter.
1401 3562 1467 3617 Uno
1490 3561 1579 3615 modo
1601 3578 1654 3632 per
1676 3578 1708 3614 se
1731 3569 1760 3614 et
1783 3578 1819 3614 ex
1841 3569 1925 3632 parte
1944 3578 2006 3628 sua,
2023 3561 2098 3616 sicut
2111 3571 2179 3617 sunt
2195 3564 2215 3594 ¹⁰
2233 3563 2341 3618 stultae
2360 3563 2550 3636 quaestiones

1070 3660 1100 3713 in
1126 3659 1232 3730 quibus
1257 3676 1314 3713 non
1340 3666 1384 3712 est
1409 3656 1560 3728 proiectus
1585 3656 1728 3710 scientiae
1752 3656 1800 3711 vel
1823 3656 1975 3729 agibilium
2000 3658 2048 3712 vel
2070 3658 2304 3730 speculabilium,
2324 3668 2354 3714 et
2378 3660 2415 3714 de
2441 3659 2549 3715 talibus

1070 3753 1293 3826 quaestionibus
1318 3753 1425 3807 dicitur
1449 3752 1579 3806 secunda
1598 3753 1641 3805 ad
1657 3752 1843 3807 Timotheum
1859 3757 1908 3820 (1),
1936 3753 2077 3818 secundo,
2103 3754 2182 3825 quod
2207 3754 2282 3810 tales
2306 3763 2449 3826 generant
2473 3754 2549 3823 lites,

1070 3858 1100 3905 et
1118 3851 1160 3904 ad
1181 3849 1367 3903 Timotheum
1383 3852 1431 3915 (2),
1458 3849 1586 3902 secundo
1603 3850 1641 3901 ¹¹:
1665 3848 1770 3902 stultas
1802 3849 1991 3919 quaestiones
2016 3849 2123 3904 devita.
2148 3850 2217 3904 Alio
2243 3850 2332 3905 modo
2358 3859 2458 3923 potest
2482 3869 2549 3906 esse

1070 3945 1205 4017 quaestio
1229 3943 1357 4015 litigiosa
1380 3961 1438 3998 non
1461 3961 1514 4015 per
1539 3962 1571 3998 se
1591 3952 1620 3998 et
1637 3944 1656 3976 ¹²
1675 3961 1711 3998 ex
1737 3953 1820 4016 parte
1843 3945 1888 3999 sui
1911 3945 1964 3999 sed
1992 3962 2046 4016 per
2067 3945 2265 4013 occasionem,
2286 3929 2409 4018 propter
2436 3946 2549 4002 scilicet

1070 4041 1185 4113 aliquos
1204 4039 1440 4095 contradicentes
1460 4039 1576 4094 veritati
1595 4040 1679 4094 cuius
1698 4039 1831 4094 veritatis
1850 4039 2050 4095 manifestatio
2070 4042 2117 4095 vel
2139 4040 2256 4095 tolleret
2277 4041 2320 4096 eis
2339 4042 2450 4114 aliquid
2470 4042 2549 4114 quod

1070 4137 1211 4191 affectant
1230 4136 1277 4190 vel
1296 4135 1450 4207 detegeret
1469 4135 1559 4190 vitam
1579 4153 1690 4191 eorum.
1716 4137 1752 4189 Et
1773 4135 1885 4189 utinam
1910 4135 1990 4207 quod
2015 4153 2073 4190 non
2100 4136 2138 4190 sit
2163 4136 2283 4208 impleta
2302 4137 2391 4192 hodie
2410 4137 2459 4192 illa
2482 4156 2549 4210 pro-

1070 4232 1170 4305 phetia
1194 4234 1357 4304 prophetae
1389 4231 1489 4298 nostri,
1520 4231 1634 4286 scilicet
1665 4232 1793 4302 apostoli
1825 4231 1906 4286 Pauli
1921 4235 1961 4299 (3)
1991 4249 2049 4302 qua
2077 4231 2203 4286 dicitur:
2235 4250 2252 4286 a
2278 4233 2402 4287 veritate
2431 4233 2548 4305 quidem

1069 4328 1200 4383 auditum
1220 4336 1351 4382 avertent
1364 4329 1392 4394 ¹¹,
1412 4327 1450 4382 ad
1469 4323 1586 4381 fabulas
1605 4334 1703 4380 autem
1727 4334 1936 4381 convertentur
1948 4335 1978 4380 et
1992 4326 2029 4381 ad
2045 4330 2064 4360 ¹¹
2084 4308 2143 4382 sua·
2157 4326 2305 4382 desideria
2325 4330 2374 4398 [et]
2391 4330 2412 4361 ¹¹
2431 4345 2549 4383 coacer-

1069 4424 1182 4478 vabunt
1202 4423 1258 4477 sibi
1287 4422 1444 4494 magistros
1472 4421 1637 4495 prurientes
1666 4422 1784 4476 auribus
1807 4422 1941 4476 volentes
1964 4422 2065 4477 audire
2087 4440 2122 4477 ea
2148 4441 2224 4494 quae
2248 4423 2417 4478 desiderant
2439 4432 2469 4479 et
2490 4442 2549 4479 non

1070 4519 1136 4574 alia.
1155 4520 1192 4573 Et
1206 4520 1228 4551 ¹¹
1250 4518 1317 4575 talis
1337 4519 1472 4590 quaestio
1492 4536 1550 4573 non
1570 4518 1659 4572 debet
1679 4517 1802 4572 iudicari
1821 4517 1950 4589 litigiosa
1969 4536 2005 4573 ex
2024 4527 2127 4572 natura
2147 4519 2189 4574 rei
2209 4527 2238 4573 et
2257 4537 2310 4591 per
2329 4536 2369 4574 se.

1158 4614 1207 4668 nd
1232 4614 1434 4686 quaestionem
1460 4631 1532 4685 ergo
1553 4613 1710 4668 dicendum
1737 4613 1816 4684 quod
1839 4615 1973 4684 quaestio
1996 4613 2079 4668 cuius
2101 4614 2232 4686 cognitio
2255 4623 2300 4669 est
2320 4617 2488 4670 necessaria
2511 4616 2549 4671 ad

1068 4711 1203 4779 salutem,
1234 4727 1293 4764 non
1319 4718 1363 4763 est
1388 4709 1482 4781 primo
1513 4709 1602 4763 modo
1633 4708 1771 4780 litigiosa,
1803 4717 1832 4763 et
1864 4709 1932 4763 ideo
1963 4710 2104 4781 magister
2135 4710 2164 4764 in
2195 4711 2346 4782 theologia
2378 4711 2428 4783 qui
2459 4712 2548 4767 talem

1070 4806 1272 4878 quaestionem
1298 4813 1447 4876 reputaret
1471 4805 1566 4876 primo
1591 4804 1681 4859 modo
1707 4805 1865 4875 litigiosam
1892 4815 1922 4859 et
1941 4813 2062 4877 propter
2081 4807 2136 4860 hoc
2156 4824 2214 4860 non
2240 4806 2450 4878 recipiendam,
2469 4817 2549 4862 esset

1070 4902 1168 4957 fatuus
1193 4901 1343 4972 magister.
1369 4900 1429 4955 Sed
1454 4901 1530 4954 bene
1554 4900 1623 4954 talis
1645 4901 1780 4972 quaestio
1805 4908 1904 4972 potest
1926 4918 1993 4955 esse
2013 4901 2145 4964 secundo
2166 4901 2255 4956 modo
2274 4902 2404 4974 litigiosa
2427 4911 2550 4976 propter

1070 4997 1185 5070 aliquos
1215 4996 1452 5052 contradicentes
1483 4995 1609 5063 veritati,
1639 5003 1669 5050 et
1699 5004 1769 5050 tunc
1801 4995 2040 5068 distinguendum
2071 5005 2124 5052 est.
2156 4997 2234 5069 Quia
2266 5007 2316 5053 aut
2340 4999 2451 5053 veritas
2481 5000 2563 5073 talis,

1070 5092 1252 5164 quaestionis
1277 5099 1323 5146 est
1347 5090 1528 5146 sufficienter
1552 5090 1709 5145 manifesta
1737 5099 1766 5146 et
1791 5108 1895 5162 parum
1920 5091 2078 5163 proficeret
2103 5093 2214 5148 dictum
2245 5093 2387 5166 magistri,
2418 5102 2449 5149 et
2479 5102 2548 5149 tunc

1068 5188 1095 5244 si
1124 5205 1184 5243 non
1214 5187 1320 5259 recipit
1345 5205 1410 5242 eam
1439 5196 1470 5240 ut
1498 5186 1631 5241 intendat
1658 5187 1736 5242 circa
1761 5187 1856 5259 magis
1886 5187 1977 5255 utilia,
2007 5205 2067 5242 non
2098 5189 2174 5243 male
2199 5188 2279 5244 facit.
2306 5191 2338 5244 Si
2363 5197 2459 5244 autern
2486 5189 2549 5244 eius

1069 5284 1180 5339 veritas
1204 5300 1263 5338 non
1290 5290 1335 5337 est
1360 5281 1542 5338 sufficienter
1566 5281 1731 5350 manifesta,
1756 5291 1826 5337 tunc
1850 5292 1972 5356 propter
1997 5283 2169 5338 scandalum
2201 5285 2466 5340 contradicentium
2490 5303 2549 5341 non

1155 5550 1353 5606 ¹habentibus
1373 5551 1404 5604 P.
1431 5582 1465 5591 —
1492 5550 1581 5604 'esse
1601 5548 1634 5604 C.
1663 5581 1697 5589 -
1725 5549 1797 5603 ¹cui
1817 5551 1871 5604 SP.
1900 5583 1933 5591 -
1963 5550 2174 5605 ¹commissum
2194 5551 2275 5607 SPC.
2294 5584 2328 5593 -
2353 5554 2364 5584 ¹
2373 5561 2495 5624 possent
2515 5552 2548 5608 C.

1070 5671 1104 5680 —
1123 5638 1314 5693 ¹necessaria
1334 5639 1367 5693 C.
1387 5670 1420 5678 —
1442 5637 1549 5692 ¹huius
1568 5637 1601 5692 C.
1622 5669 1655 5678 -
1675 5639 1754 5691 ¹om.
1774 5636 1807 5692 C.
1827 5669 1859 5677 -
1890 5641 1969 5692 ¹om.
1989 5638 2028 5705 83
2047 5639 2117 5692 add.
2136 5651 2172 5692 aa
2189 5657 2227 5692 m.
2247 5639 2276 5693 S.
2297 5671 2330 5680 -
2351 5641 2440 5694 ¹⁰om.
2461 5640 2495 5695 C.
2515 5672 2548 5680 -

1072 5730 1092 5760 ¹¹
1114 5726 1201 5781 tertio
1221 5725 1301 5780 SPC.
1322 5757 1356 5766 -
1378 5726 1399 5757 ¹¹
1421 5733 1471 5780 aut
1490 5723 1523 5779 C.
1543 5756 1576 5764 -
1599 5726 1619 5757 ¹³
1641 5734 1775 5779 avertere
1797 5725 1864 5791 SP;
1883 5733 2017 5780 avertant
2039 5724 2071 5780 C.
2092 5758 2125 5766 -
2150 5728 2170 5759 ¹¹
2192 5744 2210 5780 a
2230 5725 2263 5781 C.
2283 5759 2317 5767 —
2340 5729 2362 5761 ¹¹
2382 5744 2438 5782 om.
2459 5727 2492 5783 C.
2514 5759 2548 5769 —

1072 5816 1160 5871 ¹¹om.
1180 5814 1213 5869 C.

1158 5992 1197 6061 (l)
1218 5989 1278 6046 Cir.
1297 6008 1326 6062 p.
1345 5992 1406 6058 275,
1425 6008 1452 6045 n.
1472 5993 1521 6056 (2)·
1535 6020 1569 6029 -
1589 5993 1627 6061 (2)
1647 5990 1675 6045 ΙΙ
1693 5988 1818 6056 Tim.11,
1837 5992 1881 6045 23.
1901 5990 1962 6046 Cir.
1975 6008 2003 6062 p.
2016 5993 2078 6058 275,
2092 6009 2120 6046 n.
2133 5994 2182 6060 (4).
2204 6023 2237 6031 -
2251 5994 2291 6060 (3)
2312 5991 2340 6046 11
2363 5992 2437 6048 Tim.
2457 5992 2507 6061 lV,
2522 5995 2548 6048 4.

1068 6079 1131 6135 Cfr.
1150 6098 1179 6152 p.
1197 6081 1259 6143 275,
1277 6094 1305 6133 n.
1325 6080 1374 6147 (5).
