6700 7992
1188 1381 1365 1454 ‘rennuit
1394 1396 1694 1469 Quoomssruu,
1722 1394 1759 1470 Q.
1788 1387 1828 1454 lv
2196 1389 2244 1455 ul

770 1582 978 1651 coniunctae
1006 1602 1080 1646 non
1108 1591 1160 1647 est
1184 1579 1251 1645 alia
1279 1591 1313 1645 et
1339 1579 1405 1644 alia
1434 1579 1596 1659 essentia,
1621 1601 1707 1669 ergo
1739 1601 1806 1647 nec
1831 1579 1924 1647 aliud
1952 1602 2041 1659 esse,
2066 1582 2129 1649 sed
2154 1580 2244 1649 idum

770 1710 823 1767 est
846 1720 925 1766 esse
960 1698 1066 1763 totius
1098 1708 1132 1763 et
1166 1696 1313 1783 partium
1347 1695 1382 1761 in
1414 1706 1497 1761 toto.
1534 1695 1629 1785 Ergo
1660 1718 1740 1763 cum
1776 1696 1892 1764 anima
1923 1710 2083 1786 separatu
2118 1700 2247 1767 lrubcut

770 1817 918 1883 eandem
954 1813 1142 1881 essentiam
1181 1834 1284 1897 quam
1320 1812 1443 1877 habuit
1477 1812 1677 1893 coniuncta,
1713 1813 1855 1880 habebit
1894 1815 1995 1881 etiam
2028 1814 2119 1883 idem
2155 1838 2245 1885 essu.

770 1934 843 2001 Sed
867 1932 950 1997 illud
974 1942 1047 1997 erat
1071 1950 1149 1996 esse
1175 1928 1281 1994 totius
1306 1928 1500 2015 compositi.
1527 1931 1645 2011 Quare
1670 1942 1705 1996 et
1729 1940 1853 1996 cetera.

860 2048 1000 2115 Contra.
1041 2046 1148 2130 Quod
1187 2045 1353 2111 convenit
1384 2044 1486 2111 alicui
1525 2045 1587 2110 toti
1627 2067 1688 2130 per
1720 2068 1758 2112 se
1800 2068 1872 2112 non
1912 2058 2028 2134 potest
2059 2048 2246 2116 convenire

772 2164 873 2233 alicui
897 2163 995 2252 parti.
1021 2163 1094 2230 Sed
1125 2183 1203 2228 esse
1228 2182 1291 2248 per
1325 2183 1364 2226 se
1399 2161 1565 2226 convenit
1600 2162 1795 2248 supposito,
1827 2163 1916 2230 sicut
1946 2176 1979 2231 et
2010 2187 2125 2253 agere.
2159 2166 2246 2233 Esse

771 2302 856 2371 ergo
880 2281 976 2366 quod
999 2278 1164 2345 convenit
1188 2278 1249 2343 toti
1274 2276 1406 2342 homini
1430 2278 1484 2342 vel
1510 2278 1605 2362 quod
1631 2289 1684 2343 est
1717 2279 1823 2346 totius
1850 2279 2002 2347 hominis
2027 2303 2088 2369 per
2111 2304 2149 2347 sc
2174 2304 2246 2349 nou

772 2408 887 2486 potest
911 2417 988 2462 esse
1013 2394 1121 2461 solius
1146 2393 1393 2478 animaequae
1418 2406 1471 2459 est
1504 2414 1584 2478 pars
1615 2394 1719 2460 huius
1751 2394 1866 2462 totius
1901 2396 2020 2482 Quare
2053 2409 2086 2465 et
2121 2410 2245 2466 cetera.

860 2512 1058 2579 Dicendum
1089 2511 1194 2596 quod,
1227 2521 1331 2595 prout
1363 2509 1488 2574 dicitur
1519 2511 1562 2575 ab
1599 2510 1783 2596 aliquibus
1815 2513 1926 2579 forma
1962 2536 2032 2580 nun
2073 2526 2125 2581 est
2164 2514 2246 2582 illud

772 2651 851 2698 esse
882 2629 926 2696 de
958 2650 1028 2713 quo
1060 2627 1242 2712 loquimur,
1274 2627 1338 2692 sed
1377 2637 1493 2691 tamen
1529 2647 1568 2691 se
1605 2637 1700 2693 tenet
1735 2627 1848 2717 magis
1883 2650 1962 2696 cum
1996 2631 2107 2697 forma
2143 2652 2246 2717 (priam

720 2731 723 2736 ⁵
772 2768 851 2814 cum
868 2744 943 2811 aliis
960 2754 995 2811 et
1011 2742 1235 2830 principalius
1255 2741 1330 2807 tluit
1354 2743 1398 2807 ab
1424 2763 1465 2807 ea
1489 2764 1593 2827 quam
1618 2745 1662 2807 ab
1688 2744 1783 2825 aliis;
1809 2756 1843 2811 et
1866 2744 1946 2812 ideo
1971 2745 2061 2813 idem
2082 2745 2246 2815 iudicium

773 2864 878 2929 debet
908 2881 988 2928 esse
1019 2861 1063 2927 de
1095 2858 1293 2943 essequod
1328 2858 1372 2923 de
1405 2858 1527 2923 forma.
1552 2859 1642 2925 Nam
1666 2860 1695 2925 si
1731 2860 1961 2929 introducitur
1991 2863 2111 2945 formu,
2144 2862 2247 2929 intro·

773 2979 911 3045 ducitur
934 2997 1033 3057 esse;
1059 2988 1093 3042 et
1116 2976 1146 3041 si
1174 2974 1404 3060 corrumpitur
1427 2975 1550 3055 forma,
1575 2976 1805 3062 corrumpitur
1832 2999 1933 3060 esse;
1958 2989 1993 3045 et
2015 2978 2045 3045 si
2068 2991 2248 3067 separatur

773 3097 895 3176 forma,
919 3104 1100 3179 separatur
1126 3104 1159 3158 ct
1183 3112 1272 3158 esse.
1298 3091 1371 3158 Sed
1396 3103 1448 3157 est
1472 3091 1587 3176 aliqua
1621 3093 1734 3158 forma
1758 3117 1827 3159 una
1854 3105 1987 3162 tantum
2022 3095 2056 3161 in
2092 3096 2249 3183 quolibet

774 3233 876 3297 quam
900 3208 1135 3297 principaliter
1159 3207 1385 3293 consequitur
1409 3229 1488 3273 esse
1513 3208 1708 3294 compositi.
1733 3210 1777 3275 Et
1802 3209 1882 3277 ideo
1906 3211 2007 3279 etiam
2037 3234 2107 3278 non
2132 3222 2248 3299 potest

774 3349 852 3394 esse
883 3326 950 3392 nisi
973 3347 1080 3391 unum
1117 3344 1196 3390 esse
1232 3323 1267 3388 in
1299 3323 1415 3407 aliquo
1440 3324 1656 3409 composito;
1694 3337 1727 3391 et
1763 3324 1842 3393 ideo
1867 3326 1969 3394 etiam
1997 3327 2054 3394 illa
2085 3339 2248 3416 corrupta

773 3445 828 3510 vel
860 3453 1020 3529 separata
1050 3440 1280 3527 corrumpitur
1311 3441 1365 3506 vel
1394 3452 1576 3527 separatur
1607 3452 1718 3508 totum
1750 3464 1829 3509 esse
1863 3443 1953 3510 illius
1985 3443 2180 3533 compositi.
2206 3444 2248 3511 lit

775 3560 825 3626 sic
856 3558 980 3626 dicitur
1015 3558 1049 3623 in
1088 3556 1270 3643 proposito
1307 3558 1351 3623 de
1385 3557 1500 3622 anima
1536 3569 1570 3624 et
1608 3557 1849 3625 universaliter
1883 3560 1928 3627 de
1959 3560 2121 3628 omnibus
2152 3561 2246 3647 quod

775 3677 885 3743 forma
900 3674 1065 3761 specifica
1081 3685 1244 3758 separata
1259 3684 1293 3739 et
1310 3694 1371 3740 cor
1391 3676 1395 3758 l
1417 3684 1528 3759 rupta,
1542 3686 1725 3760 separatur
1740 3686 1773 3742 et
1790 3675 2020 3764 corrumpitur
2034 3687 2143 3745 totum
2157 3700 2246 3745 csso.
2271 3652 2438 3783 [οἷωὲῠνν.

863 3790 998 3858 Dicitur
1035 3802 1150 3857 autem
1182 3792 1251 3856 hoc
1294 3789 1345 3856 sic
1386 3790 1481 3875 quod
1513 3790 1603 3857 sicut
1635 3804 1688 3857 est
1719 3813 1790 3857 una
1824 3791 1998 3877 quantitas
2034 3793 2068 3859 in
2107 3793 2248 3861 materia

774 3930 837 3997 per
878 3929 981 3994 quam
1012 3906 1129 3973 omnia
1160 3917 1241 3972 sunt
1274 3917 1428 3988 extensa,
1464 3906 1511 3972 ita
1544 3905 1580 3972 in
1615 3907 1769 3992 qualibet
1803 3928 1840 3974 re
1875 3919 1928 3976 est
1962 3930 2069 3976 unum
2105 3931 2184 3977 esse
2215 3920 2249 3977 ct

774 4047 883 4092 unum
907 4022 1053 4091 existere
1080 4044 1143 4110 per
1166 4022 1279 4108 quae¹
1303 4032 1338 4089 et
1361 4022 1438 4108 ipsa
1461 4044 1517 4089 res
1542 4034 1576 4090 et
1604 4022 1722 4090 omnia
1742 4046 1833 4109 quae
1857 4024 1996 4091 suntin
2022 4047 2064 4093 ea
2087 4025 2249 4094 dicuntur

776 4162 855 4209 esse
885 4152 919 4208 et
942 4140 1099 4207 existere.
1135 4139 1179 4205 Et
1213 4139 1304 4206 sicut
1339 4139 1436 4207 aliter
1468 4139 1664 4206 extenditur
1695 4139 1838 4207 materia
1869 4162 1932 4228 per
1958 4140 2182 4227 quantitatum
2215 4152 2250 4209 ut

776 4258 872 4326 aliter
895 4256 1089 4325 accidentia
1112 4256 1189 4337 alia,
1221 4255 1302 4342 quia
1333 4254 1476 4323 materia
1500 4256 1697 4323 extenditur
1727 4278 1789 4344 per
1823 4257 2047 4343 quantitatem
2078 4257 2159 4344 quia
2183 4256 2248 4346 ipsi

776 4373 956 4462 quantitati
980 4385 1014 4441 et
1040 4372 1236 4440 extensioni
1262 4373 1442 4454 subicitur,
1470 4372 1537 4438 alia
1565 4394 1648 4440 vero
1678 4373 1874 4441 accidentia
1900 4385 1982 4442 sunt
2009 4384 2152 4442 extensu
2177 4395 2247 4441 non

776 4490 857 4578 quia
879 4490 1094 4558 subiciantur
1116 4488 1314 4557 extensioni
1349 4490 1413 4555 sed
1449 4489 1530 4575 quia
1553 4489 1767 4576 recipiuntur
1794 4489 1829 4557 in
1864 4513 1901 4559 re
1933 4501 2096 4569 extensa;
2134 4528 2171 4541 -
2198 4489 2249 4556 sic

777 4605 970 4674 substantia
997 4606 1110 4675 existit
1133 4605 1215 4693 quia
1239 4606 1275 4671 in
1303 4627 1346 4672 ea
1372 4605 1537 4692 recipitur
1570 4606 1719 4673 existere
1751 4616 1785 4673 et
1818 4605 1848 4674 ei
1873 4606 2038 4694 competit
2069 4606 2163 4693 quod
2188 4628 2249 4695 per

776 4745 815 4791 se
846 4725 972 4791 habeat
1005 4724 1073 4791 tale
1098 4723 1256 4805 existere,
1292 4734 1409 4790 cetera
1443 4744 1528 4788 vero
1563 4722 1599 4789 in
1628 4733 1761 4789 tantum
1785 4722 1936 4791 existunt
1960 4722 2181 4811 inquantum
2214 4721 2247 4789 iu

777 4840 946 4908 existente
968 4839 1190 4927 recipiuntur.
1216 4841 1306 4907 Sunt
1333 4839 1437 4906 etiam
1465 4839 1500 4904 in
1526 4841 1650 4907 eadem
1682 4861 1719 4907 re
1750 4839 1856 4906 multa
1892 4850 2035 4907 extensa
2068 4837 2248 4927 participu-

777 4956 870 5026 tione
894 4956 996 5023 unius
1021 4956 1233 5043 quantitatis
1258 4978 1348 5042 quae
1373 4955 1604 5024 essentialiter
1627 4966 1681 5024 est
1705 4954 1862 5024 extensio
1886 4956 2068 5043 (quaedam,
2095 4966 2131 5023 ut
2155 4965 2249 5043 putet

768 5074 813 5141 'in
846 5096 951 5162 pomo
987 5084 1047 5140 aut
1081 5072 1148 5140 alio
1184 5094 1409 5159 quocumque
1445 5084 1621 5154 extenso;
1656 5082 1690 5140 et
1726 5084 1841 5139 tamen
1877 5094 1947 5140 nou
1984 5083 2036 5141 cst
2075 5070 2138 5139 uisi
2179 5092 2249 5139 unu

777 5190 943 5258 extensio.
967 5191 1016 5257 Ita
1040 5190 1142 5257 etiam
1167 5188 1202 5256 in
1233 5212 1304 5256 una
1328 5200 1362 5257 et
1386 5191 1509 5257 eadem
1533 5212 1570 5257 re
1594 5201 1676 5255 sunt
1699 5189 1827 5257 multae
1852 5188 2024 5257 essentiae
2049 5199 2082 5256 ct
2107 5188 2248 5269 furuum,

778 5306 850 5374 sive
873 5306 1076 5374 essentiales
1100 5307 1174 5373 sive
1202 5307 1448 5374 accidentales.
1473 5306 1535 5372 Est
1559 5318 1675 5374 tamen
1700 5305 1853 5373 omnium
1880 5328 1985 5374 untuu
2011 5327 2072 5395 pur
2095 5330 2143 5386 uc,
2168 5304 2248 5393 quia

777 5433 811 5490 et
832 5424 921 5490 haec
955 5422 1071 5490 omnia
1094 5425 1225 5490 habent
1256 5444 1366 5489 unum
1401 5444 1480 5490 esse
1504 5422 1705 5509 simpliciter
1731 5446 1791 5510 pur
1827 5420 2123 5510 participatumutu
2149 5420 2246 5509 primi

777 5539 851 5607 'sive
884 5538 1086 5628 principalis
1121 5561 1200 5607 esse
1235 5541 1331 5625 quod
1366 5552 1484 5607 tamen
1520 5551 1573 5606 est
1604 5561 1711 5606 unum
1748 5539 1782 5605 in
1816 5561 2040 5627 unoquoquo,
2066 5560 2126 5627 pur
2153 5536 2246 5625 quud

778 5655 917 5744 quidem
941 5678 1019 5724 esse
1043 5655 1156 5723 existit
1180 5657 1360 5724 actualiter
1383 5656 1537 5724 essentia
1561 5654 1609 5723 rei
1634 5654 1871 5723 substantialis
1896 5654 1976 5743 (quin
2000 5665 2052 5722 cst
2076 5653 2247 5741 recipiens

778 5784 814 5842 et
834 5772 1045 5862 participans
1067 5773 1182 5860 ipsum
1210 5794 1300 5840 esse.
1335 5773 1438 5840 Aliae
1473 5784 1588 5839 autem
1625 5770 1798 5841 essentiae
1829 5770 2062 5839 accidentales
2098 5768 2247 5837 existunt

867 6032 976 6103 ¹quam
993 6030 1029 6087 V.
