6700 7992
1194 1405 1410 1461 SECUNDUM
1437 1404 1736 1475 QUODLIBETUM,
1765 1404 1801 1475 Q.
1829 1406 1883 1459 Vll
2224 1409 2267 1460 121

794 1610 907 1677 genus
935 1610 1040 1654 unam
1068 1587 1271 1675 significans
1298 1588 1445 1652 formam
1474 1584 1665 1671 praedicari
1694 1596 1815 1671 posset
1843 1607 1905 1671 per
1932 1606 1970 1651 se
1998 1585 2042 1652 de
2070 1585 2212 1653 homine
2237 1586 2276 1652 in¹

795 1726 866 1792 quo
889 1715 970 1771 sunt
993 1705 1092 1791 plura
1115 1713 1153 1769 ut
1176 1703 1306 1769 dictum
1331 1714 1393 1768 est.
1412 1702 1450 1769 Si
1466 1713 1581 1768 autem
1598 1701 1793 1767 substantia
1817 1713 2018 1787 comparata
2035 1702 2079 1767 ad
2095 1702 2271 1769 hominem

794 1820 1004 1909 intelligatur
1035 1820 1221 1907 importare
1256 1830 1363 1885 totam
1395 1817 1650 1904 quidditatem¹
1680 1816 1831 1883 hominis
1863 1819 1928 1884 suh
1960 1817 2093 1885 ratione
2124 1818 2271 1886 indeter-

794 1935 923 2018 minati,
947 1947 1031 2003 tunc
1055 1935 1265 2025 significabit
1288 1937 1388 2021 plura
1412 1934 1501 2001 sicut
1524 1936 1640 2000 homo.
1659 1935 1749 2000 Cum
1774 1934 1876 2000 etiam
1900 1955 2015 2023 genus
2039 1956 2110 2001 non
2135 1934 2272 2021 possit²

794 2051 910 2121 dicere
934 2053 1035 2119 aliam
1059 2054 1205 2119 formam
1230 2074 1250 2117 a
1274 2051 1462 2138 speciebus
1489 2052 1542 2117 vel
1572 2051 1786 2132 differentiis
1814 2062 1848 2117 et
1876 2052 2050 2136 quaelihet
2078 2051 2270 2119 differentia

794 2192 874 2238 cum
909 2191 1040 2259 genere
1076 2168 1255 2235 constituit
1291 2169 1437 2233 formam
1473 2166 1686 2253 specificam,
1726 2178 1864 2254 oportet
1900 2168 2089 2253 quamlibet
2123 2168 2269 2234 formam

793 2286 920 2353 realem
952 2285 1168 2352 substantiae
1201 2306 1281 2350 esse
1313 2283 1524 2370 specificam,
1557 2295 1591 2350 et
1622 2283 1714 2349 illam
1746 2284 2000 2351 consideratam
2037 2286 2102 2351 sub
2137 2283 2270 2353 ratione

793 2401 1047 2469 indeterminati
1079 2412 1113 2468 et
1141 2400 1359 2467 determinati
1390 2402 1519 2467 habere
1548 2400 1717 2467 rationem
1745 2400 1885 2489 generis
1914 2412 1947 2467 et
1975 2400 2191 2468 differentiae
2215 2401 2269 2465 vel

793 2517 932 2605 speciei.
951 2520 1004 2584 De
1017 2518 1151 2584 ratione
1165 2517 1255 2584 enim
1269 2517 1484 2583 differentiae
1502 2530 1555 2583 est
1568 2517 1662 2602 quod
1675 2539 1748 2581 non
1766 2529 1819 2583 est
1831 2517 1967 2583 realiter
1983 2517 2075 2583 aliud
2092 2539 2113 2583 a
2127 2539 2268 2606 genere,

794 2646 831 2701 ut
847 2646 940 2722 patet
956 2656 1019 2721 per
1035 2633 1286 2721 Philosophum
1301 2638 1347 2718 (l)
1366 2645 1399 2700 et
1416 2634 1736 2700 Commentatorem
1755 2636 1812 2718 (2),
1831 2633 1979 2720 septimo
1997 2633 2267 2721 Metaphysicae,

792 2761 828 2818 et
843 2750 938 2838 prius
953 2751 1083 2817 dictum
1109 2763 1170 2816 est.
1195 2752 1238 2817 Et
1262 2750 1313 2817 sic
1339 2750 1454 2816 anima
1477 2772 1549 2815 non
1574 2761 1690 2836 potest
1714 2752 1843 2816 habere
1867 2750 2035 2816 rationem
2053 2750 2268 2817 differentiae

792 2879 954 2954 respectu
978 2866 1205 2933 huiusmodi³
1228 2868 1360 2933 formae
1385 2866 1561 2946 naturalis,
1586 2888 1653 2932 nec
1678 2866 1753 2952 ipsa
1777 2868 1887 2932 forma
1911 2866 2076 2932 naturalis
2100 2866 2267 2933 rationem

791 2982 940 3072 generis,
976 2985 1040 3050 sed
1076 2983 1252 3068 quaelibet
1286 3004 1351 3048 suo
1387 2984 1493 3049 modo
1529 2983 1723 3049 secundum
1759 2983 1925 3049 rationem
1962 2982 2178 3049 determinati
2214 2982 2267 3050 vel

793 3099 1052 3166 determinantis
1080 3111 1113 3165 et
1137 3099 1392 3165 indeterminati
1416 3099 1559 3165 habebit
1582 3098 1752 3165 rationem
1776 3099 1916 3187 generis
1941 3111 1974 3165 et
1998 3098 2212 3167 differentiae
2234 3110 2268 3165 et

793 3216 844 3283 sic
867 3216 1079 3283 constituent
1102 3217 1200 3303 plura
1225 3215 1317 3281 entia
1342 3215 1518 3302 specifica.

880 3332 969 3399 Cum
993 3332 1095 3398 etiarn
1120 3354 1249 3418 corpus
1273 3332 1425 3398 hominis
1449 3354 1595 3398 manens
1620 3344 1700 3418 post
1725 3331 1861 3398 animae
1885 3331 2151 3419 separationem,
2169 3343 2266 3398 natu·

792 3448 906 3515 raliter
934 3448 1128 3515 secundum
1153 3449 1299 3534 aliquoS,
1323 3449 1378 3515 vel
1403 3449 1516 3514 solum
1540 3448 1664 3514 virtute
1690 3448 1806 3514 divina
1831 3448 1864 3514 in
1890 3448 2039 3529 Christo,
2058 3448 2209 3515 existens
2231 3448 2265 3514 in

791 3575 870 3631 actu
887 3565 1082 3631 secundum
1099 3565 1248 3651 aliquam
1266 3566 1412 3631 formam
1427 3565 1518 3631 sitin
1536 3578 1614 3631 actu
1629 3566 1824 3631 secundum
1841 3566 1986 3631 formam
2004 3564 2264 3632 substantialem

791 3681 1000 3768 specificam,
1017 3681 1098 3747 licet
1115 3681 1352 3767 imperfectam
1377 3694 1539 3767 respectu
1557 3683 1688 3747 formae
1714 3682 1900 3767 specificae
1924 3681 2037 3748 dantis
2054 3681 2167 3763 vitam,
2186 3682 2267 3768 quia

790 3796 873 3863 nihil
898 3807 950 3864 est
967 3797 1002 3862 in
1018 3819 1148 3886 genere
1173 3798 1254 3883 quin
1280 3798 1324 3863 sit
1348 3798 1382 3863 in
1407 3798 1522 3883 aliqua
1539 3810 1654 3863 atoma
1671 3797 1790 3884 specie
1803 3801 1824 3878 ⁴,
1840 3819 1926 3885 ergo
1950 3799 2057 3863 homo
2081 3798 2162 3863 dum
2185 3796 2266 3864 vivit

790 3924 842 3980 est
859 3914 974 4000 plures
991 3913 1150 4000 species3
1169 3925 1202 3980 et
1219 3926 1313 3980 esset
1329 3936 1435 3979 unum
1462 3917 1567 3979 homo
1591 3914 1681 3980 sicut
1700 3913 1828 4000 aliquid
1850 3913 2073 3980 constitutum
2092 3936 2132 3981 ex
2150 3912 2266 4000 lapide

789 4029 904 4115 aliquo
932 4041 966 4096 et
994 4031 1122 4116 planta,
1151 4030 1372 4097 manentibus
1405 4032 1577 4095 ambobus
1605 4030 1640 4095 in
1672 4031 1744 4095 suis
1772 4029 2036 4096 actualitatihus.
2065 4030 2144 4096 Non
2173 4029 2263 4096 enim

789 4157 904 4232 potest
933 4146 1000 4212 dici
1027 4146 1123 4230 quod
1150 4148 1193 4211 ab
1222 4146 1296 4211 istis
1324 4148 1463 4211 duabus
1491 4146 1611 4212 formis
1639 4158 1795 4245 sumatur
1821 4145 1907 4211 ratio
1936 4168 2005 4212 una
2031 4145 2171 4231 generis
2199 4148 2264 4211 suh

788 4261 921 4328 ratione
938 4261 1203 4342 indeterminati,
1221 4274 1255 4327 et
1272 4284 1341 4327 una
1358 4263 1444 4327 ratio
1462 4263 1678 4328 differentiae
1695 4264 1761 4327 sub
1779 4261 1911 4328 ratione
1929 4261 2153 4328 determinati.
2173 4261 2265 4347 Quia

789 4377 868 4445 licet
897 4390 1059 4465 respectu
1085 4378 1299 4444 diversorum
1329 4401 1474 4464 quorum
1505 4379 1685 4463 quodlibet
1716 4390 1768 4445 est
1798 4379 1972 4464 quoddam
2003 4401 2108 4444 unum
2138 4401 2199 4465 per
2226 4401 2264 4445 se

788 4494 921 4561 ratione
937 4494 1084 4560 alicuius
1101 4494 1369 4561 convenientiae
1386 4506 1420 4561 et
1435 4495 1659 4576 habitudinis
1676 4506 1838 4581 respectu
1856 4494 1989 4560 illorum
2008 4494 2118 4581 possit
2130 4492 2262 4581 aliquid

789 4632 894 4676 unum
911 4611 1104 4677 secundum
1123 4611 1292 4677 rationem
1310 4612 1366 4677 et⁵
1382 4623 1592 4698 conceptum
1611 4613 1740 4677 habere
1757 4611 1925 4677 rationem
1942 4610 2082 4697 generis
2102 4611 2153 4677 sic
2169 4612 2263 4697 quod

787 4726 831 4792 sit
854 4726 1033 4813 quodlibet
1057 4727 1191 4792 illorum
1217 4730 1411 4793 secundum
1436 4727 1630 4794 rationem⁵
1653 4726 1917 4808 indeterminati,
1935 4739 1969 4793 ct
1993 4726 2171 4813 quodlibet
2191 4726 2262 4793 illo·

787 4864 862 4909 rum
878 4853 931 4909 est
947 4843 1124 4928 quoddam
1139 4866 1246 4908 unum
1259 4845 1453 4910 secundum
1468 4844 1637 4910 rationem
1654 4842 1882 4923 determinati,
1896 4855 2011 4909 tamen
2025 4843 2115 4909 sicut
2128 4844 2262 4909 hahens

787 4959 904 5045 plures
920 4959 1049 5025 formas
1072 4980 1145 5024 non
1170 4974 1285 5045 potest
1309 4982 1388 5025 esse
1406 4983 1512 5025 unum
1537 4959 1737 5046 simpliciter
1753 4959 1826 5025 sive
1844 4981 1912 5024 una
1928 4959 2074 5046 speeies,
2092 4958 2138 5025 ita
2160 4958 2260 5025 etiam

787 5074 949 5140 atalibus
967 5075 1123 5161 pluribus
1143 5099 1214 5141 non
1232 5089 1348 5161 potest
1365 5077 1452 5140 sumi
1478 5076 1618 5162 aliquod
1638 5098 1742 5141 unum
1761 5077 1953 5142 secumlurn
1973 5098 2074 5140 uuam
2095 5075 2260 5141 rationem

787 5201 821 5257 et
837 5203 1045 5277 conceptum
1063 5193 1197 5257 hahens
1214 5193 1381 5258 rationem
1399 5193 1538 5280 generis
1555 5205 1588 5258 et
1605 5206 1731 5259 cetera.

875 5307 964 5374 Cum
992 5307 1094 5374 etiam
1122 5310 1167 5374 de
1195 5308 1328 5375 ratione
1359 5310 1501 5398 generis
1529 5309 1572 5376 sit
1604 5332 1665 5395 per
1689 5334 1727 5375 se
1752 5310 1880 5374 hahere
1909 5309 2025 5394 plures
2050 5307 2260 5374 differentias

786 5433 820 5490 et
846 5423 993 5510 species
1017 5424 1046 5489 si
1071 5424 1129 5491 tali
1153 5425 1283 5511 speciei
1308 5426 1524 5512 compositae
1549 5448 1589 5492 ex
1615 5426 1770 5513 pluribus
1797 5424 1912 5490 tonnis
1938 5424 2125 5511 respondet
2146 5446 2259 5511 genus

877 5711 988 5763 ¹t0tam
1002 5710 1206 5781 quidelitatem!
1222 5711 1415 5783 quidditatem
1430 5720 1521 5765 totam
1537 5712 1566 5765 l'.
1625 5714 1742 5779 'glenus
1756 5728 1812 5765 turn
1827 5711 1929 5783 possit}
1945 5728 2001 5763 rura
2016 5709 2108 5781 possit
2122 5728 2214 5779 genos
2229 5710 2258 5765 l'.

785 5828 815 5837 -
832 5796 941 5852 ”huius
956 5799 990 5852 V.
1004 5831 1037 5838 —
1051 5803 1060 5830 ⁴
1074 5810 1174 5852 atoma
1187 5800 1298 5871 specie}
1313 5801 1413 5871 specie
1427 5810 1525 5854 atoma
1541 5800 1570 5855 l'.
1612 5832 1615 5839 ·
1633 5802 1683 5853 ''t-t
1746 5799 1896 5866 rationem}
1918 5816 1972 5852 orta
1989 5798 2017 5851 l'.

876 6033 916 6101 (lt
935 6030 997 6086 cfr.
1016 6050 1043 6109 p.
1065 6035 1124 6095 1u5,
1144 6037 1237 6086 n.·1÷.
1260 6065 1289 6071 -
1312 6044 1351 6097 νζ)
1372 6032 1432 6087 tto.
1453 6032 1532 6099 ibid„
1552 6049 1578 6086 n.
1599 6036 1646 6099 εἳ).
