6700 7992
1040 1446 1075 1499 20
1404 1443 1596 1499 MAGISTRI
1625 1443 1844 1499 GODEFRIDI
1873 1445 1925 1498 DE
1952 1444 2150 1500 FONTlBUS

1039 1623 1107 1690 alio
1135 1622 1334 1690 distinctum
1363 1635 1399 1690 et
1424 1633 1645 1709 separatum;
1670 1625 1734 1690 sed
1761 1623 2018 1689 similitudinem
2047 1645 2145 1720 suam
2170 1626 2214 1689 ad
2242 1646 2345 1709 quam
2371 1647 2513 1710 passum

1039 1749 1093 1806 est
1108 1738 1144 1805 in
1168 1738 1324 1826 potentia
1349 1739 1466 1806 eduxit
1490 1740 1533 1805 de
1561 1738 1718 1825 potentia
1743 1740 1787 1805 ad
1812 1750 1948 1806 actum:
1978 1761 2020 1804 ex
2043 1739 2169 1805 talibus
2194 1750 2308 1806 autem
2332 1741 2371 1806 fit
2394 1764 2513 1807 unum.

1126 1854 1221 1944 Ergo
1238 1875 1281 1920 ex
1297 1856 1365 1920 hoc
1382 1864 1478 1940 patet
1500 1856 1597 1939 quod
1620 1855 1816 1922 intellectus
1840 1854 2017 1941 possibilis
2040 1865 2203 1940 respectu
2227 1856 2394 1942 praedicti
2419 1878 2512 1923 com·

1037 1969 1142 2057 positi
1166 1991 1239 2036 non
1263 1981 1379 2057 potest
1401 1972 1531 2036 habere
1555 1971 1724 2037 rationem
1748 1970 1907 2058 principii
1932 1970 2044 2050 activi,
2069 1992 2148 2036 cum
2170 1981 2332 2058 respectu
2348 1971 2424 2037 eius
2439 1993 2513 2039 non

1038 2085 1150 2172 possit
1179 2087 1310 2152 habere
1341 2086 1510 2152 rationem
1543 2086 1704 2173 principii
1735 2087 1900 2152 formalis.
1932 2087 2043 2151 Maior
2075 2098 2127 2152 est
2158 2087 2277 2169 enim¹
2308 2087 2423 2153 unitas
2457 2089 2513 2154 vel

1037 2201 1200 2268 identitas
1228 2201 1317 2268 inter
1344 2202 1551 2288 principium
1580 2202 1730 2268 activum
1758 2202 1865 2267 fiendi
1892 2212 1927 2268 et
1953 2201 2161 2288 principium
2189 2203 2334 2269 formale
2360 2204 2512 2286 essendi,

1038 2339 1141 2402 quam
1158 2317 1248 2384 inter
1263 2317 1472 2403 principium
1488 2318 1639 2383 activum
1655 2330 1690 2384 et
1706 2318 1893 2404 passivum.
1911 2318 1999 2383 Nam
2024 2318 2105 2383 licet
2129 2319 2336 2404 principium
2361 2319 2511 2385 activum

1037 2443 1071 2498 et
1098 2433 1242 2499 formale
1270 2454 1341 2499 non
1369 2433 1525 2499 incidant
1552 2433 1586 2499 in
1615 2434 1706 2499 idem
1735 2456 1881 2500 numero
1912 2445 1945 2499 et
1972 2434 2141 2514 subiecto,
2170 2451 2251 2499 sunt
2279 2446 2394 2501 tamen
2419 2435 2511 2501 idem

1036 2550 1232 2616 secundum
1248 2548 1413 2634 speciem,
1430 2548 1465 2613 in
1483 2561 1650 2634 quantum
1667 2548 1874 2635 principium
1899 2551 2040 2615 formale
2064 2562 2117 2614 est
2141 2550 2328 2615 similitudo
2352 2550 2453 2616 activi
2478 2563 2512 2616 et

1037 2675 1089 2729 est
1113 2663 1148 2728 id
1173 2663 1270 2748 quo²
1293 2664 1442 2729 activum
1472 2665 1638 2729 assimilat
1662 2665 1728 2730 sibi
1752 2687 1904 2751 passum.
1930 2665 2026 2752 Ergo
2057 2686 2099 2730 ex
2122 2668 2191 2731 hoc
2221 2666 2364 2732 ulterius
2396 2678 2512 2753 potest

1036 2779 1198 2845 concludi
1214 2782 1309 2865 quod
1326 2780 1438 2868 magis
1459 2780 1572 2847 differt
1595 2781 1802 2867 principium
1828 2781 1976 2846 activum
2002 2804 2021 2845 a
2047 2781 2217 2867 principio
2241 2783 2382 2866 passivo
2407 2804 2510 2866 quam

1036 2894 1199 2960 differunt
1223 2905 1322 2961 actus
1346 2896 1400 2960 vel
1424 2897 1535 2961 forma
1559 2919 1579 2961 a
1603 2897 1745 2961 materia
1769 2898 1822 2961 vel
1847 2897 2016 2975 subiectO,
2039 2909 2072 2962 et
2089 2897 2243 2962 efficiens
2260 2919 2281 2962 a
2300 2898 2420 2962 torma.
2438 2896 2510 2964 Sed

1035 3010 1256 3077 manifestum
1281 3023 1334 3076 est
1359 3014 1454 3096 quod
1480 3012 1536 3078 illa
1564 3013 1727 3078 differunt
1755 3012 1890 3077 realiter
1914 3023 1958 3103 et
1976 3012 2213 3077 essentialiter.
2238 3013 2331 3098 Ergo
2357 3013 2511 3080 similiter

1035 3126 1099 3193 erit
1121 3126 1157 3191 in
1173 3128 1363 3213 proposito.

1124 3242 1316 3322 Praeterea,
1342 3243 1637 3326 quandocumque
1652 3241 1663 3275 ³
1680 3241 1849 3326 principia
1867 3241 2007 3306 essendi
2026 3242 2072 3305 rei
2090 3241 2191 3306 simul
2216 3253 2306 3319 sunt,
2325 3264 2379 3307 res
2403 3243 2510 3308 habet

1034 3377 1113 3423 esse
1130 3355 1330 3443 simpliciter
1353 3367 1388 3422 et
1411 3357 1446 3422 in
1470 3357 1563 3422 facto
1587 3378 1677 3422 esse.
1695 3357 1788 3443 Ergo
1814 3356 1977 3436 similiter,
1996 3358 2315 3441 quandocumque*
2340 3357 2510 3443 principia

1033 3471 1140 3538 fiendi
1157 3472 1206 3538 rei
1222 3484 1304 3538 sunt
1319 3473 1386 3538 sibi
1402 3471 1600 3557 praesentia
1616 3474 1668 3537 vel
1695 3472 1892 3548 coniuncta,
1917 3495 1973 3536 res
1998 3473 2139 3537 habebit
2164 3494 2243 3537 esse
2267 3495 2338 3537 non
2363 3473 2398 3538 in
2423 3496 2509 3559 pura

1032 3588 1189 3674 potentia
1212 3590 1275 3654 sed
1300 3589 1333 3653 in
1358 3599 1438 3654 actu
1462 3587 1630 3673 permixto
1656 3588 1841 3673 potentiae,
1868 3589 1963 3671 quod
1981 3600 2127 3652 estesse
2145 3588 2269 3652 infieri
2288 3589 2397 3653 autin
2414 3590 2507 3655 lacto

1033 3725 1130 3783 esse;
1148 3703 1238 3769 sicut
1254 3703 1424 3792 contingit
1444 3704 1479 3768 in
1504 3703 1677 3789 aliquibus
1701 3703 1759 3768 ubi
1784 3703 1883 3767 simul
1910 3717 1962 3768 est
1987 3703 2057 3769 lieri
2084 3716 2117 3768 et
2142 3704 2271 3769 tactum
2297 3726 2385 3782 esse,
2412 3718 2448 3769 ut
2471 3704 2506 3769 in

1032 3811 1282 3884 illuminatione
1306 3818 1410 3885 medii
1434 3821 1488 3884 vel
1512 3819 1587 3885 aliis
1611 3819 1820 3884 huiusmodi.
1846 3819 1882 3884 Si
1908 3842 1993 3904 ergo
2025 3806 2219 3884 intellectus
2249 3819 2426 3904 possibilis
2457 3842 2507 3885 re·

1033 3947 1156 4021 spectu
1180 3946 1278 4001 actus
1302 3934 1518 4023 intelligendi
1546 3936 1673 4000 habeat
1700 3935 1869 4000 rationem
1895 3935 2053 4019 principii
2079 3934 2180 3999 activi
2205 3947 2239 3999 et
2263 3934 2402 4021 passivi,
2427 3957 2505 4001 cum

877 4062 942 4116 cod.
955 4063 981 4115 V
1033 4052 1227 4116 secundum
1245 4053 1313 4116 hoc
1330 4051 1538 4136 principium
1568 4052 1572 4134 l
1602 4049 1753 4115 activum
1772 4062 1805 4114 et
1822 4050 1997 4134 passivum
2018 4050 2165 4114 maxime
2190 4050 2285 4115 sint⁵
2308 4050 2506 4131 coniuncta,

844 4132 1010 4189 mmm
1032 4187 1105 4231 non
1133 4167 1246 4232 solum
1274 4165 1337 4232 erit
1363 4176 1462 4232 actus
1490 4165 1705 4253 intelligendi
1735 4165 1768 4229 in
1798 4165 1870 4230 fieri
1896 4164 2085 4230 sedetiam
2112 4165 2174 4230 erit
2199 4187 2337 4251 semper
2361 4166 2505 4231 infacto

1032 4303 1122 4363 esse,
1140 4283 1235 4367 quod
1251 4293 1396 4367 apparet
1412 4281 1677 4348 inconveniens.
1699 4281 1736 4347 Si
1753 4281 1888 4346 dicatur
1904 4282 1999 4363 quod
2016 4281 2096 4345 licet
2112 4263 2308 4346 intellectus
2330 4280 2506 4366 possibilis

1032 4396 1076 4464 sit
1091 4397 1242 4464 activum
1260 4407 1293 4463 et
1309 4396 1498 4482 passivum,
1515 4398 1579 4462 sed
1596 4418 1668 4461 non
1686 4396 1812 4461 sufficit
1828 4398 1872 4460 ad
1890 4397 2067 4482 agendum
2085 4395 2150 4460 nisi
2167 4406 2351 4480 praesente
2366 4395 2505 4461 obiecto

1031 4513 1066 4579 in
1094 4515 1337 4599 phantasmate
1366 4533 1427 4597 per
1455 4512 1615 4578 virtutem
1639 4511 1835 4577 intellectus
1860 4511 1997 4598 agentis
2022 4514 2087 4575 sub
2112 4511 2247 4576 ratione
2271 4510 2505 4598 intelligibilis,

1031 4629 1219 4695 dicendum
1236 4629 1331 4712 quod
1349 4630 1418 4693 hoc
1435 4650 1507 4693 non
1524 4639 1577 4714 est
1594 4627 1685 4692 aliud
1702 4649 1806 4711 quam
1823 4627 1939 4693 dicere
1958 4628 2051 4710 quod
2077 4627 2250 4692 obiectum
2276 4628 2381 4691 habet
2405 4627 2506 4692 ratio·

1029 4766 1111 4812 nem
1135 4743 1294 4830 principii
1318 4743 1421 4809 activi
1445 4753 1606 4828 respectu
1630 4755 1729 4808 actus
1754 4742 1979 4831 intelligendi.
1999 4742 2037 4808 Si
2054 4742 2187 4806 dicatur
2204 4743 2299 4826 quod
2317 4764 2436 4807 verum
2453 4752 2506 4808 est

1029 4861 1125 4945 quod
1141 4858 1317 4926 obiectum
1334 4859 1451 4943 aliquo
1475 4860 1581 4924 modo
1604 4860 1711 4924 habet
1734 4858 1902 4923 rationem
1928 4857 2087 4943 principii
2112 4857 2224 4936 activi,
2250 4858 2312 4922 sed
2338 4872 2374 4922 ut
2399 4879 2505 4924 causa

1029 4975 1105 5041 sine
1129 4996 1199 5060 qua
1221 4995 1304 5055 non,
1329 4996 1402 5040 non
1425 4984 1540 5040 autem
1565 4985 1602 5038 ut
1627 4994 1734 5041 causa
1755 4995 1881 5059 perse,
1899 4995 1970 5038 non
1988 4975 2095 5050 valet3
2113 4973 2194 5057 quia
2210 4974 2504 5057 quandocumque

1029 5090 1145 5175 aliqua
1161 5091 1231 5156 duo
1248 5090 1299 5156 sic
1316 5112 1355 5156 se
1371 5091 1502 5155 habent
1526 5091 1570 5154 ad
1595 5089 1742 5154 invicem
1769 5090 1862 5173 quod
1888 5111 1949 5172 per
1974 5088 2076 5152 unius
2100 5089 2333 5173 praesentiam
2359 5091 2504 5154 alterum

1030 5217 1083 5274 est
1098 5206 1133 5271 in
1150 5218 1230 5272 actu
1247 5206 1363 5291 aliquo
1380 5205 1415 5270 in
1433 5228 1503 5290 quo
1520 5205 1616 5290 prius
1633 5227 1704 5269 non
1724 5217 1806 5283 erat,
1825 5215 1859 5269 et
1876 5205 2000 5269 eodem
2018 5205 2164 5269 absente
2182 5203 2264 5268 illud
2282 5203 2409 5269 desinit
2425 5225 2505 5270 esse

1029 5322 1064 5388 in
1088 5322 1147 5387 tali
1171 5334 1260 5401 actu,
1286 5332 1424 5386 constat
1448 5322 1541 5406 quod
1566 5320 1649 5385 illud
1674 5320 1774 5413 cuius
1799 5319 1996 5403 praesentia
2020 5321 2162 5385 alterum
2185 5319 2222 5382 fit
2238 5319 2273 5383 in
2291 5331 2381 5398 actu,
2399 5321 2505 5385 habet

1029 5437 1229 5524 simpliciter
1246 5447 1280 5501 et
1295 5457 1358 5521 per
1372 5457 1412 5502 se
1428 5435 1595 5501 rationem
1614 5434 1772 5520 principii
1798 5435 1899 5501 activi
1924 5448 1957 5500 et
1981 5436 2124 5500 alterum
2150 5434 2318 5499 rationem
2344 5434 2503 5520 principii

1028 5552 1168 5640 passivi.
1194 5552 1265 5619 Sed
1290 5550 1430 5618 obiecto
1454 5563 1638 5637 praesente
1663 5551 1850 5617 intellectui
1877 5552 1952 5636 ipse
1969 5551 2164 5615 intellectus
2179 5550 2216 5614 fit
2233 5551 2266 5613 in
2284 5561 2364 5635 actu
2381 5549 2415 5614 in
2433 5571 2503 5635 quo

1028 5691 1099 5761 non
1117 5678 1190 5735 erat
1205 5667 1345 5734 obiecto
1362 5670 1517 5733 absente.
1535 5667 1629 5755 Ergo
1647 5679 1682 5731 et
1699 5679 1824 5732 cetera.

1118 5974 1124 6004 ¹
1139 5978 1184 6026 est
1197 5971 1284 6041 enim]
1299 5969 1376 6023 enim
1390 5977 1435 6023 est
1447 5968 1478 6023 P.
1492 6000 1525 6007 —
1541 5968 1551 5999 ²
1564 5966 1643 6038 quod
1658 5967 1688 6022 Ρ.
1702 5999 1735 6006 -
1749 5968 1760 5997 ³
1773 5965 1951 6038 quandoque
1965 5965 1995 6018 P.
2010 5997 2042 6004 -
2057 5969 2066 5996 ⁴
2080 5965 2199 6037 quando
2214 5965 2246 6017 V.
2260 5994 2294 6003 -
2309 5966 2319 5995 ⁶
2331 5964 2369 6018 sit
2382 5965 2412 6019 P.
