6700 7992
1189 1443 1365 1499 ranucii
1393 1442 1693 1514 Quonnoeron,
1721 1442 1757 1514 Q.
1786 1442 1828 1497 111
2201 1444 2250 1499 iss

770 1635 947 1712 quantam,
982 1635 1099 1691 tamen
1134 1624 1269 1690 ratione
1305 1645 1390 1689 suae
1425 1622 1651 1708 perfectionis
1687 1623 1720 1689 in
1752 1644 1882 1709 genere
1917 1625 2103 1690 formarum
2131 1624 2247 1710 aliquo

770 1742 876 1808 modo
912 1741 1149 1820 materialium,
1186 1751 1220 1805 et
1248 1741 1381 1805 ratione
1411 1761 1496 1805 suae
1525 1739 1769 1805 abstractionis
1798 1762 1867 1824 qua
1897 1739 2029 1806 scilicet
2061 1740 2095 1804 in
2127 1751 2249 1807 natura

770 1880 834 1925 sua
850 1868 903 1924 cst
918 1857 1002 1943 quid
1025 1867 1145 1922 natum
1170 1856 1317 1922 existere
1335 1856 1410 1921 sine
1435 1855 1578 1921 materia
1602 1855 1696 1920 dicto
1713 1856 1830 1935 modo,
1847 1855 1949 1921 etiam
1974 1855 2009 1920 in
2035 1856 2249 1942 perficiendo

769 1974 948 2041 materiam
984 1975 1178 2038 secundum
1208 1973 1358 2057 aliquam
1394 1971 1470 2037 eius
1505 1971 1696 2056 potentiam
1735 1971 1785 2036 sic
1821 1971 2018 2037 immutatur
2053 1973 2098 2037 ad
2134 1984 2248 2038 actum

769 2089 987 2178 intelligendi
1011 2090 1107 2174 quod
1136 2088 1274 2174 species
1298 2087 1523 2175 intelligibilis
1548 2109 1610 2174 per
1642 2109 1681 2153 se
1711 2110 1783 2154 non
1817 2087 1979 2173 recipitur
2013 2088 2078 2152 nisi
2112 2088 2146 2153 in
2171 2088 2249 2175 ipso

769 2207 957 2285 intellectu,
983 2216 1017 2270 et
1050 2226 1121 2270 non
1153 2205 1187 2269 in
1223 2204 1367 2272 materia
1390 2205 1457 2270 nisi
1493 2205 1637 2269 multum
1673 2225 1735 2289 per
1770 2203 1935 2269 accidens
1970 2205 2023 2269 vel
2061 2227 2103 2269 ex
2127 2226 2249 2269 conse·

769 2322 900 2407 quenti,
936 2322 971 2386 in
1010 2332 1178 2407 quantum
1220 2320 1354 2386 scilicet
1383 2320 1466 2385 illud
1495 2320 1529 2384 in
1564 2341 1633 2405 quo
1670 2319 1781 2405 primo
1817 2318 1980 2405 recipitur
2015 2332 2068 2385 est
2103 2319 2136 2385 in
2173 2320 2249 2406 ipsa

770 2437 924 2503 essentia
948 2437 1085 2502 animae
1110 2458 1200 2521 quae
1225 2447 1278 2501 est
1302 2437 1404 2501 etiam
1423 2436 1458 2500 in
1473 2435 1616 2501 materia
1639 2437 1693 2501 vel
1718 2435 1886 2520 perfectio
1904 2435 1979 2501 eius
2005 2458 2076 2501 non
2102 2437 2249 2502 totaliter

771 2557 1027 2641 comprehensa
1063 2553 1156 2619 dicto
1192 2553 1308 2618 modo.
1340 2552 1377 2618 Si
1413 2562 1528 2617 autem
1564 2552 1615 2617 sic
1644 2563 1738 2618 esset
1773 2555 2028 2638 comprehensa
2052 2575 2072 2617 a
2096 2553 2248 2632 materia,

770 2670 861 2736 sicut
885 2670 1005 2735 dicunt
1033 2680 1207 2754 ponentes
1244 2669 1407 2754 angelum
1444 2667 1677 2752 compositum
1712 2689 1754 2732 ex
1781 2668 1925 2734 materia
1952 2679 1987 2733 et
2017 2668 2136 2748 forma,
2166 2678 2249 2734 tunc

771 2785 856 2851 illud
885 2785 921 2851 in
956 2806 1027 2871 quo
1062 2785 1174 2870 primo
1210 2795 1244 2849 et
1278 2806 1341 2869 per
1376 2806 1414 2849 se
1449 2784 1660 2869 reciperetur
1695 2783 1832 2868 species
1863 2783 2123 2870 intelligibilis!
2155 2795 2249 2851 essct
2277 2749 2445 2878 soclf'gjbvssb

770 2901 1004 2986 compositum
1029 2922 1071 2965 ex
1096 2900 1205 2965 forma
1234 2912 1267 2966 et
1292 2900 1434 2964 materia
1457 2921 1548 2964 vera.

859 3017 949 3083 Cum
974 3017 1076 3082 etiam
1101 3037 1173 3080 non
1198 3017 1333 3081 videtur
1364 3037 1470 3101 posse
1495 3015 1579 3100 poni
1609 3016 1751 3081 materia
1779 3016 1919 3082 alterius
1948 3017 2090 3083 rationis
2115 3018 2251 3084 realiter

770 3133 805 3199 in
830 3133 915 3218 ipsis
940 3154 1044 3217 quam
1069 3144 1150 3197 sunt
1178 3132 1212 3196 in
1241 3132 1316 3196 aliis
1345 3136 1496 3205 (constat
1532 3144 1647 3197 autem
1686 3134 1781 3217 quod
1820 3132 1877 3198 illa
1916 3132 2098 3219 impediret
2134 3144 2249 3200 actum

771 3249 1001 3330 intellectus);
1042 3249 1117 3334 ipsa
1156 3249 1259 3313 etiam
1297 3269 1368 3312 non
1409 3259 1530 3332 posset
1568 3247 1767 3313 naturaliter
1806 3270 1885 3314 esse
1922 3249 1998 3315 sine
2037 3251 2249 3334 quantitate3

772 3365 849 3451 ipsa
884 3365 998 3444 etiam,
1031 3365 1058 3429 si
1093 3377 1185 3429 esset
1210 3366 1254 3430 de
1288 3363 1544 3449 compositione
1569 3364 1716 3444 animae,
1741 3386 1812 3429 non
1845 3376 1966 3450 posset
1998 3367 2126 3433 habere
2150 3367 2249 3432 ratio·

771 3503 852 3547 nem
876 3481 1101 3566 perfectionis
1125 3491 1287 3565 respectu
1320 3480 1485 3545 materiae
1509 3480 1665 3565 corporis·
1700 3481 1852 3561 humani,
1878 3521 1918 3529 -
1946 3481 2027 3548 ideo
2055 3484 2248 3549 secundum

771 3596 978 3682 Dionysium
995 3600 1052 3679 (1),
1078 3608 1200 3680 quarto
1226 3597 1270 3660 de
1294 3595 1430 3660 Divinis
1461 3596 1681 3678 Nominibus
1709 3596 1917 3662 dicendum:
1947 3610 2087 3684 propter
2111 3598 2248 3664 divinae

771 3712 935 3777 bonitatis
974 3711 1091 3777 radios
1128 3711 1323 3777 subsistunt
1362 3711 1613 3776 intellectuales
1651 3733 1774 3778 omnes
1799 3713 2014 3779 substantiae
2050 3737 2140 3798 quae
2168 3729 2249 3780 sunt

771 3828 1018 3914 incorporales
1045 3839 1079 3892 et
1109 3827 1351 3892 immateriales
1380 3848 1503 3892 omnes
1532 3827 1779 3912 intelliguntur.
1804 3829 1908 3895 Unde
1937 3829 2038 3895 etiam
2064 3830 2248 3897 Commen-

771 3954 860 4009 tator
876 3946 922 4026 (2)
947 3965 1018 4007 non
1043 3943 1166 4008 videns
1191 3943 1284 4007 aliud
1308 3965 1423 4029 genus
1448 3943 1611 4008 materiae
1636 3965 1726 4027 quae
1751 3943 1794 4009 sit
1817 3966 1898 4011 vere
1921 3945 2077 4031 potentia
2101 3947 2144 4011 atl
2170 3970 2248 4011 esse

773 4081 877 4144 quam
903 4059 1154 4145 generabilium
1182 4080 1272 4142 quae
1297 4069 1350 4123 est
1373 4059 1530 4143 potentia
1555 4059 1911 4141 contradictoriarum,
1937 4061 2068 4127 scilicet
2101 4063 2248 4127 adesse

773 4187 808 4241 et
844 4197 916 4241 non
956 4197 1045 4254 esse,
1083 4175 1206 4239 videns
1244 4185 1360 4239 tamen
1397 4175 1532 4240 caelum
1569 4197 1647 4241 esse
1686 4176 1719 4240 in
1755 4176 1912 4262 potentia
1947 4179 1991 4243 ud
2029 4189 2159 4243 motum
2195 4179 2248 4243 vel

772 4291 843 4367 ubi,
879 4291 963 4356 dixit
998 4291 1131 4357 caelum
1164 4312 1243 4355 rere
1273 4311 1343 4354 non
1373 4291 1503 4355 habere
1532 4291 1719 4373 materiam,
1753 4293 1817 4358 sed
1845 4295 1939 4377 quod
1978 4304 2030 4359 est
2054 4294 2247 4360 subiectum

771 4407 927 4492 simplex.
962 4406 1080 4490 Quare
1116 4407 1218 4471 etiam
1254 4406 1401 4471 τένιυη1
1438 4420 1491 4471 cst
1526 4409 1720 4472 secundum
1757 4408 1880 4493 ipsum,
1917 4410 2012 4495 (totid
2051 4409 2082 4474 in
2113 4411 2248 4495 angelis

770 4544 842 4588 non
880 4534 934 4588 est
969 4544 1050 4588 vere
1085 4523 1248 4600 materia3
1286 4533 1338 4587 est
1380 4535 1495 4587 tamen
1541 4522 1574 4587 in
1614 4523 1664 4588 eis
1704 4524 1771 4590 alia
1809 4525 1966 4610 potentia
2003 4548 2105 4610 quam
2145 4526 2246 4592 etiarn

770 4638 847 4726 ipse
884 4638 967 4704 dicit
995 4638 1112 4723 aliquo
1142 4639 1247 4702 modo
1280 4639 1468 4717 materiam,
1505 4640 1568 4704 sed
1603 4641 1748 4705 multum
1785 4640 1987 4727 aequivoce.
2028 4641 2154 4708 Verum
2195 4654 2248 4708 est

772 4776 856 4842 ergo
885 4756 980 4839 quod
1018 4755 1166 4841 angelus
1203 4767 1257 4820 cst
1294 4754 1328 4819 in
1359 4754 1516 4839 potentia
1555 4755 1599 4820 de
1637 4777 1675 4821 se
1711 4757 1756 4822 ad
1787 4756 1974 4844 praedicta,
2000 4768 2033 4823 ct
2063 4757 2246 4840 mutabilis,

865 5089 872 5119 ¹
886 5086 1008 5141 materia
1028 5088 1061 5141 Υ.

859 5295 900 5359 (1)
918 5291 1101 5362 [Pseudo-J
1124 5294 1306 5365 Dionysii
1326 5294 1371 5348 De
1389 5294 1503 5347 divinis
1522 5295 1694 5350 rrornim'bus
1713 5314 1738 5351 c.
1757 5300 1774 5352 t
1792 5297 1834 5368 (P.
1855 5298 1894 5366 L,
1915 5299 1972 5354 νυΙ.
1996 5302 2053 5366 122,
2073 5299 2128 5357 col.
2151 5303 2247 5365 lietu:

773 5379 863 5434 «Per
890 5397 965 5452 quos
993 5381 1094 5447 [totius
1114 5382 1255 5435 bonitatis
1283 5382 1392 5443 radiosi
1413 5382 1573 5437 subsistere
1596 5383 1759 5439 invisibiles
1788 5394 1817 5439 ct
1845 5385 2059 5442 intellectuales
2088 5406 2199 5455 artures,
2219 5397 2248 5445 et

771 5467 927 5534 essentiae,
945 5476 976 5521 et
995 5467 1126 5528 virtutes,
1144 5478 1174 5522 et
1202 5470 1392 5541 operationes
1420 5487 1473 5541 per
1501 5488 1554 5524 eos
1582 5482 1657 5538 sunt,
1678 5480 1707 5526 et
1737 5473 1823 5527 vitam
1848 5473 1956 5529 liabent
1977 5492 2032 5530 riou
2062 5474 2246 5532 ‹leliclrritrru

771 5564 802 5609 et
819 5571 879 5609 non
906 5555 1091 5619 minoratam,
1119 5556 1197 5610 omni
1229 5559 1418 5628 corruptione
1446 5565 1475 5611 et
1504 5568 1596 5613 morte
1625 5569 1653 5614 et
1684 5559 1804 5615 inateria
1834 5569 1862 5616 et
1885 5562 2075 5631 generatione
2105 5573 2247 5636 purgatae

771 5651 802 5696 et
821 5642 959 5697 instantia
987 5652 1016 5697 et
1044 5643 1122 5696 fluxu
1141 5654 1171 5698 et
1199 5645 1278 5698 aliud
1307 5645 1392 5698 aliter
1413 5644 1525 5700 serente
1554 5647 1749 5703 mutabilitate
1778 5666 1891 5704 sumum
1922 5649 2045 5722 paritur,
2065 5661 2092 5707 ct
2114 5651 2247 5726 incorpo-

770 5730 857 5795 rales,
876 5739 906 5785 et
924 5730 1131 5785 immateriales
1151 5732 1389 5803 intelliguntur.»
1408 5765 1440 5772 -
1462 5740 1501 5797 μὶ)
1523 5734 1697 5790 Arrerrois
1718 5737 1761 5790 Ile
1780 5737 1860 5791 eccela
1874 5738 1889 5793 l.
1906 5737 2161 5806 immortalitis
2177 5738 2226 5799 tto
2242 5758 2247 5794 :

774 5840 785 5867 ‹
799 5819 835 5872 Et
847 5836 883 5872 ex
896 5818 953 5872 hoc
966 5829 1090 5891 apparet
1109 5821 1184 5873 bene
1200 5821 1280 5892 quod
1299 5838 1408 5892 corpus
1428 5822 1555 5876 caeleste
1570 5839 1627 5877 non
1642 5832 1686 5878 est
1701 5825 1895 5898 conrposittuit
1917 5843 1951 5881 cx
1967 5826 2086 5883 materia
2101 5835 2129 5883 et
2146 5828 2247 5893 lotura.

771 5904 847 5960 sicut
859 5914 926 5960 sunt
939 5916 1076 5978 quattuor
1088 5924 1214 5980 corpora
1227 5907 1373 5980 simplicia
1386 5918 1416 5963 et
1430 5909 1510 5979 quod
1524 5918 1568 5964 est
1582 5909 1714 5985 simplex.
1726 5936 1737 5961 »
1751 5912 1811 5971 ca.
1823 5913 1847 5970 Α
1857 5931 1958 5968 verrii
1968 5933 1983 5967 r·
1993 5932 2019 5983 a,
2032 5914 2248 5994 lietopltrraieue

770 5992 789 6053 L
803 5992 882 6061 Vlll,
895 6010 921 6048 c.
934 5997 951 6047 6
965 5992 996 6053 «ί.
1012 5997 1062 6049 103
1078 5995 1129 6061 l'bi
1143 6004 1173 6048 et
1185 5995 1202 6049 l.
1217 5996 1252 6061 X,
1266 6013 1290 6049 c.
1304 5999 1321 6049 9
1334 5995 1366 6051 tt.
1384 5999 1433 6051 129
1447 5997 1509 6063 Vb),
