6700 7992
1316 2181 1968 2372 QUODLIBETUM
2029 2241 2435 2352 nennium

1727 2679 1969 2763 Quaesno
2006 2682 2018 2745 1

1791 2837 1950 2910 (Longa).

1212 3073 1355 3150 Utrum
1393 3077 1581 3147 creatura
1613 3073 1745 3172 possit
1780 3073 1865 3147 dici
1900 3099 1970 3148 ens
2008 3074 2163 3149 ratione
2199 3100 2298 3150 sune
2335 3075 2539 3168 essentiae,

1274 3232 1367 3281 cum
1395 3206 1486 3305 ipsa
1515 3212 1680 3281 estnon
1709 3232 1780 3281 ens
1809 3212 2007 3307 pitantiam
2035 3208 2090 3281 od
2118 3234 2200 3282 esse
2228 3208 2470 3284 existentiae.

1222 3552 1261 3617 ln
1299 3551 1535 3638 disputatione
1562 3563 1683 3618 nostra
1715 3553 1759 3618 de
1799 3551 1953 3637 quolibet
1991 3551 2083 3618 circa
2122 3563 2299 3618 creaturas
2338 3564 2473 3620 tantum
2512 3554 2612 3640 plura

1135 3669 1400 3752 quaerebantur.
1420 3668 1523 3734 Circa
1551 3690 1638 3753 quas
1662 3669 1919 3754 quaerebantur
1938 3668 2110 3752 quaedam
2135 3666 2350 3754 pertinentia
2367 3671 2411 3734 ad
2435 3680 2612 3735 creaturas

1132 3782 1169 3848 in
1194 3782 1349 3871 generali
1377 3793 1412 3849 et
1438 3785 1610 3869 quaedam
1637 3783 1846 3869 pertinentia
1871 3784 1915 3848 ad
1940 3794 2115 3849 creaturas
2141 3783 2176 3848 in
2204 3784 2357 3869 speciali.
2387 3785 2490 3851 Circa
2518 3805 2612 3851 crea-

1135 3909 1229 3964 turas
1265 3898 1300 3964 in
1334 3899 1490 3987 generali
1525 3900 1783 3985 quaerebantur
1819 3900 1889 3964 duo
1924 3898 2133 3985 pertinentia
2169 3901 2214 3964 ad
2243 3899 2338 3985 ipsas
2366 3910 2533 3985 quantum
2565 3900 2610 3965 ad

1134 4034 1214 4081 esse
1240 4025 1274 4081 et
1302 4014 1490 4082 essentiam
1524 4014 1677 4102 ipsarum
1714 4016 1759 4080 ad
1787 4014 1935 4081 invicem
1968 4025 2179 4100 comparata.
2209 4015 2361 4081 Primum
2398 4028 2471 4082 erat
2499 4025 2611 4081 utrum

1135 4141 1292 4196 creatura
1326 4130 1437 4217 possit
1474 4130 1542 4197 dici
1575 4152 1638 4196 ens
1675 4151 1795 4196 verum
1831 4142 1865 4196 et
1898 4131 1991 4196 reale
2018 4130 2152 4197 ratione
2184 4151 2270 4196 suae
2309 4130 2494 4211 essentiae,
2531 4151 2611 4197 cum

1134 4244 1211 4331 ipsa
1238 4256 1291 4312 est
1314 4246 1412 4312 n0n¹
1443 4268 1507 4314 ens
1535 4256 1703 4332 quantum
1735 4247 1780 4312 ad
1808 4267 1887 4312 esse
1916 4245 2130 4313 existentiae.
2164 4246 2367 4313 Secundum
2397 4257 2470 4313 erat
2497 4257 2612 4313 utrum

1133 4360 1169 4427 in
1194 4361 1371 4429 creatione
1397 4374 1575 4429 creaturae
1602 4361 1698 4449 prius
1723 4373 1858 4429 creetur
1881 4361 1958 4448 ipsa
1986 4362 2139 4428 essentia
2163 4384 2267 4448 quam
2293 4364 2406 4447 ipsum
2431 4384 2520 4429 esse.

1223 4477 1326 4545 Circa
1364 4478 1512 4564 primum
1551 4477 1602 4544 sic
1640 4478 1907 4565 procedebatur,
1948 4489 1982 4544 et
2030 4479 2281 4544 ostendebatur
2319 4478 2415 4563 quod
2454 4489 2612 4545 creatura

1133 4593 1245 4680 possit
1272 4594 1341 4661 dici
1376 4615 1454 4661 esse
1488 4594 1630 4680 aliquod
1667 4615 1731 4660 ens
1767 4615 1887 4660 verum
1921 4595 2013 4659 reale
2048 4594 2181 4659 ratione
2217 4615 2302 4660 suae
2336 4594 2510 4660 essentiae
2538 4593 2612 4661 sive

1133 4722 1301 4796 quantum
1330 4710 1375 4776 ad
1406 4731 1486 4777 esse
1518 4708 1703 4790 essentiae,
1736 4730 1815 4775 cum
1849 4709 1925 4795 ipsa
1963 4719 2016 4774 est
2043 4731 2115 4775 non
2150 4731 2214 4775 ens
2252 4721 2419 4795 quantum
2452 4709 2497 4774 ad
2533 4731 2612 4776 esse

1134 4826 1346 4907 existentiae,
1376 4826 1457 4912 quia
1483 4825 1603 4892 relatio
1632 4825 1734 4892 realis
1760 4827 1964 4891 nonhabet
1991 4847 2070 4892 esse
2110 4824 2176 4891 nisi
2208 4825 2242 4890 in
2272 4847 2315 4891 eo
2343 4826 2438 4911 quod
2467 4835 2519 4891 est
2547 4847 2611 4891 ens

1134 4956 1253 5009 verum
1286 4945 1389 5025 reale,
1418 4942 1499 5028 quia
1537 4941 1658 5008 relatio
1695 4941 1797 5008 realis
1829 4940 1971 5026 requirit
1997 4941 2263 5007 fundamentum
2290 4943 2393 5008 reale.
2429 4943 2502 5009 Sed
2532 4963 2611 5009 cum

1134 5060 1231 5127 Deus
1249 5081 1287 5126 se
1304 5061 1431 5125 habeat
1446 5068 1609 5145 respectu
1627 5069 1805 5124 creaturae
1822 5057 1858 5122 in
1882 5056 2016 5143 ratione
2044 5078 2173 5123 causae
2190 5057 2371 5124 efficientis
2395 5069 2429 5124 et
2446 5054 2610 5140 formalis,

1133 5190 1168 5242 et
1192 5175 1229 5241 in
1256 5175 1390 5242 ratione
1418 5196 1547 5241 causae
1575 5173 1757 5240 efficientis
1785 5175 1953 5239 sehabet
1980 5184 2142 5259 respectu
2174 5185 2354 5240 creaturae
2382 5173 2417 5240 in
2442 5184 2609 5260 quantum

1134 5302 1293 5359 creatura
1319 5293 1425 5357 habet
1457 5292 1501 5356 ab
1534 5289 1611 5377 ipso
1640 5311 1720 5356 esse
1748 5288 1963 5369 existentiae,
1992 5287 2027 5354 in
2064 5289 2197 5355 ratione
2225 5310 2354 5356 causae
2381 5289 2535 5356 formalis
2572 5311 2611 5356 se

1133 5409 1239 5473 habet
1264 5419 1427 5494 respectu
1453 5416 1631 5473 creaturae
1654 5405 1877 5490 inquantum
1902 5414 2061 5471 creatura
2086 5406 2192 5471 habet
2218 5407 2262 5471 ab
2285 5405 2363 5491 ipso
2388 5426 2468 5473 esse
2492 5427 2610 5473 essen·

1134 5524 1212 5605 tiae,
1231 5562 1272 5573 —
1297 5524 1340 5588 ab
1366 5534 1508 5590 aeterno
1536 5534 1652 5587 autem
1677 5543 1715 5586 se
1741 5522 1847 5586 habet
1866 5520 1900 5585 in
1918 5520 2053 5586 ratione
2077 5542 2206 5587 causae
2230 5522 2386 5586 formalis
2403 5521 2610 5609 exemplaris

1135 5662 1213 5706 cum
1253 5644 1288 5705 in
1321 5639 1399 5726 ipso
1436 5638 1655 5704 aeternaliter
1682 5637 1751 5703 sint
1787 5637 1940 5702 rationes
1974 5637 2106 5703 ideales
2135 5648 2169 5703 et
2206 5638 2421 5724 exemplares
2454 5637 2610 5704 omnium

1132 5755 1361 5823 essentiarum
1386 5764 1629 5835 creaturarum,
1653 5753 1718 5819 sed
1742 5774 1783 5819 ex
1808 5763 1975 5839 tempore,
1991 5752 2123 5819 scilicet
2143 5774 2222 5819 cum
2247 5765 2404 5819 creatura
2429 5753 2608 5820 actualiter

1225 6044 1291 6097 'est
1310 6043 1379 6111 non]
1400 6059 1454 6096 ona
1474 6041 1505 6095 P.
