6700 7992
1129 1435 1180 1486 294
1392 1461 1399 1472 ·
1495 1430 1685 1491 uamsnu
1715 1430 1935 1490 conanum
1966 1435 2016 1489 ns
2045 1389 2243 1491 eominus

1130 1627 1231 1701 cepta
1270 1615 1401 1700 primae
1440 1615 1579 1682 tabulae
1616 1615 1650 1681 in
1689 1615 1815 1700 quibus
1854 1638 1925 1681 non
1958 1615 2051 1681 cadit
2090 1614 2317 1702 dispensatio
2357 1625 2391 1680 et
2423 1614 2503 1681 ideo
2546 1637 2608 1701 per

1129 1741 1247 1793 votum
1272 1728 1450 1814 religionis
1474 1729 1548 1796 sive
1575 1730 1820 1796 oboedientiae
1849 1731 2038 1794 absolvitur
2062 1729 2139 1814 quis
2168 1753 2187 1794 a
2212 1740 2403 1815 praecepto
2428 1729 2472 1794 de
2496 1731 2608 1795 hono·

1131 1842 1263 1908 ratione
1287 1855 1469 1928 parentum
1494 1845 1589 1928 quod
1614 1855 1666 1910 est
1691 1845 1869 1910 secundae
1897 1844 2046 1923 tabulae,
2071 1843 2105 1909 in
2139 1844 2265 1929 quibus
2290 1845 2381 1910 bene
2407 1842 2444 1908 lit
2468 1842 2607 1929 dispen-

1131 1956 1229 2035 sati0,
1251 1997 1285 2002 -—
1312 1979 1383 2021 non
1409 1957 1543 2022 videtur
1566 1959 1657 2023 bene
1684 1957 1823 2038 dictum,
1843 1958 1922 2042 quia
1947 1969 2066 2022 votum
2092 1957 2259 2023 castitatis
2284 1957 2418 2023 ratione
2443 1957 2607 2023 materiae

1129 2070 1306 2135 reducitur
1322 2072 1366 2135 ad
1387 2071 1469 2135 illud
1495 2083 1734 2156 praeceptum:
1761 2093 1832 2136 non
1851 2070 2102 2149 moechaberis,
2128 2071 2207 2136 licet
2232 2070 2421 2156 perfectius
2446 2082 2607 2156 oporteat

1131 2184 1307 2249 observari
1347 2197 1381 2248 et
1416 2186 1484 2249 boc
1523 2185 1656 2250 ratione
1689 2185 1759 2251 voti
1798 2185 2022 2271 simeradditi.
2066 2187 2144 2250 Non
2186 2207 2270 2270 ergo
2311 2206 2449 2271 semper
2488 2197 2607 2250 votum

1130 2298 1305 2363 reducitur
1330 2299 1373 2363 ad
1399 2310 1584 2385 praecepta
1609 2299 1741 2384 primae
1758 2300 1904 2364 tabulae.
1927 2301 2008 2364 ltern
2035 2300 2157 2365 eadem
2182 2299 2327 2380 ratione,
2352 2299 2442 2366 sicut
2466 2309 2608 2385 propter

1130 2424 1355 2498 praeceptum
1390 2412 1578 2498 superioris
1619 2424 1795 2479 teneretur
1829 2413 1906 2497 quis
1942 2435 2012 2478 non
2050 2413 2243 2479 ministrare
2282 2413 2481 2479 necessaria
2520 2411 2607 2500 patri

1131 2526 1310 2613 indigenti,
1335 2536 1472 2592 tenetur
1488 2526 1590 2591 etiam
1614 2527 1719 2592 furari
1737 2529 1781 2592 ad
1807 2539 2030 2612 praeceptum
2049 2527 2249 2613 superioris,
2267 2527 2348 2612 quia
2366 2528 2394 2592 si
2419 2527 2608 2592 absolvitur

1130 2665 1149 2707 a
1174 2652 1363 2727 praecepto
1389 2641 1602 2721 affirmativo,
1628 2641 1819 2706 absolvitur
1843 2641 1942 2706 etiam
1970 2664 1989 2706 a
2013 2641 2177 2729 negativo
2202 2652 2235 2706 et
2259 2653 2384 2707 cetera.

1666 3060 1965 3145 QUAESTIO
2007 3061 2077 3125 XX

1780 3228 1963 3299 (Louna).

1138 3439 1279 3517 tarum
1328 3439 1513 3515 artbrlilus
1558 3440 1629 3542 qui
1673 3439 1750 3514 scil
1790 3438 1955 3540 aliquod
1995 3445 2188 3514 scevolam
2232 3438 2292 3514 vel
2332 3439 2609 3541 quodcumque

1185 3571 1382 3646 ‹maltum
1422 3577 1633 3670 preculam
1668 3570 1853 3669 praelato
1889 3571 2161 3671 praecipienti
2191 3577 2233 3645 ut
2261 3571 2400 3646 revelel
2427 3576 2611 3646 leuentur

1185 3704 1367 3779 revelare.

1220 4006 1304 4071 Post
1338 4007 1407 4072 boc
1443 4028 1525 4072 vero
1561 4006 1678 4070 adbuc
1713 4004 1805 4070 circa
1840 4004 2090 4089 obligationem
2127 4005 2198 4070 voti
2234 4007 2466 4089 quaerebatur
2497 4005 2607 4083 tertio,

1130 4119 1262 4185 scilicet
1293 4132 1406 4184 utrum
1431 4119 1592 4185 subditus
1617 4119 1675 4204 qui
1708 4119 1773 4184 scit
1804 4119 1944 4203 aliquod
1981 4129 2152 4184 secretum
2191 4119 2256 4183 sibi
2293 4121 2358 4183 sub
2391 4119 2460 4185 tide
2484 4118 2608 4185 secreti

1130 4233 1354 4298 commissum
1390 4235 1442 4298 vel
1477 4233 1577 4298 etiarn
1611 4234 1857 4318 quodcumque
1889 4233 2068 4297 ‹utcultum
2101 4244 2283 4317 peccatum
2317 4254 2336 4296 a
2369 4233 2526 4318 proximo
2554 4233 2608 4296 vel

1130 4347 1233 4412 fratre
1258 4370 1322 4412 suo
1348 4347 1583 4423 commissum,
1613 4348 1767 4430 praelato
1795 4346 2021 4430 praecipienti
2049 4359 2086 4410 ut
2110 4347 2237 4412 revelet
2261 4357 2420 4412 teneatur
2443 4347 2607 4411 revelare.

1130 4461 1172 4524 Et
1198 4462 1408 4547 arguebatur
1435 4462 1529 4544 quod
1560 4461 1620 4539 sic,
1643 4460 1724 4544 quia
1757 4461 1917 4524 subditus
1950 4472 2085 4525 tenetur
2117 4461 2285 4525 olmedire
2314 4461 2469 4545 praelato
2502 4460 2534 4523 in
2565 4481 2608 4525 co

1130 4576 1224 4659 quod
1256 4575 1347 4641 cedit
1384 4575 1428 4639 ad
1464 4577 1594 4639 bonum
1631 4574 1777 4658 proximi
1814 4586 1847 4638 et
1882 4573 2163 4638 corninuuitatis¹
2201 4587 2234 4639 et
2262 4574 2361 4638 cuius
2397 4572 2606 4639 contrarium

1130 4689 1270 4754 cederet
1291 4690 1334 4753 ad
1359 4689 1486 4752 malum
1504 4687 1725 4753 contrarium.
1751 4688 1822 4753 Sed
1848 4710 1917 4752 uon
1941 4689 2094 4752 revelare
2120 4688 2186 4753 talc
2206 4701 2377 4752 secretum
2404 4699 2456 4753 est
2481 4669 2607 4752 malum

1130 4802 1340 4881 huiusmodi,
1365 4824 1445 4867 narn
1481 4824 1523 4866 ex
1555 4803 1623 4867 boc
1656 4813 1776 4886 posset
1806 4802 1883 4866 talis
1919 4802 2079 4865 subditus
2113 4801 2236 4866 occidi.
2269 4802 2389 4884 Quane
2416 4813 2450 4867 et
2481 4811 2606 4866 cetera.

1220 4918 1359 4982 Contra.
1385 4917 1433 4980 llli
1462 4927 1632 4980 secretum
1663 4937 1734 4979 nou
1763 4926 1815 4980 est
1839 4916 2061 4979 revelandum
2088 4915 2145 4999 qui
2171 4937 2241 4979 min
2267 4916 2372 4979 babet
2396 4915 2440 4979 (le
2465 4914 2608 4980 secretis

1131 5031 1294 5096 iudicare.
1328 5030 1399 5095 Sed
1425 5030 1598 5114 praelatus
1631 5040 1725 5093 extra
1762 5031 1873 5093 lorum
1910 5029 2145 5114 poenitentiae
2171 5052 2241 5093 non
2267 5031 2372 5093 babet
2396 5030 2440 5094 de
2465 5028 2607 5094 secretis

1130 5145 1293 5210 iudicare.
1320 5144 1413 5230 Ergo
1439 5155 1472 5208 et
1494 5155 1618 5208 cetera.

1220 5257 1433 5342 llespontleo
1458 5257 1645 5322 dicendum
1671 5257 1776 5341 quod,
1810 5267 1910 5342 prout
1939 5256 2067 5321 dictum
2094 5268 2156 5335 cst,
2185 5269 2302 5322 votum
2328 5255 2507 5341 religionis
2537 5278 2607 5341 quo

1130 5373 1206 5457 quis
1238 5394 1277 5437 se
1308 5371 1441 5459 obligat
1473 5370 1517 5434 ad
1546 5370 1804 5435 observandum
1830 5370 1985 5448 consilia,
2015 5392 2085 5435 non
2114 5371 2245 5456 obligat
2273 5372 2317 5435 ad
2346 5369 2606 5436 oboediendum

1129 5486 1283 5572 praelato
1309 5485 1343 5549 in
1361 5484 1477 5568 aliquo
1502 5484 1596 5568 quod
1621 5494 1674 5548 est
1699 5495 1819 5548 contra
1848 5483 2023 5549 caritatem
2049 5485 2101 5549 vel
2127 5495 2248 5548 contra
2273 5483 2414 5567 aliquod
2442 5504 2607 5569 praecep·

1129 5612 1211 5679 tum,
1245 5599 1349 5664 immo
1391 5598 1494 5663 debet
1530 5597 1681 5662 ordinari
1717 5598 1761 5662 ad
1798 5597 2040 5682 perfectiorem
2077 5609 2341 5682 praeceptorum
2380 5609 2412 5661 et
2455 5596 2607 5662 caritatis

1130 5713 1421 5779 observationem.
1448 5713 1526 5775 Non
1557 5711 1647 5776 enim
1672 5711 1833 5775 subditur
1865 5711 2050 5795 religiosus
2084 5712 2240 5796 praelato
2274 5711 2318 5776 ad
2347 5710 2607 5776 oboediendum

1122 5828 1164 5893 ,iu
1188 5827 1360 5906 erunibus
1394 5825 1568 5911 quianon
1595 5825 1629 5889 in
1665 5825 1719 5889 bis
1755 5846 1845 5909 quae
1877 5836 1958 5890 sunt
1985 5837 2106 5890 contra
2134 5834 2357 5910 praeceptum
2390 5824 2545 5889 divinum
2574 5834 2608 5888 et

1220 6054 1368 6111 'civitatis
1388 6055 1421 6107 V.
