6700 7992
1211 1433 1428 1490 SECUNDUM
1458 1433 1757 1505 Qtssobtlsssstt'lt,
1786 1434 1822 1505 Q.
1851 1434 1876 1488 X
2230 1434 2279 1489 145

803 1626 857 1682 est
883 1614 1040 1682 ultimum
1069 1614 1288 1693 indivisibile,
1317 1654 1358 1662 -
1387 1613 1422 1678 in
1450 1613 1570 1681 ultimo
1598 1626 1713 1681 autern
1742 1626 1776 1681 et
1803 1613 2002 1681 indivisibili
2028 1635 2101 1681 non
2129 1624 2280 1701 possunt

803 1752 882 1798 esse
916 1733 1047 1819 gradus
1086 1752 1152 1797 nec
1191 1730 1304 1818 magis
1335 1752 1402 1797 nec
1441 1730 1554 1795 minus
1592 1771 1643 1811 —,
1680 1741 1817 1816 oportet
1848 1732 1942 1817 quod
1972 1731 2083 1797 forma
2114 1730 2279 1817 specifica

802 1858 970 1933 quantum
994 1849 1039 1913 ad
1074 1847 1242 1914 rationem
1279 1868 1363 1911 suae
1392 1845 1522 1931 speciei
1550 1869 1621 1912 non
1649 1847 1760 1933 possit
1795 1849 1925 1914 habere
1959 1847 2071 1935 magis
2095 1857 2129 1913 et
2153 1846 2277 1913 minus.

801 1964 906 2030 Unde
933 1963 962 2029 si
989 1963 1118 2049 aliquid
1143 1963 1320 2049 pertinens
1346 1963 1391 2026 ad
1419 1963 1606 2028 essentiam
1640 1963 1811 2029 albedinis
1846 1962 1936 2029 desit
1963 1962 2065 2029 alicui
2090 1962 2208 2043 colori,
2233 1963 2278 2029 de

802 2079 1011 2147 necessitate
1028 2081 1124 2146 color
1140 2079 1196 2144 ille
1212 2100 1285 2144 non
1302 2078 1364 2143 erit
1389 2078 1526 2143 albedo.
1552 2079 1756 2145 Secundum
1774 2101 1859 2166 ergo
1876 2081 1962 2146 tales
1978 2081 2120 2167 gradus,
2146 2079 2278 2145 formae

802 2207 883 2262 sunt
912 2195 1003 2262 sicut
1034 2195 1167 2261 numeri
1199 2206 1246 2274 ut,
1279 2194 1368 2260 sicut
1403 2194 1556 2277 qualibet
1589 2194 1720 2261 unitate
1751 2195 1868 2260 addita
1907 2196 1961 2261 vel
1994 2208 2125 2263 remota
2150 2194 2279 2261 tollitur

801 2312 939 2398 species
956 2333 1191 2391 numerorum,
1226 2311 1276 2376 sic
1294 2309 1449 2396 (prolibet
1473 2310 1530 2376 tali
1547 2311 1659 2397 gradu
1678 2311 1796 2376 addito
1814 2313 1866 2377 vel
1885 2324 2017 2377 remoto
2035 2334 2106 2377 non
2123 2321 2279 2378 remanet

801 2429 914 2494 forma
937 2427 972 2493 in
996 2428 1052 2493 illa
1076 2427 1205 2514 specie.

891 2546 1041 2631 Oportet
1073 2565 1157 2629 ergo
1193 2546 1287 2629 quod
1325 2545 1353 2610 si
1393 2545 1520 2630 aliquid
1557 2544 1682 2609 dicitur
1712 2545 1905 2609 secundum
1942 2544 2054 2631 magis
2093 2554 2127 2609 et
2152 2544 2276 2625 minus,

800 2661 896 2746 quod
923 2663 991 2726 hoc
1019 2662 1217 2726 attendatur
1240 2663 1435 2726 seeundum
1464 2661 1605 2746 aliquod
1633 2660 1859 2741 accidentale,
1884 2682 1954 2745 quo
1981 2660 2082 2726 etiam
2108 2660 2277 2727 existente

801 2798 873 2843 non
889 2786 1040 2842 mutetur
1063 2777 1258 2842 secundum
1287 2777 1441 2863 speciem
1468 2778 1548 2841 illud
1578 2777 1672 2861 quod
1698 2777 1891 2841 secundum
1917 2775 1999 2841 illud
2017 2775 2142 2842 dicitur
2165 2775 2277 2864 magis

800 2904 835 2959 et
873 2892 997 2958 minus.
1030 2892 1241 2958 Huiusmodi
1271 2907 1387 2959 autem
1419 2892 1584 2958 accidens
1620 2893 1654 2957 in
1687 2892 1910 2977 qualitatibus
1950 2903 2002 2958 est
2034 2891 2277 2958 intensibilitas

800 3010 995 3075 secundum
1019 3009 1150 3095 gradus
1177 3009 1340 3074 virtuales
1364 3031 1453 3094 quos
1479 3009 1633 3074 eontinet
1657 3010 1769 3073 forma
1793 3008 1958 3094 specifica
1982 3009 2108 3093 aliqua,
2125 3006 2277 3074 indivisi·

800 3124 878 3191 bilis
902 3125 1096 3191 secundum
1131 3124 1316 3190 essentium
1353 3125 1426 3190 sive
1454 3125 1647 3189 secundum
1672 3125 1802 3212 gradus
1835 3125 2049 3203 essentiales,
2074 3134 2112 3190 ut
2147 3124 2277 3190 dictum

801 3251 874 3319 est;
899 3240 989 3306 sicut
1012 3239 1047 3305 in
1072 3240 1321 3324 quantitatibus
1349 3240 1514 3306 accidens
1542 3262 1612 3325 quo
1641 3239 1806 3306 convenit
1834 3240 1946 3328 magis
1970 3252 2004 3307 et
2028 3240 2143 3306 minus
2167 3239 2200 3306 in
2226 3239 2277 3307 eis

801 3367 854 3423 est
877 3355 1126 3422 extensibilitas
1153 3357 1346 3421 secundum
1374 3368 1489 3442 partes
1514 3356 1768 3441 quantitativas.
1796 3356 1836 3421 Et
1852 3356 2053 3422 huiusmodi
2070 3356 2276 3437 accidentia,

799 3471 934 3539 ratione
959 3494 1106 3557 quorum
1133 3472 1338 3559 contingere
1365 3474 1471 3537 habet
1495 3472 1529 3537 in
1555 3472 1804 3556 quantitatibus
1830 3484 1862 3537 et
1887 3472 2135 3558 qualitatibus¹
2159 3474 2277 3540 huius·

799 3588 892 3655 modi
932 3587 1140 3654 variabilitas
1184 3589 1377 3654 secundum
1418 3589 1530 3673 magis
1565 3599 1599 3653 et
1634 3588 1758 3667 minus,
1794 3610 1865 3653 non
1901 3589 2088 3675 important
2127 3590 2276 3676 aliquam

799 3715 957 3771 naturam
980 3705 1176 3770 absolutam
1205 3715 1238 3770 et
1262 3704 1409 3790 positive
1438 3704 1575 3781 dietam,
1601 3705 1663 3770 sed
1689 3705 1863 3789 quendam
1889 3706 2031 3770 modum
2061 3716 2093 3771 et
2125 3706 2276 3793 proprie·

800 3831 905 3888 tatem
951 3819 1041 3886 entis
1084 3820 1138 3885 cui
1188 3820 1306 3885 insunt
1345 3832 1378 3885 et
1419 3821 1613 3886 secundum
1656 3821 1826 3886 rationem
1869 3844 1954 3887 suae
1998 3821 2198 3906 quidtlitatis
2242 3834 2277 3889 et

798 3936 982 4016 essentiae,
1022 3947 1165 4023 propter
1208 3937 1304 4022 quod
1343 3937 1445 4001 etiam
1493 3938 1537 4001 arl
1583 3937 1904 4002 transmutationem
1945 3959 2065 4003 eorum
2105 3938 2276 4027 contingit

2333 4029 2437 4084 cod.V

798 4064 929 4119 transm
961 4056 965 4137 Ι
998 4052 1105 4118 utatio
1139 4052 1174 4117 in
1202 4053 1363 4132 essentia,
1390 4064 1426 4118 ut
1454 4065 1535 4118 sunt
1560 4064 1683 4138 paret
1711 4052 1821 4138 impar
1848 4053 1881 4117 in
1918 4075 2063 4119 numero
2088 4067 2122 4120 et
2150 4067 2275 4122 cetera.
2298 4099 2467 4156 toleratu

800 4168 837 4235 Si
861 4189 947 4257 ergo
972 4168 1051 4234 talia
1076 4168 1195 4233 insunt
1212 4170 1406 4234 seeundum
1423 4168 1591 4233 rationem
1616 4168 1747 4254 speciei
1772 4168 1999 4254 simpliciter²
2024 4181 2057 4235 et
2081 4171 2276 4237 seeundum

799 4306 847 4363 se,
873 4284 1162 4350 transmutatione
1197 4285 1288 4350 facta
1324 4284 1357 4348 in
1395 4283 1445 4349 eis
1480 4284 1517 4348 tit
1548 4284 1790 4349 transmutatio
1815 4285 2009 4351 secundum
2041 4284 2205 4370 speciem.
2238 4285 2277 4353 Si

799 4410 914 4466 autem
931 4399 1050 4465 insunt
1066 4401 1260 4465 seeundum
1277 4400 1446 4465 rationem
1464 4399 1642 4479 individui,
1657 4399 1730 4465 sive
1744 4400 1861 4464 insunt
1878 4400 2064 4467 individuis
2081 4403 2275 4468 secundum

799 4515 1019 4583 essentialem
1048 4517 1191 4581 modum
1227 4516 1381 4601 ipsorum
1417 4527 1451 4581 et
1482 4526 1618 4601 praeter
1657 4515 1825 4581 rationem
1862 4516 1993 4601 speciei
2033 4529 2066 4583 et
2098 4530 2134 4583 ut
2170 4540 2275 4598 nunc,

798 4632 1086 4698 transmutatione
1111 4653 1231 4698 eorum
1267 4632 1304 4696 fit
1331 4632 1571 4696 transmutatio
1606 4633 1801 4697 seeundum
1831 4632 2059 4713 individuum,
2087 4634 2168 4700 licet
2202 4657 2274 4702 non

798 4758 957 4834 oporteat
982 4749 1076 4832 quod
1093 4749 1288 4813 seeundum
1312 4747 1476 4832 speciem.
1502 4750 1620 4830 Quare
1645 4769 1724 4812 cum
1749 4768 1819 4812 non
1845 4748 1957 4834 possit
1981 4750 2140 4815 attendi³
2163 4752 2275 4839 magis

797 4875 832 4929 et
855 4863 969 4929 minus
993 4863 1027 4928 in
1053 4863 1275 4948 qualitatibus
1300 4864 1494 4928 seeundum
1519 4863 1688 4928 rationem
1714 4863 1845 4949 speciei
1870 4864 1951 4949 quia
1976 4864 2040 4929 in‘
2077 4865 2275 4934 indivisibili

798 4979 967 5059 consistit,
1007 4990 1144 5065 oportet
1176 4980 1271 5063 quod
1306 4980 1503 5044 attendatur
1534 4981 1727 5044 seeundum
1769 4979 1966 5046 rationem⁶
2005 4980 2274 5048 individuorum.

798 5094 841 5161 Et
870 5094 952 5180 quia
979 5095 1081 5161 etiam
1113 5116 1192 5160 esse
1220 5095 1387 5160 individui
1417 5095 1449 5159 in
1482 5107 1647 5178 quantum
1690 5095 1906 5161 individuum
1938 5107 2000 5177 est,
2032 5097 2178 5184 simplex
2211 5110 2275 5179 est,

798 5210 827 5277 si
850 5210 911 5276 fiat
933 5210 1174 5276 transmutatio
1200 5211 1261 5275 inl
1291 5210 1470 5275 individuo
1506 5211 1701 5276 secundum
1736 5211 1847 5300 magis
1880 5225 1912 5278 et
1945 5212 2069 5291 minus,
2102 5214 2139 5279 fit
2172 5213 2275 5280 etiam

798 5326 1038 5393 transmutatio
1073 5326 1182 5413 ipsius
1218 5326 1396 5403 individui,
1430 5338 1592 5392 manente
1632 5339 1748 5393 tamen
1781 5328 1898 5413 speeie
1938 5330 2072 5395 eadem.
2113 5329 2277 5397 Similiter

798 5442 901 5509 etiam
933 5464 972 5508 se
1003 5443 1109 5508 habet
1133 5442 1167 5507 in
1199 5441 1448 5527 quantitatibus
1484 5442 1595 5507 maius
1632 5453 1665 5508 et
1698 5442 1822 5522 vuinus,
1859 5456 1892 5509 et
1924 5456 2092 5529 quantum
2128 5447 2172 5511 ad
2206 5448 2276 5514 hoc

798 5559 893 5643 quod
918 5558 1082 5624 convenit
1106 5560 1298 5623 secundum
1325 5557 1539 5622 individuum
1572 5569 1605 5623 et
1630 5571 1797 5643 (plantum
1824 5561 1868 5625 ad
1903 5562 2042 5626 modum
2072 5573 2276 5629 transmuta-

798 5673 912 5741 tionis.

889 5960 896 5990 ²
919 5958 1131 6030 quantitatibus
1160 5967 1189 6012 et
1218 5958 1417 6030 qualitatibus]
1439 5960 1629 6030 qualitatibus
1659 5971 1689 6015 et
1718 5961 1929 6032 quantitatibus
1950 5963 1979 6016 l'.
2067 5964 2151 6018 ’otiu
2180 5965 2211 6020 l'.
2242 5997 2274 6005 -

798 6045 810 6078 ⁸
827 6045 922 6119 possit
941 6045 1063 6117 attendi]
1084 6046 1195 6100 attendi
1215 6048 1309 6120 possit
1329 6047 1359 6100 l‘.
1379 6080 1409 6085 -
1433 6050 1511 6101 ‘unu
1532 6048 1563 6103 P.
1583 6080 1616 6089 -
1637 6050 1715 6104 lorit.
1738 6049 1767 6104 P.
1788 6080 1821 6088 -
1841 6050 1921 6105 ‘otiu
1942 6050 1973 6106 Ρ.
