6700 7992
1126 1454 1176 1505 120
1488 1452 1680 1506 MAGISTRI
1710 1451 1929 1506 GODEFRIDI
1960 1451 2010 1505 DE
2039 1451 2237 1506 FONTlBUS

1122 1653 1251 1717 corpus
1279 1632 1421 1697 mixtum
1449 1631 1541 1698 idem
1567 1633 1663 1717 quod
1687 1631 1783 1717 prius
1807 1633 1943 1717 (saltem
1971 1633 2166 1698 secundum
2195 1631 2308 1698 ali0s¹
2332 1630 2457 1699 virtute
2485 1631 2602 1699 divina

1122 1769 1301 1814 remanere
1330 1751 1468 1833 potest),
1497 1770 1568 1813 non
1596 1748 1785 1814 videntur²
1813 1770 1891 1815 esse
1919 1770 2001 1814 vera
2033 1769 2123 1833 quae
2151 1747 2209 1813 hic
2237 1747 2408 1829 dicuntur,
2438 1748 2603 1835 quoniam

1122 1875 1206 1931 tunc
1230 1864 1344 1929 anima
1369 1876 1463 1930 esset
1486 1865 1597 1930 forma
1623 1864 1858 1944 accidentalis
1877 1864 1957 1949 quia
1975 1863 2117 1930 materia
2134 1864 2208 1931 eius
2232 1865 2428 1930 secundum
2452 1864 2602 1952 aliquem

1122 1991 1237 2046 actum
1261 1980 1410 2065 priorem
1435 1993 1591 2047 maneret
1607 1981 1627 2062 ³,
1652 1993 1688 2047 et
1714 2002 1787 2046 non
1815 1980 1991 2047 desineret
2019 1981 2237 2066 praecedens
2262 1979 2495 2067 compositum
2523 2003 2603 2048 esse

1121 2096 1331 2181 simpliciter.
1349 2098 1429 2162 Non
1455 2096 1545 2163 enim
1571 2095 1696 2162 dicitur
1712 2096 1855 2162 materia
1879 2096 2009 2163 entium
2031 2096 2237 2162 naturalium
2262 2097 2377 2163 ablata
2392 2098 2603 2184 formanon

1121 2234 1261 2279 manere
1279 2213 1359 2298 quia
1383 2214 1486 2278 cedat
1509 2212 1544 2278 in
1569 2212 1664 2293 nihil,
1682 2214 1744 2278 sed
1762 2213 1843 2298 quia
1863 2213 2005 2279 materia
2028 2235 2100 2279 non
2124 2214 2230 2279 habet
2254 2234 2332 2279 esse
2357 2213 2460 2280 nisia
2481 2214 2601 2281 forma.

1123 2329 1165 2394 Et
1189 2329 1269 2395 ideo
1297 2351 1376 2396 cum
1405 2328 1488 2395 nihil
1517 2331 1650 2395 formae
1679 2329 1824 2395 alicuius
1853 2329 2034 2396 remanet⁴
2065 2329 2149 2394 nihil
2177 2329 2341 2397 materiae
2365 2329 2455 2397 illius
2479 2330 2604 2397 dicitur

927 2412 1095 2540 fffifflffl,
1122 2466 1322 2524 remanere3
1349 2457 1485 2512 etcum
1510 2445 1652 2512 materia
1677 2467 1750 2510 non
1773 2445 1917 2512 manet⁶
1946 2449 1949 2529 l
1980 2447 2046 2511 sub
2074 2445 2190 2530 aliquo
2218 2457 2298 2512 actu
2325 2448 2391 2512 sub
2422 2469 2491 2532 quo
2519 2459 2602 2529 erat,

1122 2582 1201 2627 cum
1219 2573 1291 2627 erat
1308 2562 1451 2628 materia
1475 2561 1620 2627 alicuius
1643 2561 1860 2627 determinati
1884 2561 1984 2642 entis,
2009 2561 2134 2627 dicitur
2157 2562 2299 2629 materia
2316 2562 2393 2629 talis
2417 2563 2506 2630 entis
2530 2585 2602 2631 non

1121 2700 1272 2744 manere.

1210 2796 1293 2860 ltcm
1322 2794 1478 2879 arguitur
1506 2806 1627 2860 contra
1659 2793 1869 2879 positionem
1900 2796 1993 2859 hanc
2025 2793 2115 2878 quia,
2145 2793 2235 2860 sicut
2266 2793 2521 2862 inconveniens
2549 2809 2603 2864 est

1121 2913 1216 2996 quod
1245 2911 1279 2976 in
1307 2911 1424 2997 aliquo
1453 2932 1524 2976 uno
1552 2910 1622 2976 sint
1650 2912 1766 2995 plures
1794 2910 2023 2976 animalitates
2051 2909 2253 2977 differentes
2286 2912 2340 2977 vel
2372 2912 2491 2998 s'pecie
2522 2915 2602 3004 sub·

1121 3029 1252 3094 alterna
1277 3029 1330 3093 vel
1354 3027 1615 3113 specialissima,
1640 3026 1687 3092 ita
1712 3027 1813 3093 etiam
1840 3025 2092 3092 inconveniens
2117 3037 2170 3091 est
2194 3028 2289 3111 quod
2313 3026 2348 3092 in
2372 3027 2513 3095 homine
2533 3029 2603 3095 sint

1120 3145 1238 3230 plures
1262 3143 1572 3209 substantialitates
1597 3144 1651 3209 vel
1675 3142 1887 3222 huiusmodi,
1912 3141 1978 3206 nisi
2006 3163 2077 3206 una
2105 3141 2240 3208 dicatur
2266 3143 2538 3210 substantialitas
2565 3144 2600 3210 in

1120 3259 1276 3346 potentia
1304 3270 1341 3324 ut
1368 3259 1520 3338 materia,
1546 3270 1580 3325 et
1603 3258 1669 3324 alia
1695 3258 1729 3323 in
1754 3270 1834 3324 actu
1862 3269 1900 3323 ut
1927 3259 2049 3323 forma.
2075 3259 2144 3323 lam
2173 3256 2264 3323 enim
2289 3258 2324 3324 in
2348 3259 2406 3325 tali
2430 3281 2502 3326 uno
2529 3283 2600 3328 non

1120 3389 1174 3443 est
1197 3376 1262 3441 nisi
1287 3374 1560 3442 substantialitas
1584 3397 1655 3440 una
1679 3374 1889 3460 simpliciter.

1209 3493 1292 3558 ltem
1318 3492 1473 3580 arguitur
1496 3493 1540 3557 ad
1564 3493 1633 3558 hoc
1658 3502 1781 3557 contra
1805 3491 1904 3556 istam
1929 3491 2139 3577 positionem
2161 3512 2224 3577 per
2247 3512 2289 3556 ea
2312 3514 2375 3578 per
2391 3514 2482 3577 quae
2499 3493 2600 3560 etiam

1120 3608 1229 3696 prima
1260 3610 1477 3693 reprobatur,
1503 3608 1667 3693 quoniam
1693 3606 1848 3673 delinitio
1874 3607 2025 3672 hominis
2049 3628 2121 3672 non
2146 3607 2209 3673 erit
2237 3630 2306 3673 una
2334 3630 2377 3674 eo
2406 3610 2502 3694 quod
2526 3609 2601 3676 eius

1119 3706 1234 3790 unitas
1263 3723 1422 3790 consistit
1449 3723 1484 3789 in
1507 3723 1639 3790 unitate
1664 3725 1807 3804 formae,
1833 3735 1870 3788 ut
1894 3734 1989 3808 patet
2013 3722 2162 3808 septimo
2190 3724 2453 3810 hletaphysicae
2473 3728 2542 3811 (l);
2567 3738 2601 3792 et

1119 3841 1148 3907 si
1176 3841 1211 3906 in
1239 3840 1381 3907 homine
1410 3840 1478 3905 sint
1505 3841 1623 3926 plures
1651 3839 1853 3905 huiusmodi
1881 3840 2023 3920 formae,
2048 3839 2224 3924 quaelibet
2247 3851 2301 3906 est
2328 3840 2600 3908 substantialitas
2651 3906 2653 3909 .

1120 3958 1302 4043 quaedam,
1332 3956 1485 4041 alioquin
1515 3979 1557 4022 ex
1585 3956 1670 4042 ipsis
1698 3978 1769 4021 non
1801 3957 1899 4023 lieret
1930 3958 2134 4024 substantia.
2164 3957 2262 4025 Sicut
2294 3969 2409 4024 autem
2441 3961 2600 4026 substan·

1118 4073 1244 4140 tialitas
1272 4095 1351 4139 cum
1380 4095 1452 4139 non
1481 4072 1773 4139 substantialitate
1805 4073 1938 4139 faciunt
1968 4073 2096 4159 aliquid
2128 4075 2221 4160 quod
2248 4096 2322 4139 non
2350 4085 2403 4140 est
2430 4097 2536 4141 unum
2564 4075 2600 4141 in

1118 4211 1250 4278 genere
1275 4189 1491 4254 substantiae
1517 4190 1580 4255 sed
1605 4199 1658 4254 est
1682 4188 1781 4274 plura
1805 4188 1839 4253 in
1865 4188 2010 4256 diversis
2029 4189 2230 4276 generibus,
2255 4189 2302 4255 ita
2325 4190 2601 4257 substantialitas

1120 4306 1154 4371 in
1178 4317 1258 4370 actu
1284 4327 1363 4372 cum
1391 4304 1682 4370 substantialitate
1707 4304 1741 4369 in
1766 4316 1846 4370 actu
1871 4304 1953 4370 facit
1978 4305 2108 4371 etiam⁶
2131 4305 2231 4391 plura
2255 4304 2456 4393 simpliciter
2472 4305 2506 4372 in
2528 4329 2600 4374 uno

1119 4443 1250 4509 genere
1279 4420 1504 4486 substantiae.

926 4535 1095 4659 scuti-'Vm
1209 4538 1291 4603 ltem
1320 4536 1514 4602 substantia
1538 4558 1628 4621 quae
1652 4548 1706 4601 est
1728 4558 1842 4624 genus
1866 4549 1903 4601 ut
1928 4537 2148 4622 praedicatur
2171 4539 2215 4603 de
2240 4537 2315 4603 aliis
2338 4540 2383 4605 ab
2406 4539 2548 4606 homine
2576 4542 2580 4624 Ι

938 4608 1071 4661 ΗΜ
1118 4655 1312 4720 secundum
1341 4653 1427 4718 istos
1456 4653 1539 4718 dicit
1567 4651 1649 4738 quid
1679 4675 1785 4717 unum
1815 4654 1880 4717 sul)
1909 4652 2041 4718 ratione
2071 4652 2336 4736 indeterminati,
2365 4654 2445 4740 quia
2473 4655 2599 4721 animal

1119 4769 1202 4836 dicit
1221 4770 1324 4835 talem
1342 4771 1488 4834 sormam
1506 4770 1572 4833 sub
1589 4767 1724 4834 ratione
1742 4768 1995 4833 indeterminati
2014 4791 2116 4854 quam
2136 4770 2217 4835 dicit
2234 4771 2354 4836 asinus
2375 4773 2441 4836 sub
2465 4771 2599 4838 ratione

1119 4885 1346 4963 determinati,
1380 4906 1470 4969 <luae
1502 4884 1642 4968 quidem
1675 4885 1786 4948 forma
1818 4883 1852 4948 in
1884 4884 1983 4949 asino
2015 4907 2088 4950 non
2120 4896 2173 4951 est
2204 4885 2269 4950 nisi
2302 4909 2372 4952 una
2404 4887 2598 4953 secundum

1119 5000 1328 5086 positionem
1354 5000 1517 5084 ipsorum.
1536 4999 1573 5063 Si
1591 5021 1676 5085 ergo
1694 4999 1888 5064 substantia
1912 4992 1955 5064 sit
1979 5000 2081 5065 unius
2106 5000 2249 5068 rationis
2267 5002 2301 5067 in
2323 5001 2486 5067 omnibus
2509 5003 2599 5069 sicut

1118 5139 1231 5201 penus
1256 5115 1338 5181 dicit
1364 5138 1467 5180 unam
1492 5115 1672 5194 rationem,
1691 5137 1776 5201 ergo
1794 5114 1895 5180 etiam
1922 5116 2121 5200 praedicata
2145 5118 2189 5181 de
2214 5117 2357 5184 homine
2377 5117 2469 5184 dicet
2493 5140 2596 5184 unam

1118 5234 1273 5296 tonnam.
1293 5232 1364 5296 Sed
1389 5233 1457 5295 hoc
1481 5252 1553 5295 nou
1578 5241 1694 5315 potest
1719 5252 1797 5295 csse
1822 5232 1916 5314 (prod
1942 5231 2064 5296 dicens
2089 5254 2193 5297 unam
2219 5233 2364 5298 formam
2382 5233 2474 5300 dicat
2491 5245 2597 5300 totam

1118 5347 1304 5414 essentiam
1331 5359 1364 5412 et
1388 5359 1545 5411 naturam
1571 5345 1645 5411 eius
1670 5347 1766 5429 q'uod
1792 5345 1953 5431 importat
1978 5348 2095 5431 plures
2124 5349 2262 5413 formas.
2288 5350 2407 5432 Quare
2435 5371 2507 5415 non
2535 5349 2598 5415 erit

1119 5485 1225 5528 unum
1257 5474 1290 5528 et
1322 5462 1412 5528 idern
1445 5484 1558 5549 genus
1588 5461 1740 5526 hominis
1772 5473 1806 5527 et
1837 5462 1991 5527 aliorum.
2025 5464 2133 5528 Immo
2166 5463 2268 5529 etiam
2300 5485 2367 5530 nec
2398 5464 2598 5532 huiusmodi

1209 5764 1351 5834 ¹aliquos
1379 5764 1409 5817 P.
1430 5796 1461 5802 —
1483 5764 1493 5795 ‘²
1512 5763 1648 5817 dicuntur
1668 5762 1699 5814 I'.
1720 5793 1752 5801 -
1773 5765 1783 5794 ³
1803 5762 1930 5834 priorem
1957 5761 2098 5833 maneret]
2126 5783 2181 5819 οηι.
2206 5765 2289 5819 l‘.-
2310 5765 2393 5819 ‘nisi
2420 5766 2489 5820 add.
2513 5766 2544 5822 P.
2563 5797 2597 5807 —

1118 5856 1264 5909 ⁶maneat
1283 5854 1316 5908 P.
1330 5886 1363 5893 -
1383 5857 1394 5883 ‘¹
1413 5863 1440 5907 et
1463 5854 1493 5908 l'.

1208 6062 1247 6127 tl)
1267 6059 1298 6112 L.
1318 6059 1357 6111 t'l
1378 6058 1424 6128 [al.
1445 6058 1519 6127 Vllj,
1539 6076 1563 6111 c.
1585 6061 1618 6112 12
1638 6062 1677 6139 (p.
1700 6060 1766 6111 1037
1786 6062 1851 6136 sq).
