6700 7992
1403 1392 1595 1448 MAGISTRI
1624 1392 1843 1448 GODEFRlDl
1872 1394 1924 1448 DE
1952 1393 2151 1449 FONTIBUS

1619 1887 1859 1971 QUAESTlo
1884 1888 1936 1952 m.

1278 2113 1419 2190 Utrum
1442 2112 1486 2187 in
1510 2112 1667 2189 Christo
1686 2113 1769 2188 sint
1786 2113 1892 2188 duae
1899 2112 2126 2214 filiationes
2145 2113 2282 2204 reales,

1120 2272 1205 2320 una
1224 2272 1305 2348 qua
1323 2245 1477 2320 dicitur
1483 2245 1605 2347 filius
1627 2246 1766 2320 Patris
1785 2247 1834 2320 ab
1853 2251 2013 2321 aeterno
2032 2246 2170 2321 etalio
2190 2274 2271 2349 qua
2290 2249 2443 2324 dicitur

1495 2378 1618 2480 filius
1637 2379 1781 2457 matr-is
1800 2405 1848 2453 ex
1866 2384 2048 2478 tempore.

881 2707 980 2761 eod.P
1129 2705 1397 2790 Consequenter
1424 2706 1516 2771 circa
1544 2705 1780 2791 competentia
1807 2708 1884 2771 Deo
1912 2708 2105 2772 secundum
2135 2720 2316 2793 utramque
2345 2723 2517 2793 naturam.

851 2777 901 2833 Μ’
914 2781 965 2833 136
974 2779 1016 2832 Va
1039 2820 1190 2886 divinam
1207 2820 1341 2887 scilicet
1355 2834 1390 2886 et
1406 2832 1620 2906 assumptam
1637 2821 1672 2886 in
1690 2821 1840 2900 Christo,
1856 2823 2086 2907 quaerebatur
2110 2845 2227 2902 unum,
2245 2824 2377 2891 scilicet
2399 2839 2513 2894 utrum

1038 2935 1073 3002 in
1106 2936 1245 3002 Christo
1277 2936 1345 3001 sint
1377 2936 1467 3001 duae
1498 2935 1684 3001 filiationes
1715 2938 1837 3018 realeS,
1865 2959 1935 3002 una
1963 2960 2031 3021 qua
2060 2938 2184 3004 dicitur
2210 2939 2301 3005 filius
2330 2942 2440 3006 Patris
2468 2947 2513 3009 ab

1038 3063 1181 3118 aeterno
1198 3065 1232 3118 et
1249 3051 1315 3117 alia
1331 3073 1400 3136 qua
1416 3051 1541 3118 dicitur
1556 3051 1646 3116 lilius
1663 3051 1780 3117 matris
1805 3074 1846 3118 ex
1871 3066 2038 3138 tempore.
2056 3054 2100 3118 Et
2124 3057 2335 3142 arguebatur
2358 3060 2453 3142 quod
2477 3060 2512 3125 in

1038 3168 1178 3234 Christo
1201 3167 1270 3232 sint
1293 3169 1384 3232 duae
1407 3166 1591 3233 filiationes
1614 3168 1736 3245 reales,
1762 3167 1841 3251 quia
1866 3168 2048 3254 pluralitati
2067 3169 2271 3235 relationum
2297 3173 2512 3240 diversorum

1038 3282 1287 3369 principiorum
1315 3283 1360 3346 ad
1392 3281 1528 3348 diversa
1560 3282 1767 3367 principiata
1798 3284 1988 3367 respondet
2021 3283 2203 3350 diversitas
2233 3287 2438 3354 relationum
2470 3312 2512 3355 ex

1038 3411 1135 3484 parte
1159 3397 1453 3483 principiatorum.
1471 3397 1543 3464 Sed
1568 3398 1669 3462 Pater
1694 3409 1855 3462 aeternus
1881 3411 1914 3463 et
1932 3410 2042 3465 rnater
2062 3401 2261 3484 temporalis
2279 3415 2360 3468 sunt
2377 3403 2513 3471 diversa

1038 3513 1209 3600 principia
1225 3513 1353 3578 Christi
1371 3513 1565 3578 secundum
1582 3511 1738 3578 diversas
1754 3524 1896 3578 naturas
1913 3513 1948 3579 in
1974 3514 2123 3593 Christo,
2149 3527 2183 3581 et
2207 3516 2353 3582 diversis
2377 3521 2512 3586 relatio·

1037 3629 1141 3694 nibus
1165 3629 1316 3695 realibus
1340 3628 1405 3694 ista
1429 3628 1565 3695 diversa
1589 3627 1759 3714 principia
1775 3630 1971 3694 referuntur
1987 3631 2032 3694 ad
2052 3630 2227 3696 Christum
2245 3633 2379 3700 ratione
2396 3635 2512 3702 huius-

1038 3744 1133 3810 modi
1164 3745 1376 3810 diversarum
1409 3755 1618 3809 naturarum.
1654 3744 1750 3832 Ergo
1785 3744 1939 3810 similiter
1974 3745 2008 3810 in
2045 3746 2184 3812 Christo
2220 3761 2319 3813 erunt
2354 3744 2512 3818 diversae

1038 3860 1224 3927 relationes
1252 3861 1364 3926 reales
1392 3859 1465 3924 istis
1494 3860 1824 3945 correspondentes,
1849 3860 1975 3944 quibus
2000 3862 2044 3926 ad
2069 3864 2158 3927 haec
2182 3863 2318 3928 diversa
2342 3865 2512 3952 principia

1038 3976 1270 4043 diversimode
1295 3977 1497 4042 referuntur.
1523 3974 1595 4042 Sed
1620 3997 1690 4040 una
1713 3975 1878 4041 filiatione
1902 3976 1984 4042 reali
2009 3978 2154 4043 refertur
2177 3980 2221 4043 ad
2246 3980 2382 4046 Patrem
2405 3994 2512 4050 aeter-

1038 4114 1132 4158 num.
1157 4092 1251 4180 Ergo
1276 4091 1341 4156 alia
1365 4091 1531 4157 filiatione
1548 4090 1650 4156 etiam
1674 4091 1784 4156 reali¹
1807 4091 1999 4157 referetur²
2023 4095 2066 4157 ad
2092 4105 2245 4159 matrem.

1128 4208 1269 4274 Contra.
1298 4209 1335 4272 ln
1365 4228 1435 4272 uno
1463 4218 1498 4272 et
1524 4208 1649 4272 eodem
1677 4206 1837 4272 subiecto
1865 4209 1918 4273 vel
1946 4208 2130 4294 supposito
2157 4231 2229 4275 non
2257 4225 2407 4296 possunt
2434 4236 2512 4282 esse

878 4327 980 4381 eod-V
1038 4326 1137 4410 plura
1165 4321 1360 4388 accidentia
1384 4322 1461 4387 solo
1485 4343 1631 4387 numero
1655 4321 1858 4402 differentia,
1884 4333 2004 4408 utpote
2029 4322 2062 4387 in
2088 4325 2213 4390 eodem
2237 4326 2379 4393 homine
2407 4331 2410 4411 i
2439 4353 2510 4396 non

830 4397 1011 4452 'immi
1038 4451 1187 4524 possunt
1214 4459 1293 4504 esse
1321 4439 1412 4503 duae
1440 4436 1640 4517 albedines;
1669 4458 1754 4525 ergo
1783 4437 1937 4503 similiter
1964 4459 2031 4504 nec
2054 4439 2145 4505 duae
2170 4439 2353 4507 filiationes
2377 4444 2513 4511 realiter

1039 4554 1250 4621 differentes.
1277 4553 1394 4637 Quare
1420 4563 1453 4618 et
1477 4563 1603 4619 cetera.

1126 4670 1341 4755 Respondeo
1361 4667 1549 4733 dicendum
1566 4669 1660 4753 quod
1678 4669 1747 4733 hoc
1765 4681 1817 4733 est
1834 4668 2062 4755 singularem
2088 4669 2237 4747 Christo,
2256 4674 2350 4757 quod
2375 4674 2408 4739 in
2434 4676 2511 4762 ipso

1038 4800 1092 4853 est
1115 4797 1246 4852 tantum
1271 4807 1378 4850 unum
1403 4783 1623 4869 suppositum
1640 4783 1836 4849 subsistens
1852 4795 1967 4850 tamen
1985 4784 2021 4849 in
2038 4787 2174 4850 duabus
2191 4788 2322 4852 naturis
2338 4792 2512 4875 perfectiS,

1038 4924 1181 4988 quarum
1199 4900 1374 4986 quaelibet
1389 4911 1470 4964 nata
1486 4910 1540 4965 est
1556 4900 1590 4964 in
1608 4899 1750 4984 proprio
1776 4902 1959 4984 supposito
1984 4901 2183 4968 subsistere.
2210 4903 2253 4968 Et
2276 4917 2442 4989 quantum
2467 4910 2512 4973 ad

1037 5017 1277 5103 quaestionem
1308 5015 1522 5101 propositam
1555 5026 1588 5080 et
1619 5026 1786 5100 quantum
1812 5016 1856 5079 ad
1878 5018 2046 5099 quasdam
2071 5017 2155 5082 alias
2180 5019 2404 5102 quaestiones
2428 5023 2513 5088 diffi-

1037 5134 1183 5199 cultates
1200 5131 1371 5217 speciales
1388 5130 1553 5210 oriuntur,
1571 5130 1652 5215 quia
1675 5131 1847 5215 quaedam
1872 5130 2033 5196 videntur
2057 5132 2091 5196 in
2116 5133 2256 5199 Christo
2281 5138 2512 5204 concedenda

1037 5260 1179 5334 propter
1202 5246 1436 5313 diversitatem
1460 5257 1659 5311 naturarum
1684 5267 1774 5330 quae
1799 5247 1962 5334 neganda
1989 5247 2150 5313 videntur
2173 5262 2315 5335 propter
2339 5254 2511 5338 suppositi

1037 5363 1213 5429 unitatem.
1247 5363 1392 5447 Propter
1423 5363 1517 5447 quod
1549 5361 1640 5428 circa
1672 5373 1893 5446 praesentem
1926 5363 2166 5447 quaestionem
2199 5365 2289 5432 duae
2325 5367 2513 5453 opiniones

1037 5481 1213 5547 solemnes
1241 5480 1472 5545 inveniuntur.
1502 5476 1682 5561 Quidam³
1708 5479 1799 5543 enim
1828 5481 1871 5544 ad
1900 5479 2065 5544 unitatem
2094 5481 2265 5565 suppositi
2291 5485 2514 5551 attendentes

1038 5599 1158 5665 dicunt
1175 5599 1269 5683 quod
1287 5616 1366 5662 cum
1382 5594 1394 5629 ⁴
1410 5594 1571 5659 filiatio...

1128 5886 1135 5915 ¹
1156 5901 1210 5936 om.
1231 5882 1261 5936 P.
1282 5912 1314 5920 —
1335 5881 1346 5912 ²
1364 5878 1488 5933 refertur
1507 5878 1537 5932 P.
1557 5910 1590 5918 —
1611 5879 1622 5910 ⁸
1640 5878 1785 5949 quaedam
1806 5878 1836 5931 P.
1857 5909 1890 5916 —
1910 5881 1920 5910 ⁴
1939 5896 1994 5931 ona
2014 5879 2045 5931 P.
