6700 7992
1032 1442 1082 1492 106
1394 1439 1585 1495 MAGISTRI
1614 1438 1834 1495 GODEFRIDI
1862 1438 1915 1492 DE
1943 1437 2141 1494 FONTIBUS

1031 1620 1184 1700 rationis,
1213 1641 1285 1686 non
1310 1630 1425 1685 tamen
1449 1630 1531 1685 sunt
1554 1619 1725 1707 principia
1748 1618 1807 1700 rei,
1833 1618 1879 1684 ita
1912 1619 2006 1704 quod
2031 1619 2143 1684 solum
2174 1618 2330 1685 diversas
2354 1630 2506 1685 rationes

1032 1735 1149 1801 dicant
1188 1746 1222 1802 et
1259 1757 1333 1801 non
1373 1736 1528 1802 diversas
1567 1757 1622 1801 res
1661 1746 1696 1801 et
1734 1747 1859 1801 cetera.
1896 1735 1989 1818 Quia
2020 1754 2105 1822 ergo
2141 1733 2255 1801 unitas
2294 1734 2506 1801 definitionis

1031 1852 1219 1919 attenditur
1242 1873 1352 1938 penes
1370 1852 1536 1919 unitatem
1560 1852 1703 1932 formae,
1729 1862 1845 1938 partes
1870 1850 2082 1918 definitionis
2108 1872 2179 1917 non
2204 1861 2285 1917 sunt
2307 1862 2423 1937 partes
2439 1849 2506 1917 nisi

1031 1969 1135 2034 unius
1159 1970 1301 2034 formae.
1332 1968 1456 2034 Unitas
1489 1968 1580 2033 enim
1605 1968 1817 2034 definitionis
1846 1979 1881 2033 et
1912 1967 2044 2033 deliniti
2068 1989 2140 2034 non
2170 1966 2348 2052 patiuntur
2370 1966 2507 2053 plurali·

1030 2096 1135 2151 tatem
1160 2085 1347 2151 formarum
1371 2106 1515 2169 quarum
1540 2105 1609 2149 una
1633 2083 1770 2150 realiter
1802 2083 1846 2149 sit
1870 2094 1965 2150 extra
1994 2095 2153 2149 naturam
2184 2083 2324 2149 alterius
2348 2083 2507 2170 qualiter·

874 2202 977 2256 cod-V
1031 2223 1181 2287 cumque
1206 2201 1250 2265 ad
1275 2200 1424 2266 invicem
1449 2199 1653 2265 ordinentur
1670 2201 1688 2264 ¹.
1713 2200 1788 2266 Nec
1816 2200 1908 2265 valet
1935 2200 2030 2285 quod
2055 2198 2179 2266 dicitur
2207 2200 2251 2265 de
2275 2201 2451 2286 completo
2484 2201 2488 2284 l

843 2272 1313 2402 f01'ffilffletincompletq
1338 2315 1419 2401 quia
1444 2338 1522 2382 cum
1549 2308 1780 2402 unaquaeque
1797 2317 1983 2382 formarum
2008 2315 2285 2382 substantialium
2317 2316 2375 2382 det
2392 2326 2508 2382 actum

1033 2433 1184 2513 essendi,
1208 2454 1441 2519 unaquaeque
1466 2454 1584 2498 earum
1609 2443 1662 2498 est
1686 2443 1785 2498 actus
1818 2433 2014 2519 completus
2043 2431 2253 2519 simpliciter,
2278 2444 2312 2499 et
2340 2431 2386 2498 ita
2420 2432 2449 2498 si
2474 2432 2508 2498 in

1032 2572 1069 2616 re
1100 2548 1170 2615 sint
1201 2549 1318 2636 plures
1352 2559 1451 2614 actus
1484 2548 1732 2614 substantiales
1761 2559 2080 2634 quantumcumque
2116 2548 2327 2634 incompleti‚
2362 2548 2418 2613 illa
2452 2569 2508 2614 res

1032 2666 1095 2733 erit
1133 2666 1232 2752 plura
1270 2664 1343 2743 sive
1383 2666 1489 2730 multa
1528 2664 1738 2750 simpliciter,
1774 2685 1852 2730 cum
1889 2666 2084 2730 seeundum
2119 2675 2233 2730 actum
2273 2662 2414 2731 essendi
2453 2685 2509 2730 res

1032 2781 1206 2847 uniuntur.

1122 2896 1274 2964 Ulterius
1305 2918 1389 2985 ergo
1419 2897 1462 2961 ad
1498 2896 1734 2963 exclusionem
1759 2896 1991 2963 distinctionis
2020 2919 2089 2982 qua
2120 2896 2240 2963 dicunt
2268 2898 2363 2983 quod
2397 2898 2509 2962 forma

1033 3014 1244 3100 incompleta
1272 3022 1388 3099 potest
1420 3033 1500 3079 esse
1527 3012 1686 3098 potentia
1714 3024 1875 3099 respectu
1905 3013 2038 3078 formae
2066 3014 2271 3099 completae,
2289 3035 2360 3078 non
2394 3021 2509 3078 autem

1033 3131 1215 3216 completa,
1248 3128 1511 3216 intelligendum
1545 3130 1640 3212 quod
1670 3128 1799 3214 aliquid
1832 3129 1948 3195 dicere
1973 3140 2087 3195 actum
2120 3128 2369 3214 incompletum
2393 3138 2511 3214 potest

1034 3245 1178 3332 intelligi
1206 3223 1397 3331 dupliciter.
1423 3245 1488 3310 Vel
1505 3243 1586 3330 quia
1610 3244 1693 3310 dicit
1717 3244 1810 3309 illum
1835 3256 1950 3310 actum
1976 3246 2123 3310 subesse
2148 3256 2181 3311 et
2205 3244 2366 3310 ratione²
2389 3255 2510 3330 poten·

1034 3362 1114 3442 tiali‚
1132 3361 1279 3427 -sicut
1303 3361 1417 3425 album
1449 3360 1483 3425 in
1508 3360 1664 3446 potentia
1689 3371 1723 3426 et
1746 3383 1826 3427 cum
1860 3371 1913 3427 est
1947 3360 1982 3426 in
2007 3372 2103 3427 motu
2129 3360 2360 3427 dealbationis
2386 3359 2511 3426 dicitur

1034 3500 1112 3544 esse
1137 3479 1253 3542 album
1277 3476 1497 3562 incompleta,
1530 3476 1629 3560 quasi
1661 3477 1793 3543 scilicet
1817 3499 1887 3542 non
1918 3479 2024 3543 habet
2055 3478 2200 3543 formam
2225 3476 2343 3542 illam³
2370 3476 2404 3542 in
2430 3488 2511 3543 actu

1034 3595 1098 3661 sed
1133 3593 1168 3659 in
1203 3592 1368 3679 potentia.
1403 3592 1605 3658 Secundum
1642 3594 1712 3659 hoc
1758 3615 1799 3658 ex
1835 3594 2011 3679 completo
2047 3604 2080 3660 et
2116 3593 2330 3679 incompleto
2364 3614 2435 3658 non
2474 3593 2512 3658 fit

1033 3709 1173 3797 proprie
1212 3708 1341 3794 aliquid
1381 3730 1498 3789 unum,
1538 3709 1602 3774 sed
1638 3708 1751 3795 ipsum
1791 3708 2039 3795 incompletum
2074 3708 2112 3774 fit
2151 3711 2372 3795 completum,
2408 3720 2512 3795 prout

1035 3829 1151 3892 album
1187 3826 1222 3890 in
1257 3825 1415 3911 potentia
1449 3825 1487 3890 fit
1522 3825 1637 3890 album
1672 3825 1707 3890 in
1744 3836 1833 3891 actu.
1871 3825 2073 3911 Aliquando
2109 3847 2191 3891 vero
2227 3824 2352 3891 dicitur
2381 3825 2511 3910 aliquid

1035 3943 1286 4028 incompletum
1310 3942 1504 4007 secundum
1529 3940 1679 4026 aliquam
1704 3942 1861 4022 formam,
1886 3963 1958 4007 non
1987 3941 2067 4027 quia
2097 3943 2226 4008 habeat
2249 3941 2340 4006 illam
2364 3942 2511 4006 formam

1035 4059 1070 4125 in
1094 4058 1251 4144 potentia
1275 4068 1309 4123 et
1339 4057 1389 4123 sic
1423 4057 1606 4122 formatum
1638 4056 1682 4122 sit
1715 4056 1750 4122 in
1782 4058 1938 4142 potentia
1971 4059 2165 4124 secundum
2197 4057 2299 4136 illam,
2333 4058 2397 4123 sed
2430 4057 2512 4142 quia

1035 4177 1141 4240 habet
1165 4185 1272 4240 totam
1298 4172 1530 4239 actualitatem
1554 4195 1658 4257 quam
1684 4184 1765 4238 nata
1789 4184 1842 4238 est
1866 4173 2009 4239 materia
2033 4175 2163 4240 habere
2194 4174 2245 4239 vel
2278 4172 2512 4259 compositum

1035 4290 1228 4358 secundum
1255 4290 1345 4354 illam
1371 4290 1527 4368 formam,
1552 4287 1607 4353 illa
1631 4298 1748 4353 tamen
1772 4289 1882 4355 forma
1914 4300 1967 4354 est
1991 4289 2202 4375 incompleta
2227 4290 2281 4355 vel
2309 4289 2513 4375 imperfecta

1035 4417 1197 4493 respectu
1222 4405 1372 4484 alterius
1397 4406 1451 4469 vel
1483 4403 1585 4470 etiam
1610 4403 1724 4490 ipsum
1758 4404 1991 4491 compositum
2023 4428 2065 4471 ex
2089 4405 2231 4471 materia
2256 4416 2289 4472 et
2322 4405 2379 4470 illa
2402 4405 2514 4470 forma

1036 4534 1089 4589 est
1122 4522 1369 4607 incompletum
1405 4520 1520 4605 aliquo
1554 4521 1661 4585 modo
1695 4531 1855 4606 respectu
1887 4521 2027 4586 alterius
2060 4522 2190 4586 formae
2226 4522 2281 4587 vel
2316 4520 2512 4606 compositi.

1035 4639 1079 4704 Et
1101 4640 1169 4704 hoc
1194 4638 1299 4703 modo
1316 4638 1407 4701 bene
1431 4657 1502 4701 una
1525 4635 1662 4721 species
1687 4636 1853 4721 specifica
1878 4647 1931 4702 est
1955 4637 2038 4722 quid
2055 4637 2327 4723 incompletum⁴
2350 4647 2512 4723 respectu

1035 4753 1174 4819 alterius
1210 4764 1243 4819 et
1278 4753 1345 4817 tale
1381 4750 1630 4837 incompletum
1666 4773 1739 4816 non
1775 4752 1842 4816 fit⁶
1873 4753 2095 4838 completum,
2131 4773 2198 4818 nec
2234 4774 2276 4818 ex
2315 4752 2393 4838 ipso
2433 4773 2513 4818 cum

938 4919 940 4923 ι
1036 4871 1212 4956 completo
1242 4869 1279 4932 sit
1303 4867 1431 4953 aliquid
1456 4889 1563 4932 unum
1591 4889 1653 4953 per
1680 4889 1719 4933 se
1748 4867 1781 4932 in
1810 4879 1911 4947 actu3
1946 4868 2111 4952 quoniam
2144 4889 2222 4933 cum
2248 4868 2376 4954 aliquid
2402 4866 2513 4933 estin
2560 4919 2562 4921 .

1035 4996 1114 5052 actu
1139 4984 1331 5050 secundum
1357 4983 1506 5069 aliquam
1531 4983 1731 5049 huiusmodi
1764 4984 1910 5049 formam
1942 4983 2075 5050 scilicet
2107 4984 2371 5050 substantialem
2396 5005 2513 5069 quarn·

1036 5122 1185 5186 cumque
1210 5100 1465 5185 incompletam,
1490 5099 1572 5184 quia
1596 5110 1712 5165 tamen
1744 5110 1798 5164 est
1821 5099 1856 5164 in
1888 5112 1968 5165 actu
2005 5101 2179 5185 complete
2203 5101 2398 5166 secundum
2422 5099 2513 5165 illam

1036 5217 1143 5285 cum⁸
1181 5239 1257 5283 eam
1296 5217 1402 5281 habet
1441 5215 1623 5301 complete,
1664 5228 1826 5301 respectu
1867 5216 1994 5280 nullius
2034 5216 2172 5282 alterius
2212 5226 2328 5302 potest
2362 5236 2441 5282 esse
2479 5214 2514 5281 in

1036 5333 1192 5421 potentia
1228 5331 1428 5417 simpliciter
1456 5331 1529 5397 sive
1557 5333 1687 5397 habere
1716 5331 2002 5417 potentialitatem
2038 5331 2239 5418 simpliciter
2266 5353 2356 5417 quae
2387 5333 2515 5397 habeat

1038 5449 1206 5515 rationem
1232 5448 1379 5514 subiecti
1403 5458 1566 5534 respectu
1590 5448 1723 5513 formae
1747 5447 1862 5512 dantis
1887 5470 1965 5514 esse
1991 5448 2200 5534 simpliciter,
2220 5447 2300 5532 quia
2325 5447 2393 5512 iarn
2417 5447 2452 5512 in
2476 5467 2515 5513 se

1039 5567 1106 5632 tale
1131 5588 1194 5630 ens
1213 5565 1319 5630 habet
1336 5563 1570 5629 actualitatem
1599 5563 1809 5649 simpliciter,
1827 5585 1907 5629 cum
1932 5565 2059 5630 habeat
2083 5565 2257 5649 complete
2282 5563 2514 5630 actualitatem

847 5655 1015 5782 f0{⁰l‘¹p5pvb
1038 5681 1113 5748 eius
1131 5682 1225 5766 quod
1242 5692 1294 5746 est
1318 5680 1429 5745 forma
1445 5690 1479 5744 et
1503 5691 1602 5746 actus
1624 5679 1835 5766 simpliciter,
1852 5679 1932 5746 licet
1964 5681 1968 5764 l
2001 5679 2043 5744 sit
2068 5679 2299 5766 incompletus
2324 5689 2361 5744 ut
2385 5678 2515 5746 dictum

1129 5968 1135 5997 ¹
1155 5965 1325 6020 ordinantur
1338 5966 1368 6018 P.
1384 5997 1417 6003 -
1431 5966 1442 5997 ²
1454 5963 1560 6018 rationi
1573 5965 1604 6018 P.
1624 5997 1657 6005 -
1672 5966 1683 5997 ⁸
1697 5963 1818 6018 formam
1839 5964 1927 6033 illam]
1943 5964 2022 6018 illam
2036 5964 2158 6019 formam
2173 5965 2204 6019 P.
2221 5997 2253 6004 -
2269 5967 2277 5996 ⁴
2292 5964 2471 6036 completum
2484 5963 2515 6018 P.

1039 6086 1071 6094 -
1085 6056 1096 6085 ⁶
1108 6053 1179 6109 facit
1192 6054 1223 6108 P.
1237 6085 1270 6093 -
1284 6055 1295 6083 ⁰
1314 6061 1373 6107 tum
1387 6053 1434 6107 vel
1445 6061 1542 6107 tamen
1555 6053 1677 6127 scripsit
1690 6068 1786 6125 utarg.
1801 6066 1834 6104 2⁰
1850 6070 1886 6106 m.
1901 6053 1932 6107 P.
