6700 7992
1347 1413 1542 1485 QUARTUM
1571 1412 1870 1483 QUODLIBETUM,
1898 1412 1934 1484 Q.
1963 1414 2003 1467 Xl
2361 1413 2414 1466 265

935 1592 1046 1680 possit
1070 1594 1186 1680 aliquo
1211 1596 1317 1660 modo
1341 1594 1415 1660 lieri
1439 1596 1572 1659 bonum
1597 1605 1631 1659 et
1654 1593 1795 1659 licitum.
1822 1573 1863 1659 Et
1887 1595 2100 1681 arguebatur
2123 1594 2218 1677 quod
2242 1592 2304 1669 sic,
2331 1592 2413 1677 quia

935 1712 1064 1777 habere
1088 1712 1186 1796 plura
1205 1710 1378 1776 beneficia
1401 1710 1500 1775 simul
1526 1712 1569 1775 ab
1595 1710 1720 1775 eodem
1745 1722 1798 1775 est
1822 1711 1948 1774 malum
1974 1720 2006 1775 et
2031 1709 2184 1774 illicitum
2210 1731 2272 1794 per
2295 1731 2333 1774 se
2358 1709 2412 1775 vel

934 1828 1128 1893 secundum
1149 1849 1198 1905 se,
1219 1837 1386 1892 ettamen
1413 1848 1475 1912 per
1498 1825 1797 1911 dispensationem
1823 1836 1937 1911 potest
1962 1847 2040 1890 esse
2065 1828 2196 1890 bonum
2221 1836 2255 1891 et
2271 1825 2411 1890 licitum.

935 1943 1053 2026 Quare
1086 1953 1119 2009 et
1151 1953 1275 2009 cetera.
1312 1943 1538 2007 Antecedens
1569 1943 1744 2026 probatur.
1780 1943 1868 2006 Nam
1904 1941 2075 2007 beneficia
2110 1942 2236 2007 dantur
2271 1954 2414 2027 propter

934 2058 1048 2124 officia
1075 2060 1127 2124 vel
1156 2059 1304 2124 servitia.
1334 2060 1388 2124 De
1416 2059 1488 2123 iure
1521 2080 1605 2144 ergo
1638 2059 1784 2123 naturali
1814 2070 1866 2122 est
1894 2070 1930 2123 ut
1958 2057 2166 2123 deservienti
2195 2070 2229 2123 et
2260 2059 2411 2124 officium

933 2174 1075 2241 facienti
1106 2175 1206 2240 detur
1236 2174 1444 2240 beneficium
1475 2176 1529 2240 vel
1558 2174 1768 2260 stipendium
1798 2185 1832 2238 et
1860 2196 1930 2239 uon
1964 2173 2173 2239 deservienti
2201 2195 2272 2239 non
2301 2175 2411 2240 detur.

934 2291 1028 2379 Ergo
1055 2292 1183 2356 malum
1212 2302 1265 2356 est
1292 2291 1486 2355 secundum
1511 2312 1549 2355 se
1574 2290 1729 2374 recipere
1758 2289 1966 2355 ueneficium
1991 2289 2123 2355 ratione
2148 2289 2247 2355 cuius
2275 2311 2347 2355 non
2374 2291 2412 2355 lit

933 2407 1085 2473 officium
1114 2419 1148 2472 et
1172 2406 1357 2472 servitium.
1384 2406 1454 2471 Sed
1480 2408 1549 2471 hoc
1574 2405 1744 2493 contingit
1769 2426 1847 2470 curn
1872 2406 1949 2489 quis
1973 2407 2078 2471 habet
2106 2407 2202 2491 plura
2229 2407 2410 2473 beneficia.

933 2523 1021 2588 Nam
1046 2522 1146 2587 simul
1173 2524 1270 2607 plura
1295 2522 1469 2587 deservire
1495 2544 1565 2585 non
1591 2532 1715 2606 potest.
1742 2522 1860 2604 Quare
1885 2533 1918 2586 et
1943 2532 2068 2586 cetera.

1022 2639 1163 2703 Contra.
1204 2638 1358 2721 Quando
1399 2637 1526 2721 aliquid
1568 2649 1619 2702 est
1659 2637 1807 2721 aliquale
1847 2638 2040 2702 secundum
2081 2659 2119 2701 se
2162 2637 2216 2704 vel
2264 2661 2326 2725 per
2361 2662 2410 2720 se,

932 2753 1132 2840 oppositum
1171 2755 1267 2818 nullu
1302 2754 1408 2817 modo
1449 2764 1564 2837 potest
1595 2753 1626 2817 ei
1658 2753 1784 2817 inesse.
1822 2754 1915 2838 Ergo
1955 2753 2038 2818 illud
2069 2755 2163 2838 (prod
2204 2776 2266 2839 per
2305 2777 2343 2821 se
2375 2767 2411 2821 et

932 2871 1126 2936 secundum
1160 2892 1198 2934 se
1227 2881 1280 2935 est
1308 2871 1434 2933 malum
1466 2869 1561 2934 nullo
1594 2869 1700 2933 modo
1733 2879 1848 2953 potest
1878 2891 1956 2934 esse
1982 2870 2035 2935 vel
2070 2869 2144 2934 fieri
2169 2872 2311 2950 bonum,
2337 2894 2408 2936 non

933 3007 1019 3074 ergo
1044 2986 1296 3072 dispensatum.

1022 3102 1234 3186 Respondeo
1251 3101 1437 3166 dicendum
1455 3103 1550 3185 quod
1569 3123 1810 3185 quaecumque
1828 3114 1908 3166 sunt
1925 3103 2019 3166 bona
2036 3103 2090 3168 vel
2108 3103 2197 3166 mala
2212 3104 2408 3169 secundum

930 3238 979 3297 se,
1004 3217 1039 3282 id
1074 3230 1127 3282 est
1163 3217 1251 3280 iusta
1284 3218 1337 3281 vel
1375 3216 1501 3281 iniusta
1525 3217 1702 3301 loquendo
1730 3217 1937 3303 generaliter
1964 3217 1998 3281 in
2027 3238 2157 3304 genere
2186 3218 2302 3298 moris
2327 3230 2410 3284 sunt

931 3334 1011 3398 talia
1036 3334 1129 3418 quod
1155 3334 1348 3398 secundum
1375 3356 1412 3397 se
1437 3344 1518 3397 sunt
1539 3334 1582 3397 de
1608 3333 1681 3397 iure
1706 3332 1849 3397 naturali
1875 3334 1927 3398 vel
1953 3332 2082 3413 divino
2105 3344 2140 3398 et
2163 3334 2409 3400 convenientia

932 3460 1047 3515 rectae
1072 3449 1196 3514 rationi
1220 3450 1274 3513 vel
1306 3463 1427 3514 contra
1451 3450 1549 3514 haec.
1576 3449 1646 3513 Sed
1680 3450 1713 3513 in
1739 3449 1793 3513 his
1824 3460 1905 3514 sunt
1936 3450 2090 3534 gradus:
2119 3451 2290 3534 quaedam
2316 3451 2408 3516 enim

931 3565 983 3630 sic
1007 3576 1088 3631 sunt
1112 3567 1206 3630 bona
1242 3567 1436 3629 secundum
1467 3587 1505 3629 se
1541 3566 1635 3648 quod
1668 3587 1709 3630 ex
1734 3576 1857 3629 natura
1878 3586 1953 3657 ‘sua
1987 3576 2068 3629 sunt
2106 3565 2332 3631 determinata
2365 3568 2409 3631 ad

931 3683 1074 3760 bonum,
1099 3681 1146 3745 ita
1170 3683 1264 3766 quod
1289 3682 1384 3745 nullo
1410 3682 1515 3745 modo
1541 3693 1690 3766 possunt
1708 3703 1786 3746 esse
1804 3682 1894 3745 mala
1909 3680 1973 3745 nisi
1992 3683 2135 3746 multum
2153 3703 2216 3767 per
2232 3682 2408 3763 accidens

931 3797 1020 3863 sicut
1044 3800 1217 3862 honorare
1242 3809 1414 3882 parentes
1429 3810 1462 3861 et
1486 3818 1505 3860 e
1531 3809 1652 3861 contra
1677 3809 1728 3861 est
1754 3797 1786 3860 in
1813 3796 1921 3861 malis.
1948 3797 2046 3863 Haec
2071 3809 2186 3863 autem
2211 3810 2292 3864 sunt
2316 3821 2408 3884 quae

931 3912 1094 3979 dicuntur
1129 3935 1206 3978 esse
1237 3915 1330 3977 bona
1367 3925 1400 3977 et
1439 3913 1528 3977 iusta
1564 3913 1617 3978 vel
1653 3914 1742 3976 mala
1777 3925 1810 3978 et
1846 3912 1972 3978 iniusta
2011 3912 2213 3999 simpliciter
2252 3915 2296 3980 de
2336 3915 2408 3981 iure

931 4040 1086 4109 naturae,
1122 4040 1156 4093 et
1191 4030 1234 4094 de
1267 4029 1339 4093 istis
1376 4030 1501 4093 dantur
1535 4040 1723 4114 praecepta
1758 4028 1900 4093 moralia
1935 4029 2095 4117 decalogi
2127 4051 2217 4115 quae
2247 4030 2409 4097 dicuntur

930 4158 1119 4231 praecepta
1135 4145 1217 4209 iuris
1235 4145 1410 4223 naturalis,
1427 4145 1470 4209 de
1488 4144 1614 4228 quibus
1632 4144 1756 4208 dicitur
1772 4145 1818 4208 azl
1834 4145 2083 4227 Romanos¹(ll
2097 4147 2271 4211 secundo:
2283 4158 2408 4234 gentes

931 4283 1022 4346 quae
1057 4263 1170 4346 legem
1207 4283 1277 4326 non
1311 4263 1442 4325 liabent
1474 4260 1673 4325 naturaliter
1708 4282 1750 4325 ea
1781 4281 1871 4345 quae
1906 4261 1995 4348 legis
2019 4272 2100 4326 sunt
2132 4261 2272 4327 faciunt.
2311 4265 2409 4329 Haec

931 4375 1021 4442 enim
1048 4387 1099 4442 est
1124 4377 1252 4461 scripta
1278 4377 1311 4440 in
1341 4376 1505 4441 cordibus
1531 4375 1710 4441 hominum
1743 4377 1936 4441 secundum
1963 4378 2154 4441 naturalem
2179 4378 2407 4463 aptitudinem

930 4493 974 4557 ad
999 4492 1144 4557 faciliter
1174 4492 1521 4577 apprehendendum,
1546 4491 1635 4557 sicut
1663 4491 1833 4577 contingit
1861 4491 1895 4556 in
1926 4491 2105 4578 principiis
2133 4493 2407 4578 speculabilium,

892 4610 896 4617 '
930 4620 964 4674 et
988 4608 1090 4674 etiam
1116 4607 1149 4672 in
1177 4609 1303 4672 talibus
1335 4630 1406 4672 non
1440 4607 1532 4673 cadit
1558 4607 1774 4693 dispensatio
1799 4620 1966 4691 quantum
1995 4609 2039 4672 ad
2064 4608 2233 4674 rationem
2258 4609 2408 4676 iustitiae

930 4745 1034 4810 quam
1058 4723 1248 4789 continent.
1274 4724 1360 4787 Nam
1387 4735 1575 4808 praecepta
1599 4723 1730 4807 primae
1755 4724 1893 4789 tabulae
1918 4745 2008 4808 quae
2037 4723 2200 4789 ordinant
2224 4726 2267 4790 ad
2293 4727 2407 4792 Deum

929 4839 1111 4905 continent
1134 4840 1248 4925 ipsum
1273 4839 1429 4903 ordinem
1455 4839 1499 4903 ad
1524 4840 1656 4903 bonum
1682 4860 1868 4904 commune
1900 4851 1934 4904 et
1958 4839 2061 4906 finale
2090 4841 2185 4924 quod
2221 4852 2274 4906 est
2298 4843 2406 4907 Deus

929 4956 1120 5041 Praecepta
1153 4967 1267 5020 autem
1307 4955 1484 5019 secundae
1520 4955 1658 5018 tabulae
1691 4954 1872 5019 continent
1910 4953 2024 5039 ipsum
2059 4955 2216 5021 ordinem
2257 4956 2407 5023 iustitiae

929 5069 1017 5137 inter
1055 5071 1217 5136 homines
1253 5071 1505 5145 observandae,
1538 5080 1574 5134 ut
1607 5069 1739 5134 scilicet
1774 5070 1857 5134 nulli
1887 5069 1946 5134 fiat
1977 5069 2169 5136 indebitum
2202 5083 2235 5138 et
2267 5073 2408 5139 cuilibet

928 5188 1093 5253 reddatur
1116 5186 1280 5252 debitum.
1307 5187 1349 5250 Et
1380 5186 1424 5251 de
1448 5186 1573 5250 talibus
1599 5185 1682 5251 dicit
1705 5187 1904 5250 Bernartius
1921 5190 1968 5270 (2)
1993 5186 2028 5251 in
2050 5185 2198 5272 epistula
2222 5189 2267 5253 ad
2292 5189 2406 5254 Adam

928 5303 1161 5369 monachum:
1187 5303 1359 5386 quaedam
1386 5312 1467 5366 sunt
1495 5324 1581 5387 pura
1609 5303 1714 5379 bona,
1743 5303 1915 5386 quaedam
1944 5323 2031 5387 pura
2062 5287 2160 5383 mala,
2186 5314 2221 5369 et
2244 5303 2345 5369 etiam
2371 5304 2406 5371 in

1020 5614 1082 5666 'orl
1101 5614 1259 5682 Ir'ormrnus]
1280 5613 1418 5666 Inlrannis
1438 5613 1471 5666 V.

1017 5835 1057 5898 tlt
1078 5833 1159 5884 Rom.
1175 5833 1210 5898 ll,
1228 5835 1258 5885 14
1271 5840 1299 5885 et
1320 5836 1357 5885 15.
1374 5864 1403 5870 -
1426 5836 1464 5898 (2)
1486 5831 1660 5885 Bernardi
1682 5832 1823 5902 Epistula
1838 5831 1891 5884 Vll
1905 5832 1946 5884 ud
1959 5832 2056 5888 zldcrm
2072 5833 2290 5901 ,tivum-tunm
2309 5836 2352 5901 (P.
2367 5836 2407 5911 a,

927 5920 985 5986 vol.
1007 5922 1065 5986 18¹2,
1086 5919 1140 5974 col.
1160 5924 1215 5981 95).
