6700 7992
1358 1441 1509 1496 PRIMUM
1541 1439 1839 1510 QUODLIBETUM‚
1869 1440 1905 1510 Q.
1930 1441 1983 1494 XV
2374 1441 2408 1492 37

931 1619 1033 1684 annis
1057 1619 1203 1686 reddere
1228 1618 1377 1704 aliquam
1402 1618 1618 1705 pensionem.
1644 1620 1688 1685 Et
1712 1622 1923 1708 arguebatur
1946 1620 2041 1705 quod
2065 1621 2133 1685 tale
2158 1618 2406 1685 monasterium

931 1733 1043 1821 possit
1059 1733 1239 1821 imponere
1259 1734 1269 1771 ¹
1292 1734 1350 1800 tali
1375 1734 1541 1821 prioratui
1557 1736 1626 1801 tale
1650 1757 1751 1816 onus,
1773 1735 1855 1821 quia
1878 1737 2032 1801 membra
2056 1735 2221 1800 inferiora
2244 1744 2407 1800 tenentur

931 1850 1036 1936 capiti
1063 1850 1234 1937 superiori
1260 1850 1448 1916 subvenire
1472 1861 1507 1916 et
1531 1851 1792 1917 subministrare
1809 1862 1844 1918 et
1859 1862 1966 1937 caput
1989 1862 2105 1938 potest
2129 1851 2173 1916 ad
2198 1872 2295 1916 suam
2321 1849 2407 1915 utili·

931 1976 1036 2031 tatem
1067 1965 1117 2031 eis
1145 1966 1203 2031 uti.
1233 1965 1305 2032 Sed
1333 1966 1506 2053 prioratus
1533 1966 1733 2053 praedictus
1762 1967 1971 2054 supponitur
1998 1988 2078 2033 esse
2105 1969 2297 2033 membrum
2325 1965 2407 2032 dicti

930 2081 1141 2147 monasterii.
1170 2081 1265 2169 Ergo
1300 2082 1426 2168 poterit
1458 2083 1489 2149 ei
1521 2082 1662 2167 aliquod
1694 2105 1785 2149 onus
1819 2082 2019 2148 huiusmodi
2051 2082 2183 2169 imponi
2211 2083 2255 2147 ad
2284 2081 2406 2168 capitis

931 2196 1134 2262 subsidium.
1161 2197 1280 2280 Quare
1305 2208 1339 2263 et
1362 2208 1487 2264 cetera.

1020 2312 1160 2378 Contra.
1186 2314 1267 2379 Non
1292 2313 1397 2379 debet
1420 2313 1548 2399 aliquid
1573 2314 1646 2380 fieri
1671 2335 1734 2400 per
1757 2316 1852 2399 quod
1877 2313 2071 2380 fundatoris
2096 2313 2242 2379 intentio
2270 2314 2406 2380 defrau-

931 2429 1040 2494 detur.
1073 2427 1146 2495 Sed
1181 2451 1244 2514 per
1284 2428 1541 2514 impositionem
1583 2429 1659 2494 talis
1696 2429 1812 2496 oneris
1853 2430 2117 2495 defraudaretur
2146 2428 2292 2495 intentio
2324 2428 2405 2495 dicti

930 2544 1134 2623 fundatoris,
1153 2544 1234 2628 quia
1250 2566 1292 2610 ex
1306 2545 1376 2610 hoc
1392 2557 1595 2629 sequeretur
1612 2545 1795 2610 diminutio
1812 2545 1945 2611 numeri
1962 2544 2239 2624 ministrantium,
2257 2546 2405 2612 eleemo-

930 2680 1094 2744 synarum
1118 2671 1153 2726 et
1175 2659 1384 2725 huiusmodi.
1411 2661 1530 2744 Quare
1555 2672 1589 2726 et
1614 2670 1740 2726 cetera.

1019 2775 1231 2861 Respondeo
1259 2775 1446 2841 dicendum
1478 2776 1573 2861 quod
1605 2797 1685 2842 cum
1721 2776 1866 2843 intentio
1895 2790 1928 2843 et
1957 2777 2098 2842 devotio
2128 2777 2281 2843 fidelium
2313 2776 2406 2843 circa

931 2891 1169 2957 ecclesiastica
1194 2891 1381 2977 praecipue
1409 2891 1453 2956 sit
1480 2893 1701 2957 observanda
1732 2891 1798 2957 nisi
1831 2892 2024 2958 necessitas
2055 2894 2109 2958 vel
2143 2892 2268 2957 utilitas
2301 2903 2406 2980 cogat

930 3007 984 3072 vel
1001 3007 1144 3072 inducat
1160 3008 1204 3072 ad
1229 3007 1479 3072 immutandum
1500 3006 1520 3086 ²,
1538 3028 1604 3073 nec
1629 3019 1713 3073 tunc
1736 3007 1937 3073 contrariari
1954 3008 2093 3092 proprie
2110 3007 2280 3095 contingit
2296 3007 2405 3073 inten-

930 3108 1016 3188 tioni
1050 3124 1104 3188 vel
1139 3122 1316 3188 devotioni
1349 3122 1548 3209 praedictae
1568 3124 1711 3190 -saltem
1751 3145 1854 3208 quam
1893 3123 2156 3211 intelligendum
2192 3134 2245 3188 est
2275 3124 2406 3190 habere

930 3238 1052 3305 fideles
1080 3239 1114 3303 in
1138 3239 1219 3304 talia
1246 3238 1470 3325 disponendo
1498 3240 1620 3305 saltem
1644 3238 1680 3304 in
1707 3239 1828 3304 habitu
1856 3251 1890 3304 et
1917 3239 2082 3326 implicite
2108 3250 2275 3326 -prout
2302 3239 2403 3305 etiam

931 3354 1078 3420 dicitur:
1104 3376 1175 3420 non
1200 3367 1253 3420 est
1276 3355 1406 3421 fractor
1429 3355 1500 3419 voti
1525 3355 1583 3440 qui
1607 3355 1690 3420 illud
1715 3377 1787 3420 non
1811 3355 1930 3441 implet
1946 3355 2027 3441 quia
2044 3377 2116 3421 non
2141 3366 2259 3443 potest
2282 3377 2404 3422 neces·

929 3469 1030 3536 sitate
1054 3471 1168 3557 ipsum
1197 3482 1398 3550 excusante,
1427 3471 1480 3536 vel
1505 3470 1612 3537 cum³
1635 3469 1718 3536 illud
1746 3482 1935 3537 commutat
1960 3471 1993 3536 in
2023 3472 2155 3552 melius,
2182 3511 2221 3519 -
2246 3471 2329 3538 hinc
2353 3482 2406 3538 est

930 3587 1023 3671 quod
1056 3585 1090 3651 in
1119 3608 1203 3652 casu
1235 3586 1418 3672 proposito
1449 3588 1559 3652 abbas
1586 3607 1659 3652 non
1691 3597 1807 3671 potest
1834 3586 2016 3673 imponere
2048 3587 2105 3652 tali
2141 3587 2305 3674 prioratui
2338 3589 2405 3653 tale

930 3724 1020 3768 onus
1038 3704 1051 3737 ¹
1066 3702 1130 3767 nisi
1149 3704 1194 3768 ob
1211 3702 1457 3768 necessitatem
1474 3703 1528 3768 vel
1545 3725 1708 3790 magnam
1733 3702 1912 3768 utilitatem
1937 3725 2008 3769 non
2032 3703 2200 3790 privatam
2225 3704 2288 3769 sed
2313 3725 2405 3770 com·

929 3839 1070 3883 munem
1106 3831 1139 3883 et
1170 3819 1239 3884 hoc
1270 3830 1386 3884 tamen
1418 3839 1490 3883 non
1523 3818 1589 3883 nisi
1619 3818 1824 3885 auctoritate
1860 3818 2049 3904 superioris
2083 3818 2215 3885 scilicet
2246 3818 2405 3905 episcopi

930 3934 1047 4016 (Extra
1071 3934 1115 3999 de
1132 3933 1307 4013 censibus
1333 3934 1484 4019 capitulo
1508 3934 1739 4001 Prohibemus
1764 3946 1797 3999 et
1822 3936 2006 4000 Praeterea
2030 3934 2162 4019 illi[us])
2188 3937 2244 4017 (l).
2271 3936 2405 4001 Omnes

929 4049 1021 4116 enim
1048 4051 1135 4115 tales
1159 4049 1379 4130 mutationes
1406 4051 1532 4134 quibus
1556 4050 1731 4117 receditur
1759 4052 1802 4116 ab
1826 4050 1880 4116 his
1905 4072 1995 4135 quae
2019 4051 2221 4139 regulariter
2248 4063 2282 4117 et
2312 4073 2405 4118 com·

928 4166 1078 4231 muniter
1101 4177 1182 4231 sunt
1206 4167 1438 4245 observanda,
1462 4165 1745 4252 dispensationes
1762 4167 1933 4251 quaedam
1959 4178 2049 4232 sunt.
2068 4167 2171 4233 Unde
2189 4167 2405 4255 coniungere

930 4283 984 4347 vel
1008 4282 1163 4347 dividere
1179 4281 1352 4348 beneficia
1376 4293 1409 4347 et
1437 4281 1636 4347 huiusmodi
1662 4304 1734 4348 non
1758 4283 1889 4348 debent
1917 4281 1989 4347 lieri
2019 4283 2084 4347 nisi
2112 4305 2155 4349 ex
2180 4304 2287 4349 causa
2304 4283 2405 4350 ratio-

929 4397 1034 4463 nabili
1059 4409 1093 4462 et
1124 4397 1222 4462 iusta.
1252 4396 1289 4463 Si
1318 4418 1404 4485 ergo
1429 4398 1677 4463 monasterium
1709 4399 1853 4463 multum
1882 4397 2038 4485 indigeat
2066 4411 2099 4463 et
2127 4398 2239 4487 magis
2263 4399 2406 4486 expedit

929 4513 973 4578 ad
1008 4513 1186 4580 Ecclesiae
1216 4512 1394 4578 utilitatem
1428 4512 1554 4597 quod⁶
1588 4513 1799 4579 monasterio
1832 4527 2009 4597 tamquam
2038 4513 2142 4599 capiti
2172 4516 2264 4581 bene
2292 4515 2405 4601 provi·

928 4630 1051 4695 deatur
1081 4651 1184 4714 quam
1216 4628 1391 4714 prioratui,
1420 4650 1486 4694 nec
1514 4631 1582 4695 hoc
1616 4629 1726 4715 possit
1757 4628 1829 4694 fieri
1861 4631 1957 4694 bono
1985 4631 2091 4695 modo
2122 4629 2188 4695 nisi
2222 4631 2266 4696 de
2300 4631 2405 4696 bonis

929 4744 1011 4811 dicti
1035 4744 1234 4810 monasterii
1259 4743 1373 4828 aliqua
1401 4746 1646 4809 abstrahantur
1672 4746 1726 4810 vel
1759 4745 1874 4830 aliqua
1902 4744 2102 4810 huiusmodi
2133 4745 2365 4812 interveniant
2382 4746 2404 4825 ⁰,

928 4872 1044 4947 potest
1059 4860 1142 4925 fieri.
1168 4859 1204 4926 Si
1223 4872 1338 4926 autem
1362 4859 1562 4925 huiusmodi
1590 4881 1681 4926 onus
1712 4861 1818 4926 debet
1851 4860 1993 4945 imponi,
2027 4860 2225 4927 faciendum
2255 4873 2308 4927 est
2335 4864 2404 4928 hoc

928 4976 985 5042 illo
1010 4975 1165 5062 prioratu
1189 4986 1347 5056 vacante,
1372 4976 1426 5041 vel
1459 4996 1502 5040 ex
1526 4975 1707 5042 intervallo
1732 4987 1812 5062 post
1837 4975 2073 5061 provisionem
2102 4977 2228 5042 factam
2254 4978 2298 5043 de
2322 4997 2404 5045 con·

927 5114 1034 5158 sensu
1059 5092 1134 5157 eius
1159 5091 1215 5157 cui
1248 5093 1410 5158 collatum
1445 5103 1498 5157 est
1529 5091 1738 5158 beneficium
1773 5092 1801 5156 si
1833 5091 2016 5157 consuevit
2048 5093 2197 5158 conferri
2233 5094 2404 5160 canonice

872 5287 875 5291 .
928 5218 962 5274 et
995 5209 1039 5273 ad
1067 5207 1343 5294 perpetuitatem,
1372 5229 1444 5272 non
1480 5208 1524 5272 ad
1560 5209 1774 5273 voluntatem
1810 5207 2017 5293 superioris3
2051 5207 2203 5292 alioquin
2231 5209 2405 5276 videretur

928 5323 1093 5390 committi
1129 5322 1286 5388 simonia.
1322 5322 1510 5388 Instituens
1546 5345 1631 5408 ergo
1670 5325 1724 5389 vel
1764 5324 1917 5388 fundans
1952 5323 2054 5389 talem
2094 5324 2281 5410 prioratum
2323 5325 2404 5409 quia

927 5438 1098 5504 transtulit
1136 5438 1402 5524 dispositionem
1439 5437 1528 5503 illius
1569 5438 1761 5518 Ecclesiae,
1799 5461 1864 5503 sua
1901 5438 2094 5505 intentione
2129 5461 2200 5506 non
2240 5443 2403 5508 obstante

1017 5751 1025 5780 ¹
1044 5749 1154 5820 imponi
1174 5749 1207 5802 V.
1228 5781 1261 5790 -
1281 5749 1292 5782 ¹
1310 5748 1482 5804 imitandum
1502 5750 1536 5805 V.
1556 5782 1588 5790 -
1608 5751 1619 5783 ³
1639 5759 1697 5804 tarn
1718 5751 1747 5804 Ρ.
1763 5783 1797 5791 -
1817 5753 1826 5782 ⁴
1846 5768 1921 5822 opus
1941 5751 1971 5804 P.
1991 5783 2025 5790 -
2045 5752 2056 5783 ⁸
2074 5769 2162 5824 quam
2182 5753 2213 5806 P.
2233 5785 2266 5793 -
2286 5754 2298 5784 ⁸
2316 5754 2403 5808 inter·

926 5836 1026 5891 veniat
1045 5837 1075 5890 P.

1014 6043 1055 6109 (1)
1074 6058 1098 6096 c.
1118 6045 1142 6096 7.
1162 6045 1186 6096 8.
1206 6043 1241 6097 Χ.
1261 6042 1397 6098 decens.
1417 6042 1467 6097 111.
1487 6045 1530 6099 39,
