6700 7992
1266 1419 1461 1489 Quintum
1492 1420 1792 1489 Quoocrsssrunr,
1820 1420 1856 1490 Q.
1886 1420 1913 1474 u
2272 1428 2325 1478 aaa
2380 1458 2385 1464 .

846 1606 890 1654 est
915 1606 1011 1652 utrum
1031 1598 1060 1651 in
1085 1597 1226 1668 gradibus
1252 1596 1458 1651 essentialibus
1484 1606 1683 1651 creaturarum
1708 1597 1884 1652 habentibus
1916 1599 2102 1653 essentialem
2130 1601 2262 1655 ordinem
2288 1602 2326 1656 sit

847 1693 997 1767 possibilis
1010 1711 1168 1767 processus
1187 1693 1215 1746 in
1236 1693 1410 1746 inlinitum.-

936 1790 983 1844 Ad
997 1790 1121 1861 primum
1144 1789 1185 1843 sic
1205 1788 1383 1861 proceditur,
1403 1798 1432 1842 et
1452 1789 1583 1859 arguitur
1602 1790 1682 1860 quod
1702 1808 1812 1861 ponere
1826 1799 1976 1845 creaturas
1997 1792 2033 1845 ab
2049 1801 2169 1847 aeterno
2184 1803 2323 1865 quantum

847 1887 884 1940 ad
910 1904 975 1940 esse
1000 1885 1079 1957 quod
1107 1886 1217 1939 habent
1244 1885 1273 1939 iu
1299 1903 1416 1956 genere,
1442 1895 1487 1939 est
1514 1903 1624 1956 ponere
1653 1886 1791 1939 mundum
1819 1888 1855 1951 ab
1882 1896 2011 1941 aeterno.
2037 1888 2115 1959 Quia
2141 1908 2251 1960 ponere
2277 1909 2324 1944 res

846 1982 1006 2037 secundum
1036 1999 1101 2035 esse
1133 1982 1212 2051 quod
1244 1982 1353 2034 habent
1380 1982 1408 2034 in
1433 1999 1466 2035 se
1498 1981 1570 2052 ipsis
1596 2000 1661 2035 esse
1690 1984 1727 2035 al>
1757 1971 1887 2049 aeterno,
1912 1993 1957 2037 est
1985 2001 2095 2055 ponere
2122 1986 2260 2040 mundum
2287 1989 2324 2040 ab

845 2087 975 2133 aeterno,
1000 2077 1060 2131 Sed
1085 2095 1150 2131 esse
1176 2076 1254 2148 quod
1279 2095 1327 2130 res
1352 2078 1461 2131 habent
1486 2077 1515 2130 in
1542 2095 1651 2148 genere
1678 2081 1746 2131 est¹
1777 2095 1844 2132 esse
1873 2078 1951 2149 quod
1977 2080 2087 2133 habent
2104 2081 2147 2134 ·in
2178 2099 2211 2135 se
2242 2082 2323 2153 ipsis.

845 2178 924 2247 Ergo
943 2184 972 2228 et
992 2185 1099 2228 cetera.
1119 2206 1151 2213 -
1172 2173 1265 2226 lllaior
1285 2173 1475 2245 supponitur;
1496 2174 1589 2226 minor
1609 2175 1750 2244 probatur
1763 2175 1780 2228 ².
1803 2174 1880 2244 Quia
1906 2193 1952 2228 res
1972 2193 2029 2228 non
2053 2176 2185 2246 habe[u]t
2205 2196 2270 2232 esse
2295 2180 2324 2234 in

847 2288 956 2343 genere
981 2269 1143 2323 secundum
1170 2269 1249 2340 quod
1272 2270 1361 2322 habet
1386 2271 1478 2323 esse⁸
1497 2270 1526 2321 in
1546 2279 1643 2322 mente
1669 2269 1769 2323 divina
1795 2269 1862 2341 quia
1887 2270 1930 2323 sic
1955 2280 2000 2324 est
2024 2271 2169 2326 illimitata
2191 2283 2220 2327 et
2243 2284 2325 2328 extra

846 2383 948 2439 genuS,
973 2349 1028 2419 nec
1054 2365 1214 2418 secundum
1240 2382 1306 2418 esse
1333 2364 1412 2435 quod
1432 2366 1521 2418 habet
1546 2365 1574 2418 in
1600 2365 1752 2420 intellectu
1778 2375 1878 2419 creato
1905 2365 1972 2437 quia
1997 2367 2054 2419 hoc
2079 2378 2124 2420 est
2152 2369 2324 2423 diminutum

847 2466 925 2516 nec*
945 2471 990 2516 est
1016 2463 1044 2515 in
1069 2479 1187 2531 genere,
1214 2478 1269 2514 nec
1293 2461 1455 2514 secundum
1481 2478 1547 2514 esse
1570 2462 1649 2532 quod
1674 2463 1790 2516 lrabet⁵
1814 2461 1843 2514 in
1869 2462 1929 2515 suis
1952 2461 2103 2534 principiis
2123 2465 2191 2535 quia
2210 2466 2325 2520 hocest

846 2577 912 2613 esse
935 2558 963 2612 in
989 2556 1120 2629 potentia
1146 2566 1175 2610 et
1200 2557 1361 2611 secundum
1387 2557 1465 2627 quid.
1493 2557 1677 2629 Relinquitur
1699 2576 1770 2629 ergo
1794 2558 1874 2629 quod
1895 2568 1963 2612 sunt
1985 2557 2013 2612 in
2035 2578 2144 2631 genere
2164 2562 2324 2616 secundum

846 2672 914 2709 esse
934 2654 1012 2725 quod
1033 2654 1142 2707 habent
1161 2653 1190 2707 in
1210 2670 1242 2706 se
1263 2652 1342 2725 ipsis.
1364 2654 1399 2707 Et
1419 2654 1462 2707 sic
1482 2662 1563 2723 patet
1583 2653 1685 2706 minor.

935 2751 1054 2804 Contra.
1074 2749 1215 2802 Mundum
1244 2748 1334 2802 fuisse
1363 2750 1400 2801 ab
1420 2756 1541 2802 aeterno
1567 2757 1611 2802 est
1638 2749 1875 2803 condemnatum.
1900 2750 1966 2802 Non
1992 2759 2090 2804 autem
2117 2761 2161 2805 est
2188 2754 2326 2808 condem-

845 2847 967 2899 natum⁰
991 2863 1038 2898 res
1066 2844 1155 2898 luisse
1180 2846 1216 2897 ab
1243 2854 1363 2898 aeterno
1384 2852 1523 2914 quantum
1553 2844 1590 2897 ad
1615 2861 1682 2898 esse
1708 2845 1788 2915 quod
1803 2846 1912 2899 habent
1937 2846 1966 2898 in
1991 2865 2110 2916 genere,
2139 2866 2203 2901 cum
2236 2850 2324 2921 aliqui

846 2941 982 2995 catholici
1002 2949 1122 2994 teneant
1138 2942 1154 2993 ⁷.
1175 2941 1252 3011 Ergo
1272 2959 1360 2993 unum
1379 2940 1500 2994 istorum
1521 2958 1580 2993 non
1600 2943 1670 2993 est⁸
1691 2940 1767 2994 idem
1789 2941 1867 3011 quod
1888 2942 1975 2995 aliud.

936 3036 1122 3107 Respondeo.
1152 3036 1200 3088 Ad
1227 3036 1406 3089 evidentiam
1435 3035 1518 3089 istius
1547 3036 1729 3106 quaestionis
1754 3038 1905 3090 sciendum
1934 3038 2028 3109 primo
2059 3038 2138 3109 quod
2165 3040 2233 3093 licet
2260 3058 2325 3095 esse

846 3133 999 3205 complexe
1014 3132 1145 3185 dictum⁹
1159 3132 1229 3185 dicit
1249 3132 1402 3185 veritatem
1417 3132 1628 3202 propositionis
1642 3132 1718 3186 sieut
1732 3132 2003 3203 praedicamentum
2019 3139 2039 3164 ¹⁰
2052 3135 2089 3187 de
2103 3135 2257 3190 accidente
2271 3155 2326 3191 uec

846 3229 883 3283 sit
903 3229 931 3282 in
951 3227 1200 3299 praedicamento,
1215 3237 1312 3281 tarnen
1333 3247 1398 3281 esse
1418 3227 1496 3295 quod
1517 3227 1587 3281 dicit
1607 3211 1704 3282 actum
1725 3229 1870 3283 existendi
1890 3248 1951 3282 rem
1972 3240 2001 3283 et
2022 3230 2129 3284 dicitur
2142 3232 2325 3304 incomplexe

847 3325 923 3379 sicut
951 3333 995 3377 est
1025 3332 1108 3377 actus
1137 3324 1282 3378 existendi
1301 3324 1486 3377 substantiae
1516 3325 1562 3377 vel
1583 3324 1757 3395 quantitatis
1777 3336 1806 3378 et
1829 3326 1871 3378 sic
1890 3326 1927 3379 de
1947 3325 2020 3391 aliis,
2044 3336 2089 3380 est
2110 3327 2186 3380 idem
2210 3346 2326 3382 recum

847 3420 983 3488 essentia,
997 3421 1072 3475 sicut
1100 3420 1173 3474 alias
1197 3424 1235 3486 ll)
1257 3419 1366 3474 dictum
1394 3429 1447 3486 cst,
1467 3428 1496 3473 et
1523 3429 1634 3473 tantum
1661 3431 1706 3474 est
1732 3438 1779 3473 res
1805 3421 1833 3474 in
1859 3421 2099 3492 praedicamento
2129 3434 2267 3494 quantum
2289 3425 2326 3478 ad

846 3536 935 3572 unum
955 3519 1031 3572 sicut
1056 3526 1196 3588 quantum
1223 3516 1260 3569 ad
1287 3517 1419 3583 alterum,
1447 3525 1476 3569 et
1501 3515 1569 3569 ideo
1595 3525 1707 3570 tantum
1734 3525 1779 3570 cst
1805 3517 1900 3570 resin
1925 3518 2166 3587 praedicamento
2187 3528 2326 3589 quantum

847 3614 885 3667 ad
901 3617 919 3645 ¹¹
941 3631 1007 3667 esse
1027 3612 1200 3667 existentiae
1215 3611 1290 3666 sicut
1305 3621 1349 3665 est
1363 3622 1504 3682 quantum
1525 3611 1563 3664 ad
1577 3628 1643 3665 esse
1657 3611 1813 3665 essentiae.
1830 3644 1862 3650 —
1885 3611 2023 3666 Secundo
2037 3614 2189 3668 sciendum
2207 3617 2227 3646 ¹²
2249 3616 2327 3687 quod

846 3728 893 3763 res
912 3710 1002 3764 habet
1024 3707 1178 3780 tripliciter
1194 3709 1214 3739 ¹³
1240 3725 1314 3761 esse.
1341 3708 1406 3761 Uno
1427 3707 1516 3760 modo
1537 3708 1564 3760 in
1585 3707 1649 3760 sola
1669 3707 1801 3778 potentia
1821 3709 1875 3761 Dei
1902 3709 2053 3772 creatoris
2078 3710 2154 3763 sicut
2179 3721 2262 3765 eraut
2280 3730 2328 3765 res

847 3805 992 3860 creabiles
1017 3814 1173 3875 antequam
1203 3810 1389 3862 crearentur;
1418 3802 1475 3856 alio
1496 3788 1642 3855 modo'in
1672 3803 1804 3874 potentia
1831 3805 1997 3875 propinqua
2028 3813 2088 3859 tam
2117 3806 2328 3878 principiorum

846 3901 1070 3955 intrinsecorum
1090 3918 1176 3971 quam
1203 3899 1434 3952 extrinsecorum
1459 3908 1624 3952 creatorum
1641 3902 1669 3965 ¹¹,
1701 3898 1777 3953 sicut
1802 3917 1868 3953 rosa
1898 3910 2054 3972 antequam
2075 3903 2113 3956 sit
2132 3902 2162 3956 in
2190 3913 2257 3956 actu
2283 3912 2328 3957 est

846 3997 875 4051 in
895 3996 1028 4068 potentia
1047 3995 1188 4049 materiae
1208 4004 1237 4049 et
1258 3995 1286 4048 in
1306 3993 1437 4066 potentia
1458 3994 1574 4065 agentis
1596 3993 1687 4048 creati
1710 3995 1853 4066 proximi3
1877 3995 1962 4050 tertio
1983 3997 2070 4050 modo
2090 4007 2157 4051 suut
2177 4015 2224 4051 res
2246 3998 2274 4051 in
2294 4016 2326 4052 se

845 4093 918 4163 ipsis
937 4093 965 4146 in
986 4101 1062 4158 actu,
1072 4091 1147 4145 sicut
1167 4090 1285 4162 quando
1305 4107 1372 4144 rosa
1392 4092 1438 4144 vel
1453 4090 1564 4160 aliquid
1584 4090 1663 4143 aliud
1678 4098 1723 4145 est
1742 4091 1800 4144 iarn
1817 4093 1837 4122 ¹³
1856 4101 1923 4145 actu
1944 4093 1972 4145 in
1992 4110 2087 4146 rerum
2106 4102 2210 4147 natura
2230 4093 2293 4150 sive
2307 4096 2327 4125 ¹⁸

847 4189 876 4242 in
889 4189 1008 4261 propria
1021 4195 1133 4242 natura.
1147 4186 1315 4240 Secundum
1330 4203 1402 4257 ergo
1415 4187 1480 4247 hoc.
1490 4186 1565 4240 sicut
1578 4204 1625 4240 res
1639 4187 1728 4240 habet
1741 4203 1808 4239 esse
1830 4190 1834 4254 Ι
1857 4187 2064 4251 diversimode,
2074 4188 2114 4242 ita
2128 4188 2325 4244 diversimode

847 4293 891 4339 est
904 4284 933 4338 in
947 4302 1056 4356 genere
1070 4282 1244 4353 accipiendo
1258 4300 1352 4354 genus
1365 4300 1423 4335 non
1437 4299 1490 4352 pro
1504 4281 1666 4335 intentione
1681 4282 1811 4336 secunda
1822 4282 1875 4335 sed
1888 4301 1942 4353 pro
1956 4301 1987 4336 re
2000 4284 2148 4337 substrata
2162 4284 2325 4339 intentioni.

847 4382 920 4435 Esse
940 4381 1016 4434 enim
1037 4380 1079 4434 sic
1099 4378 1128 4433 in
1148 4396 1257 4450 genere
1277 4378 1459 4431 substantiae
1480 4376 1549 4430 nihil
1571 4376 1649 4430 aliud
1670 4385 1715 4430 est
1735 4395 1821 4448 quam
1841 4395 1908 4431 esse
1927 4379 2130 4434 substantiam.
2145 4411 2177 4419 -
2198 4380 2326 4435 Ulterius

845 4476 997 4532 sciendum
1017 4474 1098 4547 quod
1116 4474 1345 4545 unumquodque
1372 4491 1465 4544 genus
1491 4473 1632 4527 dividitur
1656 4473 1685 4526 in
1711 4482 1808 4527 actum
1828 4483 1858 4526 et
1874 4475 1894 4505 ¹¹
1917 4474 2089 4544 potentium,
2109 4492 2184 4546 quae
2208 4475 2325 4547 quidem

846 4570 952 4644 divisio
977 4588 1036 4625 non
1062 4578 1107 4624 est
1133 4569 1238 4624 divisio
1265 4571 1293 4623 in
1318 4568 1471 4623 materiam
1498 4578 1527 4622 et
1555 4568 1678 4622 formam
1708 4568 1762 4622 sed
1794 4568 1867 4623 dicit
1895 4569 2042 4623 diversum
2070 4571 2189 4624 modum
2209 4571 2324 4626 essendi

844 4666 976 4722 eiusdem
1002 4666 1053 4734 rei,
1072 4665 1148 4719 sicut
1167 4665 1291 4719 dicimus
1311 4665 1457 4719 hominem
1477 4666 1505 4717 in
1535 4672 1602 4719 actu
1634 4672 1663 4718 et
1688 4663 1838 4718 hominem
1869 4665 1897 4719 in
1923 4666 2066 4737 potentia,
2086 4666 2183 4720 album
2210 4667 2238 4720 in
2258 4675 2325 4721 actu

845 4771 875 4818 et
894 4763 992 4816 album
1011 4762 1041 4815 in
1060 4761 1202 4833 potentia,
1227 4760 1267 4814 ita
1287 4760 1367 4832 quod
1387 4759 1541 4831 quodlibet
1560 4778 1661 4814 eorum
1690 4760 1763 4814 dicit
1791 4769 1885 4814 totum
1915 4761 2119 4831 compositum,
2139 4762 2193 4816 sed
2212 4763 2325 4816 ratione

844 4858 985 4913 materiae
1010 4857 1117 4912 dicitur
1142 4873 1208 4911 esse
1227 4857 1315 4910 homo
1335 4855 1383 4910 vel
1409 4856 1507 4910 album
1527 4856 1556 4910 in
1581 4856 1725 4928 potentia,
1744 4857 1860 4911 ratione
1879 4866 1977 4911 autem
1994 4859 2014 4889 ¹⁸
2039 4857 2153 4911 formae
2173 4858 2280 4912 dicitur
2306 4861 2310 4926 Ι
2380 4847 2482 4934 wll-S

844 4956 932 5010 homo
943 4954 991 5008 vel
1010 4954 1109 5008 album
1128 4954 1158 5007 in
1172 4960 1248 5007 actu.
1262 4953 1298 5005 Et
1311 4952 1379 5023 quia
1398 4953 1533 5023 potentia
1552 4952 1714 5024 praecipue
1733 4952 1852 5023 passiva
1872 4953 1961 5006 habet
1976 4952 2148 5006 diminutam
2164 4953 2326 5019 entitatem,
2360 4918 2410 4972 ἴοι·
2423 4923 2453 4971 ⁴⁴
2473 4919 2514 4972 va

844 5049 912 5104 ideo
932 5067 979 5105 res
999 5058 1085 5122 prout
1104 5057 1150 5103 est
1169 5048 1198 5103 in
1217 5048 1349 5119 potentia
1374 5047 1481 5103 dicitur
1499 5049 1609 5102 habere
1631 5066 1699 5102 esse
1718 5048 1880 5102 secundum
1894 5048 1966 5120 quid
1982 5051 2019 5114 ³⁰3
2045 5048 2208 5103 secundum
2228 5058 2325 5104 autem

846 5145 926 5216 quod
945 5155 1012 5201 sunt
1032 5146 1061 5199 in
1081 5153 1148 5200 actu
1167 5143 1304 5198 dicuntur
1322 5161 1388 5198 esse
1408 5143 1589 5216 simpliciter.

2383 4162 2447 4215 cod.
2463 4166 2487 4217 (1

2360 4232 2409 4286 sol.
2422 4239 2456 4288 97
2471 4238 2515 4289 Vl>

936 5414 1041 5467 ¹extra
1059 5413 1128 5466 add.
1149 5412 1182 5466 C.
1203 5443 1235 5451 —
1256 5410 1374 5465 ’minor
1395 5412 1547 5482 probatur]
1568 5422 1598 5466 et
1617 5413 1760 5484 probatur
1779 5411 1873 5465 minor
1893 5411 1927 5465 C.
1947 5443 1980 5450 —
2000 5413 2111 5467 ³habet
2130 5415 2206 5482 esse]
2226 5421 2272 5467 est
2292 5413 2326 5467 C.

846 5531 870 5540 -
893 5503 975 5554 ‘non
989 5500 1023 5555 C.
1042 5532 1076 5540 -
1097 5500 1231 5553 lhabent
1251 5499 1307 5554 SC.
1329 5531 1361 5538 -
1382 5499 1465 5554 ⁶n0n
1478 5531 1511 5539 —
1525 5499 1765 5568 condemnatum]
1786 5517 1841 5553 ona
1856 5500 1889 5554 C.
1909 5530 1943 5538 —
1965 5500 2043 5553 'hoc
2055 5500 2125 5554 add.
2139 5500 2172 5555 C.
2192 5532 2226 5540 -
2247 5502 2325 5555 ⁸om.

846 5587 894 5642 SC
900 5604 907 5655 ;
922 5588 991 5643 add.
1005 5602 1039 5641 2⁰
1052 5605 1091 5641 m.
1105 5588 1135 5641 S.
1148 5619 1181 5627 —
1195 5589 1207 5618 ⁹
1220 5587 1298 5658 quod
1311 5587 1381 5641 add.
1395 5587 1429 5642 C.
1443 5618 1475 5625 -
1492 5588 1513 5618 ¹⁰
1527 5584 1739 5659 propositionis
1749 5618 1783 5626 —
1794 5586 2075 5659 praedicamentum]
2089 5587 2324 5659 propositionum

846 5675 883 5729 sit
902 5674 1174 5747 praedicamentum
1195 5674 1227 5728 C.
1248 5706 1282 5714 -
1303 5677 1322 5707 ¹¹
1337 5692 1425 5729 unum
1440 5674 1729 5746 —praedicamento
1749 5681 1889 5745 quantum
1910 5675 1959 5742 ad]
1979 5692 2034 5727 om.
2056 5674 2088 5729 C.
2108 5705 2142 5715 —
2164 5674 2185 5705 ¹²
2197 5683 2242 5728 est
2255 5676 2324 5729 add.

846 5762 880 5817 C.
900 5794 934 5802 -
955 5764 976 5795 ¹³
989 5761 1095 5835 triplex
1115 5762 1158 5830 C3
1177 5771 1315 5834 respectu
1335 5763 1366 5817 P.
1385 5793 1419 5803 --
1441 5765 1461 5795 ¹⁴
1474 5761 1618 5816 creatoris
1637 5761 1669 5816 C.
1692 5792 1725 5801 -
1741 5763 1762 5793 ¹⁶
1776 5762 1805 5815 in
1824 5761 1893 5814 add.
1914 5761 1947 5814 C.
1968 5792 2001 5839 ᾗ
2023 5763 2043 5792 ¹⁰
2061 5760 2137 5815 sicut
2157 5762 2187 5815 P.
2207 5793 2241 5801 —
2262 5763 2283 5793 ¹⁷
2296 5760 2324 5815 in

1913 5849 1921 5861 Ὶ

1924 5889 1930 5902 Ι

845 5850 915 5904 add.
935 5848 967 5905 C.
987 5882 1021 5890 -
1043 5852 1063 5882 ¹³
1078 5868 1149 5904 vero
1169 5850 1202 5904 C.
1222 5881 1256 5889 —
1277 5851 1299 5881 ¹⁰
1311 5867 1376 5904 esse
1391 5882 1424 5890 -
1438 5849 1518 5920 quid]
1538 5850 1700 5904 secundum
1721 5848 1791 5921 quid
1810 5865 1877 5902 esse
1897 5848 1921 5903 C

936 6031 975 6095 (l)
996 6027 1056 6083 Cfr.
1077 6028 1185 6098 Quodl.
1205 6028 1241 6095 ΙΙ,
1261 6046 1288 6099 q.
1308 6032 1333 6082 2.
