6700 7992
1338 1448 1556 1505 SECUNDUM
1586 1449 1884 1520 Quonunnruu,
1912 1450 1948 1521 Q.
1975 1451 2002 1504 11
2375 1455 2410 1506 ⁶³

934 1628 1139 1696 existentiae
1156 1629 1388 1695 accidentium
1406 1628 1631 1716 singularium
1651 1640 1755 1708 extra,
1773 1630 1868 1694 nullo
1886 1631 1992 1695 modo
2010 1641 2125 1715 potest
2149 1652 2290 1696 manere
2307 1653 2409 1696 suum

933 1766 1013 1812 esse
1030 1745 1234 1811 existentiae
1251 1746 1444 1809 secuudum
1462 1766 1500 1809 se
1518 1746 1570 1809 vel
1587 1744 1621 1808 in
1640 1766 1678 1810 se
1695 1744 1783 1829 ipso,
1801 1767 1868 1811 nec
1885 1746 1987 1811 etiam
2005 1746 2228 1830 aliquomodo
2244 1747 2253 1782 ¹
2269 1768 2410 1813 manere

932 1871 1048 1947 potest
1072 1861 1107 1925 in
1132 1882 1210 1926 esse
1235 1859 1438 1925 existentiae
1464 1860 1600 1939 actuali,
1626 1860 1828 1926 itascilicet
1856 1862 1950 1945 quod
1979 1862 2090 1946 possit
2115 1862 2182 1927 dici
2207 1864 2302 1947 quod
2327 1862 2409 1927 illud

932 1976 1132 2062 simpliciter
1155 1987 1208 2041 est
1232 1975 1385 2041 essentia
1402 1975 1437 2039 in
1454 1986 1544 2054 actu,
1562 1997 1628 2041 nec
1646 1988 1796 2060 possunt
1819 1977 2013 2061 praedicari
2037 1979 2082 2043 de
2106 1977 2183 2061 ipso
2209 1978 2410 2063 praedicata

932 2091 1130 2160 essentialia
1146 2091 1367 2177 importantia
1385 2091 1556 2156 essentias
1573 2091 1727 2157 actuales
1752 2092 1825 2157 sive
1850 2114 1891 2157 ea
1916 2114 2005 2176 qnae
2030 2104 2111 2157 sunt
2135 2105 2214 2158 actu
2235 2093 2409 2160 essentiae

933 2220 967 2273 et
991 2207 1202 2293 quidditates
1227 2209 1347 2272 reales.
1374 2208 1493 2272 Potest
1518 2207 1609 2272 enirn
1633 2229 1775 2273 manere
1800 2208 1874 2272 eius
1899 2229 1979 2274 esse
2004 2207 2205 2274 existentiae
2230 2209 2410 2297 cognitum

932 2323 1007 2390 sive
1027 2334 1143 2409 potest
1167 2344 1307 2387 manere
1332 2323 1525 2387 secundum
1551 2345 1630 2388 esse
1655 2323 1862 2410 cognitum²
1886 2325 1939 2388 vel
1964 2325 2187 2404 intellectum,
2204 2325 2277 2390 sive
2295 2336 2410 2411 potest

932 2461 1073 2505 manere
1091 2438 1166 2504 eius
1183 2438 1337 2527 cognitio
1356 2450 1390 2503 et
1407 2460 1448 2503 ea
1466 2460 1554 2522 quae
1580 2451 1845 2522 consequuntur
1861 2439 1975 2524 ipsum
1991 2440 2025 2504 in
2043 2452 2208 2524 quantum
2230 2441 2408 2529 cognitum

932 2556 986 2621 vel
1003 2557 1145 2620 modurn
1163 2554 1415 2641 cognoscendi.
1430 2556 1560 2639 Utpote
1577 2554 1694 2618 sinon
1713 2555 1837 2620 existat
1853 2555 1992 2639 aliquod
2018 2555 2234 2621 individuum
2259 2557 2409 2623 hominis

931 2671 1028 2735 nullo
1059 2671 1165 2735 modo
1195 2681 1312 2734 manet
1343 2672 1449 2734 homo
1482 2669 1634 2734 existens
1667 2671 1812 2750 realiter,
1843 2692 1909 2735 nec
1941 2671 2043 2736 etiam
2077 2672 2228 2736 essentia
2259 2672 2409 2738 hominis

932 2799 1050 2851 manet
1080 2786 1115 2849 in
1147 2806 1225 2851 esse
1257 2785 1383 2851 actuali
1415 2784 1601 2864 essentiali,
1630 2785 1675 2849 ita
1705 2787 1800 2870 quod
1833 2787 1943 2870 possit
1972 2786 2039 2851 dici
2071 2789 2165 2871 quod
2197 2789 2304 2853 homo
2337 2810 2408 2853 non

931 2901 1095 2980 existens
1121 2901 1185 2967 etsi
1213 2922 1285 2966 non
1310 2923 1391 2965 vere
1419 2901 1472 2981 sit,
1501 2922 1581 2966 vere
1610 2912 1726 2967 tamen
1754 2913 1806 2965 est
1834 2901 1986 2967 essentia
2014 2903 2159 2967 actualis
2188 2915 2221 2968 et
2248 2925 2329 2969 vere
2357 2916 2410 2969 est

931 3016 1056 3082 animal
1073 3017 1108 3081 in
1130 3029 1209 3082 actu
1235 3028 1269 3082 et
1293 3027 1429 3095 cetera;
1454 3038 1537 3081 vere
1560 3028 1677 3081 tamen
1703 3029 1819 3082 manet
1837 3017 1871 3080 in
1889 3039 1968 3082 esse
1985 3017 2128 3104 cognito
2145 3030 2179 3083 et
2195 3040 2276 3084 vere
2294 3034 2409 3085 manet

931 3133 1005 3200 eius
1023 3132 1189 3221 cogniti0,
1207 3124 1241 3197 et
1257 3153 1338 3198 vere
1356 3144 1471 3217 potest
1488 3132 1556 3198 dici
1573 3133 1667 3217 quod
1686 3144 1738 3197 est
1755 3133 1951 3198 universale
1976 3134 2151 3217 quoddam
2177 3134 2250 3199 sive
2275 3134 2410 3200 univer-

929 3249 1011 3315 salis
1031 3249 1197 3315 terminus
1215 3264 1248 3313 et
1265 3248 1403 3333 species
1428 3249 1610 3332 quaedam,
1628 3248 1663 3311 id
1681 3249 1845 3332 estquod
1863 3248 1938 3313 eius
1962 3261 2014 3314 est
2036 3249 2190 3336 cognitio
2215 3251 2409 3315 secundum

929 3365 1098 3431 rationem
1126 3366 1335 3429 abstractam
1361 3375 1397 3428 ut
1421 3374 1565 3429 naturae
1594 3363 1771 3448 possibilis
1800 3385 1878 3428 esse
1905 3365 1939 3428 in
1969 3364 2124 3449 pluribus
2153 3365 2351 3444 individuis
2377 3378 2411 3432 et

929 3482 980 3547 sic
1020 3482 1064 3547 de
1103 3481 1187 3545 aliis.
1224 3480 1267 3544 Et
1302 3481 1497 3545 secundum
1536 3481 1605 3544 hoc
1645 3492 1727 3544 sunt
1765 3479 1991 3567 intelligenda
2024 3481 2115 3546 dicta
2144 3481 2348 3547 Avicennae
2377 3493 2410 3549 et

930 3598 1085 3663 aliorum.
1120 3600 1123 3681 l
2438 3567 2603 3694 [οῗξέὲῃᾶ

1019 3714 1076 3778 Ad
1110 3712 1301 3778 videndum
1330 3733 1415 3798 ergo
1445 3712 1634 3795 quomodo,
1660 3713 1766 3776 rebus
1791 3711 1825 3775 in
1860 3733 1940 3777 esse
1976 3710 2180 3777 existentiae
2209 3724 2303 3778 extra
2336 3735 2408 3779 non

929 3829 1078 3907 entibus,
1097 3830 1141 3894 de
1159 3827 1367 3912 quibusdam
1393 3848 1512 3892 verum
1538 3837 1590 3892 est
1614 3827 1731 3892 dicere
1756 3827 1851 3911 quod
1873 3827 1995 3892 dicunt
2011 3849 2111 3892 veras
2136 3849 2191 3893 res
2216 3842 2250 3894 et
2267 3840 2409 3894 naturas

930 3955 963 4012 et
990 3966 1091 4010 veras
1120 3943 1331 4028 quidditates
1364 3954 1397 4008 et
1426 3942 1596 4007 essentias
1628 3942 1964 4027 praedicamentales
1996 3941 2234 4028 importanteS,
2267 3956 2410 4030 propter

930 4062 1025 4146 quod
1059 4062 1102 4125 de
1135 4059 1220 4144 ipsis
1256 4058 1358 4124 etiam
1389 4080 1461 4124 non
1495 4057 1754 4123 existentibus3
1796 4070 1848 4123 est
1881 4059 2037 4138 scientia,
2078 4081 2144 4124 nec
2180 4071 2295 4126 tamen
2329 4082 2408 4125 curn

928 4174 1192 4242 nonexistant⁴
1209 4175 1370 4240 dicuntur
1398 4195 1479 4239 vere
1496 4195 1575 4239 esse
1603 4175 1798 4239 secundum
1824 4195 1902 4238 esse
1927 4174 2102 4240 essentiae
2126 4176 2181 4240 vel
2206 4177 2300 4260 quod
2326 4186 2409 4242 sunt

929 4293 1100 4377 quaedam
1135 4289 1336 4357 essentiae⁶
1364 4290 1565 4374 simpliciter
1599 4301 1632 4356 et
1660 4289 1696 4353 in
1726 4302 1807 4355 actu
1831 4291 1875 4354 de
1900 4289 2026 4374 quibus
2057 4303 2207 4376 possunt
2230 4291 2409 4376 praedicta

929 4407 1128 4494 praedicata
1141 4405 1365 4485 verificari-
1376 4406 1419 4471 de
1433 4406 1640 4489 quibusdam
1659 4416 1774 4469 autern
1792 4428 1864 4470 non
1882 4406 2111 4471 existentibus
2129 4429 2201 4471 non
2219 4421 2272 4472 est
2288 4429 2407 4472 verum

926 4526 996 4589 hoc
1012 4523 1139 4602 dicere,
1157 4562 1198 4569 -
1216 4521 1479 4610 intelligendum
1502 4521 1595 4605 quod
1620 4543 1675 4585 res
1700 4543 1790 4604 quae
1815 4542 1914 4586 veras
1940 4522 2151 4604 quidditates
2176 4535 2211 4588 et
2235 4523 2407 4588 essentias

927 4637 1264 4726 praedicamentales
1290 4637 1486 4722 important,
1502 4636 1724 4721 'quandoque
1748 4638 1880 4701 habent
1904 4658 1983 4701 esse
2008 4637 2042 4701 in
2067 4637 2192 4723 seipsis
2219 4638 2409 4705 formaliter

929 4765 1032 4841 prout
1049 4776 1092 4820 ex
1107 4754 1180 4819 suis
1197 4753 1378 4839 principiis
1396 4752 1576 4818 actualiter
1592 4751 1790 4817 coniunctis
1808 4764 1889 4816 sunt
1906 4755 1941 4816 in
1959 4752 2162 4818 existentia⁰
2179 4753 2406 4830 constitutae3

928 4881 962 4936 et
985 4883 1069 4937 tunc
1093 4892 1212 4936 verum
1238 4880 1291 4935 est
1308 4868 1425 4934 dicere
1443 4869 1537 4952 quod
1554 4878 1635 4932 sunt
1652 4879 1685 4932 et
1703 4869 1798 4952 quod
1816 4881 1897 4932 sunt
1914 4868 2087 4933 essentiae
2104 4868 2306 4953 simpliciter
2322 4881 2356 4934 et
2372 4870 2407 4934 in

929 4997 1009 5053 actu
1033 4987 1120 5051 tales
1138 4987 1193 5051 vel
1210 4986 1297 5050 tales
1312 5005 1319 5063 3
1345 4983 1446 5050 etsie
1464 4985 1507 5049 de
1525 4983 1609 5068 ipsis
1627 4982 1690 5047 ut⁷
1714 4982 1765 5049 sic
1782 4995 1835 5048 est
1851 4982 1998 5048 scientia
2014 4984 2050 5048 in
2067 4983 2207 5069 propria
2230 4985 2352 5065 forma,
2370 4996 2407 5050 ut

927 5114 1023 5189 patet
1051 5103 1095 5167 de
1123 5102 1222 5167 caelo
1240 5099 1260 5181 ⁸,
1290 5099 1424 5187 angelis
1452 5111 1486 5165 et
1515 5110 1638 5164 cetera.
1665 5099 1891 5183 Quandoque
1916 5111 2031 5164 autem
2051 5101 2182 5164 habent
2209 5122 2287 5166 esse
2312 5113 2407 5166 extra

928 5240 1000 5284 non
1039 5218 1073 5282 in
1114 5216 1240 5302 seipsis
1279 5216 1476 5293 formaliter,
1510 5216 1572 5280 sed
1610 5214 1643 5278 in
1678 5214 1749 5278 suis
1785 5213 1964 5299 principiis
2000 5215 2197 5294 virtualiter,
2232 5215 2279 5281 ita
2311 5219 2406 5301 quod

928 5334 1043 5419 aliqua
1071 5333 1241 5419 principia
1269 5332 1468 5397 essentialia
1495 5331 1568 5395 sive
1597 5330 1783 5395 essentiam
1812 5330 1824 5364 ⁹
1850 5353 1967 5395 earum
1995 5330 2227 5418 ingredientia
2255 5332 2407 5399 existunt

928 5449 963 5515 in
991 5472 1104 5515 rerum
1129 5461 1261 5529 natura,
1290 5448 1425 5513 ratione
1453 5469 1599 5531 quorum
1639 5447 1801 5510 dicuntur
1837 5447 2036 5511 huiusmodi
2069 5469 2126 5511 res
2163 5458 2197 5512 et
2232 5449 2406 5514 essentiae

929 5587 1008 5632 esse
1036 5566 1123 5630 tales
1151 5587 1206 5630 res
1234 5576 1267 5630 et
1294 5563 1479 5642 essentiae,
1505 5585 1576 5627 non
1604 5561 1805 5647 simpliciter
1832 5564 1894 5627 sed
1924 5562 1958 5626 in
1987 5563 2153 5648 potentia,
2183 5575 2220 5628 ut
2246 5586 2327 5628 rosa
2351 5566 2406 5630 vel

1018 5880 1024 5907 ¹
1040 5893 1095 5930 om.
1117 5876 1146 5930 P.
1161 5908 1193 5914 -
1209 5877 1218 5907 ²
1232 5893 1351 5929 manere
1366 5907 1397 5912 —
1413 5873 1573 5944 cognitum]
1588 5872 1749 5926 secundum
1764 5890 1794 5925 se
1816 5890 1932 5926 manere
1953 5872 2103 5942 cognitum
2119 5891 2185 5926 esse
2199 5873 2229 5927 P.
2245 5906 2278 5912 -
2293 5873 2404 5928 ³etiam

860 5994 863 5999 λ
926 5965 996 6017 add.
1016 5964 1046 6017 Ρ.
1062 5996 1094 6003 -
1109 5967 1118 5994 ⁴
1133 5964 1262 6017 existunt
1275 5964 1305 6017 Ρ.
1320 5996 1352 6001 -
1368 5963 1437 6015 ⁶vel
1453 5962 1532 6032 quod
1552 5969 1620 6014 sunt
1640 5961 1786 6031 quaedam
1806 5960 1952 6014 essentiae
1971 5961 2041 6015 add.
2055 5961 2085 6013 P.
2106 5963 2164 6000 —l
2183 5962 2312 6016 essentia
2325 5962 2356 6016 P.
2372 5995 2402 6002 -

929 6053 982 6111 'et
1000 6052 1031 6107 P.
1050 6085 1084 6092 —
1105 6053 1158 6106 ⁸et
1176 6052 1245 6109 add.
1265 6052 1295 6106 P.
1317 6083 1350 6090 —
1370 6049 1521 6104 ⁹essentia
1535 6050 1565 6104 P.
