6700 7992
1239 1399 1458 1456 secuuntur
1487 1361 1861 1495 ououune'iulrj’q:
1880 1398 1934 1455 vu
2277 1403 2321 1453 ior

847 1581 1122 1648 substantialitas
1148 1582 1320 1665 quaedam
1345 1580 1619 1658 indeterminata,
1645 1580 1708 1646 sed
1732 1580 1798 1645 sit¹
1823 1545 2026 1664 aliafilqr'tna
2047 1581 2148 1646 realis
2173 1593 2206 1647 et
2222 1582 2324 1646 etiam

847 1720 919 1765 non
959 1696 1244 1776 substantialitas,
1283 1707 1366 1762 tunc
1405 1718 1477 1762 non
1518 1698 1629 1761 solum
1665 1718 1738 1761 non
1774 1678 1962 1781 complebit
1980 1669 2324 1788 [substantialitatem

847 1815 1128 1902 praecedentem,
1152 1823 1190 1877 ut
1214 1812 1344 1877 dictum
1369 1822 1432 1890 est,
1458 1832 1523 1877 nee
1548 1811 1650 1877 etiarn
1675 1831 1753 1877 earn
1788 1807 2039 1878 determinabit
2056 1789 2324 1910 'vel„ss‘coartabit,

846 1930 1040 1997 secundum
1066 1929 1162 2014 quod
1188 1927 1270 1993 dicit
1295 1928 1614 2010 Commentatorll)
1639 1927 1788 2013 septimo
1813 1927 2083 2013 Metaphysicae,
2109 1927 2325 2026 ¹⁰(l'·l9b3.·d9

846 2046 934 2119 ideis
973 2057 1008 2111 et
1042 2043 1298 2109 universalibus
1334 2042 1528 2127 separatis:
1573 2042 1631 2106 «si
1655 2042 1691 2107 in
1716 2042 1857 2108 homine
1881 2054 2043 2128 separato
2079 2055 2132 2109 est
2166 2015 2359 2144 μές’-’ᾆξ-
2389 2109 2412 2138 Ι,

846 2161 1068 2248 separatione
1092 2158 1313 2225 animalitatis
1339 2170 1372 2223 et
1396 2157 1682 2238 rationabilitatis
1707 2168 1790 2225 tunc
1821 2157 2070 2224 rationabilitas
2101 2181 2172 2226 non
2206 2161 2325 2226 distin·
2347 2143 2497 2256 ·'2..³.·]j..

845 2278 920 2367 guit
944 2276 1189 2343 animalitatem
1221 2274 1373 2339 hominis
1406 2276 1450 2339 ab
1482 2273 1692 2339 animalitate
1725 2274 1926 2361 simpliciter
1955 2275 2028 2341 sive
2059 2275 2205 2362 simplici
2236 2277 2326 2343 sicut
2395 2251 2448 2320 '·:
2485 2254 2516 2310 -'.·

846 2392 973 2460 accidit
997 2392 1032 2457 in
1058 2391 1202 2457 definito
1219 2420 1246 2472 »,
1265 2430 1305 2437 —
1326 2391 1388 2455 sed
1415 2411 1486 2455 non
1511 2389 1615 2455 faciet
1639 2388 1840 2475 simpliciter
1864 2412 1970 2455 unum
1996 2412 2118 2476 perse
2144 2392 2178 2457 in
2194 2415 2325 2478 genere

845 2508 1062 2577 substantiae
1087 2529 1165 2574 curn
1190 2506 1256 2572 illa.
1282 2506 1333 2570 Ex
1358 2504 1648 2571 substantialitate
1673 2504 1765 2571 enim
1790 2516 1825 2572 et
1847 2528 1919 2571 non
1945 2508 2235 2574 substantialitate
2252 2532 2324 2574 non

845 2628 882 2693 lit
909 2647 979 2691 una
1006 2622 1201 2690 substantia
1225 2643 1288 2708 per
1315 2641 1375 2701 se;
1410 2623 1472 2686 sed
1498 2643 1540 2686 ex
1573 2622 1863 2687 substantialitate
1893 2623 2066 2708 completa
2091 2634 2127 2688 ut
2155 2624 2266 2690 forma
2291 2636 2325 2691 et

845 2740 1135 2808 substantialitate
1159 2739 1371 2823 incompleta
1395 2750 1433 2802 ut
1457 2737 1598 2803 materia
1628 2738 1719 2802 bene
1753 2737 1790 2802 sit
1814 2759 1884 2802 una
1917 2740 2200 2805 substantialitas.
2227 2740 2325 2808 Sicut

845 2858 937 2924 enim
972 2878 1015 2923 ex
1049 2877 1121 2921 non
1154 2858 1159 2939 Ι
1191 2853 1393 2919 substantiis
1429 2875 1500 2918 non
1532 2853 1569 2918 fit
1600 2853 1812 2933 substantia,
1840 2854 1887 2919 ita
1922 2876 1965 2919 cx
2004 2855 2142 2921 duobus
2175 2878 2323 2941 quorum
2381 2853 2483 2908 codp

844 2995 951 3040 unum
991 2994 1063 3038 non
1103 2981 1156 3036 est
1195 2968 1470 3035 substantialitas
1509 2969 1697 3035 formaliter
1736 2969 1810 3035 sive
1850 2970 2078 3036 essentialiter
2116 2976 2201 3055 (non
2243 2974 2323 3039 dico
2352 2924 2516 2980 soliasltb

846 3088 1026 3156 actualiter
1055 3098 1198 3174 propter
1233 3086 1436 3165 materiam),
1469 3095 1503 3151 et
1531 3085 1623 3150 aliud
1655 3096 1707 3151 est
1739 3108 1811 3151 non
1844 3086 2127 3167 substantialitas
2160 3110 2232 3154 non
2265 3089 2324 3155 liet

844 3204 973 3291 aliquid
1004 3204 1099 3290 quod
1123 3203 1167 3269 sit
1194 3201 1390 3267 substantia
1417 3212 1561 3282 tantum,
1590 3202 1653 3267 sed
1684 3202 1747 3268 erit
1775 3202 1969 3267 substantia
1998 3214 2030 3269 et
2058 3203 2186 3289 aliquid
2219 3205 2322 3270 aliud.

845 3322 887 3387 Et
917 3321 969 3387 sic
999 3342 1071 3387 non
1104 3318 1296 3385 est'unum
1322 3340 1385 3383 ens
1416 3339 1479 3403 per
1511 3339 1549 3383 se
1581 3328 1615 3383 et
1646 3331 1814 3403 quantum
1845 3319 1889 3383 ad
1914 3340 1993 3384 esse
2021 3319 2222 3405 simpliciter
2249 3321 2323 3387 sive

844 3449 1010 3524 quantum
1035 3435 1080 3501 ad
1097 3457 1175 3501 esse
1192 3435 1431 3515 substantiam,
1448 3434 1512 3499 sed
1537 3434 1672 3500 accidet
1697 3434 1728 3500 ei
1752 3433 1820 3499 tale
1844 3433 1927 3519 qnid
1956 3436 2051 3519 quod
2076 3436 2139 3501 erit
2156 3437 2322 3504 accidens

845 3553 1055 3640 simpliciter,
1084 3562 1122 3617 ut
1152 3561 1257 3638 patet,
1286 3572 1365 3616 curn
1394 3572 1466 3615 non
1494 3549 1537 3614 sit
1564 3549 1768 3615 substantia.
1802 3551 1951 3635 Oportet
1982 3572 2068 3638 ergo
2096 3553 2191 3637 quod
2219 3575 2324 3620 omne

845 3670 939 3756 quod
967 3679 1020 3735 est
1047 3667 1081 3733 in
1109 3688 1240 3756 genere
1269 3666 1495 3746 substantiae,
1512 3666 1567 3731 vel
1590 3677 1627 3731 ut
1655 3665 1851 3732 substantia
1880 3688 1943 3752 per
1970 3688 2009 3733 se
2034 3667 2242 3750 subsistens
2267 3670 2322 3735 vel

844 3796 882 3851 ut
898 3784 1106 3872 principium
1123 3783 1299 3849 materiale
1323 3783 1378 3848 vel
1396 3783 1540 3849 formale
1558 3781 1784 3862 substantiae,
1802 3782 1846 3847 sit
1861 3783 2134 3850 substantialitas
2152 3785 2324 3870 quaedam

844 3900 1033 3968 formaliter
1072 3909 1106 3966 et
1137 3898 1369 3965 essentialiter
1400 3898 1494 3964 dicto
1534 3898 1649 3963 modo,
1683 3899 1778 3985 Ergo
1818 3898 1931 3964 omnis
1968 3900 2078 3965 forma
2110 3901 2154 3966 de
2192 3922 2324 3989 genere

845 4016 1071 4106 substantiae,
1100 4015 1173 4081 sive
1206 4014 1454 4096 substantialis
1483 4025 1536 4080 est
1568 4014 1840 4080 substantialitas
1872 4017 2054 4100 quaedam.
2087 4017 2181 4105 Ergo
2214 4018 2325 4083 forma
2403 4078 2412 4098 χ

845 4132 1082 4200 substantialis
1099 4154 1190 4218 quae
1219 4134 1277 4197 dat
1305 4153 1384 4197 esse
1412 4152 1618 4217 corporeum
1643 4132 1698 4197 vel
1726 4130 1902 4217 lapideum
1931 4132 2034 4197 etiam
2058 4134 2118 4198 dat
2141 4154 2220 4199 esse
2245 4135 2325 4199 sub-

846 4249 1020 4330 stantiam,
1037 4260 1071 4315 et
1095 4270 1156 4334 per
1176 4250 1324 4314 eandem
1342 4249 1488 4313 formam
1507 4259 1559 4312 est
1576 4247 1706 4331 aliquid
1723 4268 1851 4333 corpus
1875 4248 1929 4313 vel
1957 4247 2046 4334 lapis
2070 4259 2105 4314 et
2120 4250 2324 4315 substantia.

933 4365 971 4432 Si
1003 4364 1137 4431 dicatur
1168 4365 1262 4450 quod
1295 4364 1328 4428 in
1362 4363 1478 4449 lapide
1507 4385 1579 4428 non
1610 4375 1663 4428 est
1690 4363 1806 4449 aliqua
1833 4365 1944 4429 forma
1972 4365 2210 4430 substantialis
2234 4388 2325 4450 quae

845 4503 918 4547 non
945 4480 989 4547 sit
1016 4480 1288 4546 substantialitas
1316 4481 1499 4564 quaedam,
1529 4479 1592 4545 sed
1611 4492 1663 4544 est
1681 4501 1750 4543 una
1778 4501 1868 4564 quae
1897 4492 1950 4545 est
1973 4480 2167 4545 substantia
2191 4492 2323 4547 tantum

845 4597 977 4664 scilicet
1005 4597 1116 4664 forma
1138 4595 1411 4684 generalissima,
1437 4595 1503 4660 alia
1528 4605 1696 4680 quaeest
1724 4596 1919 4661 substantia
1944 4606 1977 4662 et
2003 4596 2198 4682 lapideitas,
2223 4597 2325 4664 etsie

845 4735 908 4799 per
922 4713 1013 4779 illam
1031 4713 1177 4779 formam
1194 4734 1257 4798 per
1274 4734 1377 4797 quarn
1394 4711 1482 4797 lapis
1507 4722 1569 4791 est,
1588 4711 1676 4797 lapis
1701 4723 1754 4777 est
1779 4711 1882 4776 etiarn
1899 4711 2104 4792 substantia,
2122 4734 2194 4777 non
2213 4713 2323 4792 valet3

846 4829 927 4915 quia
953 4827 982 4895 si
1009 4850 1071 4915 per
1098 4829 1188 4894 illam
1217 4850 1280 4914 per
1306 4851 1409 4912 quam
1435 4826 1522 4912 lapis
1552 4837 1605 4891 est
1632 4826 1721 4912 lapis
1746 4838 1799 4891 cst
1822 4828 2027 4906 substantia,
2054 4828 2236 4913 superfluit
2259 4828 2326 4894 alia

846 4967 909 5031 per
931 4966 1035 5031 quam
1061 4944 1186 5011 dicitur
1210 4966 1288 5010 esse
1317 4942 1512 5008 substantia
1536 4953 1680 5007 tantum.
1709 4944 1803 5022 ltein,
1830 4942 2046 5028 impossibile
2072 4944 2207 5010 videtur
2230 4946 2325 5030 quod

846 5082 909 5148 per
926 5083 1031 5126 unam
1055 5062 1199 5127 formam
1225 5060 1353 5146 aliquid
1376 5061 1504 5125 habeat
1532 5059 1627 5143 quod
1652 5059 1695 5123 sit
1723 5059 1919 5124 substantia
1947 5072 1981 5126 et
1996 5059 2095 5145 lapis,
2113 5060 2141 5126 si
2166 5063 2325 5127 substan·

845 5176 970 5243 tialitas
987 5188 1022 5243 et
1037 5176 1220 5263 lapideitas
1237 5176 1354 5241 dicant
1371 5197 1426 5240 res
1444 5175 1610 5241 diversas
1629 5175 1724 5263 Ergo
1741 5196 1803 5261 per
1820 5197 1923 5240 unam
1946 5187 1979 5241 et
2003 5177 2151 5242 eandem
2180 5178 2325 5243 formam

846 5315 919 5359 non
935 5293 1041 5358 habet
1057 5292 1185 5378 aliquid
1203 5314 1310 5357 unum
1328 5313 1406 5357 esse
1424 5290 1618 5356 substantia
1635 5302 1669 5356 et
1685 5292 1784 5377 lapis,
1802 5291 1869 5356 nisi
1894 5291 2077 5376 lapideitas
2095 5293 2138 5359 sit
2153 5297 2325 5378 quaedam

845 5407 1128 5475 substantialitas.
1147 5408 1183 5475 Si
1201 5431 1286 5496 ergo
1310 5406 1584 5474 substantialitas
1609 5419 1771 5493 respectu
1795 5408 2004 5494 lapideitatis
2022 5420 2074 5475 est
2098 5409 2188 5476 sicut
2211 5432 2325 5498 genus

919 5724 997 5775 1οηι,
1016 5721 1048 5775 P.

936 5937 975 6000 (l)
996 5932 1181 5986 Averrois
1200 5932 1427 6002 illr’lrrsrlrysr'crw,
1449 5932 1511 5997 l'll,
1532 5950 1555 5984 c.
1579 5935 1610 5984 lli
1629 5931 1660 5992 (i.
1680 5934 1715 5984 95
1736 5932 1796 5994 Vll).
