6700 7992
1266 1465 1441 1520 ‘rnnrrun
1470 1465 1770 1535 Quourrnsrnn,
1799 1465 1834 1535 Q.
1863 1466 1904 1518 xi
2276 1468 2328 1517 sn

844 1643 1085 1716 praeordinatum
1114 1643 1151 1696 ad
1176 1661 1252 1714 opus
1279 1641 1491 1713 redemptionis
1516 1641 1560 1695 sic
1585 1642 1792 1714 complendum
1817 1648 1822 1713 Ι
1846 1642 1925 1696 sicut
1949 1642 2057 1696 lactum
2085 1653 2137 1696 est.
2169 1644 2201 1697 Si
2232 1644 2329 1714 primo

844 1742 935 1797 modo
958 1741 1169 1807 consideretur,
1191 1740 1234 1795 sic
1258 1741 1468 1794 inconveniens
1494 1740 1654 1794 secundum
1678 1740 1766 1793 fidem
1789 1748 1869 1794 esset
1893 1733 2003 1811 ponere
2024 1740 2102 1811 quod
2122 1759 2179 1794 non
2200 1740 2329 1813 potuerit

846 1840 988 1907 comburi,
1020 1840 1089 1911 quia
1119 1856 1230 1910 ponere
1262 1838 1342 1909 quod
1374 1855 1481 1909 corpus
1516 1838 1623 1891 Christi
1656 1856 1714 1891 non
1753 1837 1840 1892 tuerit
1870 1838 2012 1909 passibile
2049 1840 2222 1893 naturaliter
2252 1840 2329 1895 sicut

846 1955 972 2009 corpora
1004 1938 1126 1992 aliorum
1155 1936 1304 1991 hominum
1332 1945 1360 1989 et
1392 1953 1409 1987 a
1441 1936 1586 1989 consimili
1621 1945 1730 2005 agente
1765 1953 1782 1987 a
1814 1954 1871 2007 quo
1903 1945 1986 1989 erant
2019 1938 2170 2007 passibilia
2202 1955 2329 2009 corpora

846 2035 970 2091 aliorum
993 2035 1142 2089 hominum
1166 2042 1195 2087 et
1217 2033 1439 2088 transmutabile
1462 2033 1500 2087 ad
1522 2033 1632 2087 formas
1656 2034 1694 2086 ad
1716 2051 1789 2105 quas
1811 2035 1984 2087 naturaliter
2006 2047 2074 2089 sunt
2093 2036 2329 2089 transmutabilia

846 2152 972 2205 corpora
1004 2133 1127 2187 aliorum
1160 2132 1319 2197 hominum,
1353 2142 1432 2185 esset
1464 2132 1674 2185 inconveniens
1706 2140 1735 2185 et
1769 2131 1957 2186 haereticum.
1990 2133 2074 2186 Unde
2106 2144 2135 2187 et
2166 2135 2329 2188 secundum

846 2234 965 2286 beatum
998 2232 1196 2302 Augustinum
1220 2234 1268 2298 (lt.
1296 2231 1320 2282 si
1349 2230 1482 2283 Christus
1508 2247 1566 2283 non
1594 2229 1697 2283 fuisset
1722 2230 1837 2283 iuvenis
1867 2231 1993 2291 occisus,
2024 2232 2130 2285 senio¹
2160 2232 2329 2299 defecisset,

844 2338 876 2385 et
901 2330 1022 2384 ulterius
1053 2329 1272 2383 incineratum¹
1300 2327 1405 2381 fuisset
1431 2344 1538 2398 corpus
1565 2326 1627 2381 eius
1659 2329 1683 2379 si
1709 2345 1767 2380 non
1800 2327 1904 2381 fuisset
1932 2339 2151 2398 praeservatum
2178 2330 2328 2384 miraculo.

846 2429 906 2483 Sed
933 2428 970 2481 ad
996 2429 1053 2482 lroc
1079 2427 1157 2498 quod
1184 2436 1229 2480 est
1255 2443 1363 2496 corpus
1389 2424 1497 2479 Christi
1523 2443 1580 2477 non
1607 2444 1696 2495 posse
1722 2425 1863 2492 comburi,
1887 2425 2020 2496 sequitur
2051 2428 2145 2498 ipsum
2177 2446 2235 2481 non
2262 2446 2329 2483 esse

846 2526 1019 2580 naturaliter
1031 2524 1171 2597 passibile
1186 2525 1262 2578 sicut
1276 2541 1402 2595 corpora
1416 2523 1538 2577 aliorum
1553 2525 1571 2588 ³,
1592 2541 1645 2576 nec
1666 2541 1719 2594 per
1739 2541 1924 2594 consequens
1944 2527 2167 2578 transmutabile
2187 2534 2216 2578 et
2229 2536 2329 2580 cetera

847 2642 924 2697 quae
943 2642 1033 2695 supra
1051 2624 1149 2694 posita
1168 2632 1243 2676 sunt.
1266 2624 1343 2692 Ergo
1363 2631 1392 2675 et
1412 2629 1519 2674 cetera.

936 2722 968 2776 Si
994 2732 1090 2775 autem
1119 2719 1344 2774 consideretnr¹
1373 2719 1504 2773 secundo
1534 2718 1631 2783 modu,
1657 2720 1698 2772 sic
1726 2737 1784 2773 non
1818 2719 1912 2791 potuit
1944 2721 2075 2774 comburi
2104 2722 2180 2775 sicut
2211 2723 2330 2793 ponitur

847 2819 943 2874 illud⁵
962 2820 1042 2891 quod
1067 2829 1112 2873 est
1138 2818 1288 2889 provisum
1315 2834 1332 2870 a
1357 2819 1422 2871 Deo
1448 2820 1452 2885 1
1478 2835 1536 2870 non
1562 2835 1650 2888 posse
1673 2836 1731 2870 non
1760 2817 1879 2871 evenire
1899 2817 1968 2871 licet
1990 2820 2206 2873 considerando
2232 2821 2329 2891 ipsum

846 2918 1009 2972 secundum
1029 2927 1161 2971 naturam
1185 2934 1267 2970 suam
1289 2916 1424 2970 absolute
1447 2924 1550 2986 posset
1572 2934 1630 2968 non
1656 2916 1784 2969 evenire.
1807 2917 1870 2970 Nec
1894 2925 2002 2982 tamen,
2025 2926 2056 2971 ut
2078 2937 2114 2971 ex
2137 2918 2330 2988 praecedenti

845 3017 1020 3088 quaestione
1052 3023 1143 3086 patet,
1174 3016 1307 3084 sequitur
1338 3030 1415 3067 nova
1447 3013 1608 3084 assumptio
1644 3014 1790 3067 vel-unio
1822 3014 1860 3067 ad
1891 3014 2020 3068 divinum
2055 3017 2241 3086 suppositum
2273 3016 2330 3070 nisi

847 3115 933 3169 valde
961 3132 1016 3186 per
1040 3112 1188 3179 accidens
1212 3112 1373 3166 secundum
1399 3111 1504 3181 qnod⁶
1531 3112 1559 3163 in
1589 3111 1667 3164 dicta
1697 3112 1871 3182 quaestione
1902 3114 2067 3184 expositum
2094 3122 2147 3167 est.
2174 3115 2215 3167 Er
2243 3115 2331 3169 dictis

847 3221 929 3286 patet
949 3212 986 3266 ad
1007 3211 1133 3266 obiecta.

1411 3475 1684 3547 Qunssmo
1717 3478 1766 3530 xi

1504 3618 1668 3672 ιΒῙὶΕῊΒ).

982 3803 1092 3859 Utrum
1111 3802 1199 3855 liceat
1218 3803 1344 3856 verrrlare
1361 3802 1465 3855 carius
1484 3803 1613 3856 decimas
1633 3807 1759 3873 propter
1776 3803 1952 3855 dilationem
1972 3802 2129 3855 solutionis
2149 3806 2197 3869 (2).

936 4062 1044 4115 Postea
1075 4062 1293 4132 quaerebantur
1320 4060 1377 4113 duo
1402 4060 1578 4131 pertinentia
1605 4061 1642 4113 ad
1677 4069 1760 4113 actus
1785 4060 1936 4124 humanos,
1962 4078 2085 4131 quorurn
2116 4061 2240 4131 primurn
2267 4069 2332 4115 erat

845 4169 944 4216 utrum
969 4160 1058 4214 liceat
1081 4158 1210 4213 vendere
1235 4158 1357 4211 carius⁷
1381 4157 1512 4211 decimas
1535 4168 1656 4228 propter
1684 4157 1858 4211 dilationem
1884 4158 2047 4211 solutionis.
2072 4159 2240 4213 Secundum
2267 4167 2331 4214 erat

846 4266 943 4312 utrum
967 4275 1041 4311 uxor
1063 4256 1159 4329 possit
1181 4254 1279 4310 facere
1304 4257 1523 4327 eleemosynam
1547 4255 1638 4308 invito
1663 4259 1708 4309 vel
1732 4255 1954 4309 contradicente
1977 4258 2090 4310 marito.

937 4356 985 4410 Ad
1013 4356 1137 4427 primum
1167 4354 1210 4407 sic
1231 4353 1410 4424 proceditur,
1429 4362 1458 4407 et
1479 4353 1609 4424 arguitur
1629 4353 1709 4424 quod
1728 4372 1786 4406 non
1816 4353 1885 4407 licet
1912 4355 2040 4408 vendere
2060 4355 2191 4408 decimas
2210 4356 2332 4409 carius·

847 4462 970 4526 propter
998 4452 1169 4507 dilationem
1199 4452 1362 4517 solutionis
1383 4453 1450 4524 quia
1470 4452 1549 4523 quod
1569 4470 1627 4505 non
1647 4460 1692 4505 est
1712 4451 1822 4504 licitum
1843 4452 1871 4504 in
1892 4452 1978 4505 bonis
1997 4453 2210 4522 temporalibus
2229 4470 2331 4507 saecu·

845 4553 958 4607 laribus
971 4554 990 4617 ¹,
1009 4551 1104 4604 minus
1133 4550 1250 4604 videtur
1279 4550 1389 4603 licitum
1419 4550 1446 4603 in
1476 4550 1562 4603 bonis
1591 4550 1810 4603 ecclesiasticis,
1830 4550 1890 4603 Sed
1918 4567 1977 4603 non
2002 4551 2071 4604 licet
2096 4551 2225 4604 vendere
2252 4552 2332 4604 bona

847 4649 1011 4705 saecularia
1031 4649 1127 4703 carius
1155 4657 1277 4719 propter
1297 4648 1466 4701 dilationem
1489 4647 1653 4701 solutionis.
1673 4648 1752 4719 Ergo
1772 4665 1827 4701 nec
1846 4649 1924 4701 bona
1944 4622 2148 4702 ecclesiastica
2168 4657 2331 4720 quaesunt

849 4735 992 4803 decimae.

937 4845 1055 4900 Contra.
1076 4846 1200 4915 Magnae
1223 4861 1378 4913 personae,
1391 4843 1466 4896 sicut
1486 4853 1552 4896 sunt
1573 4843 1705 4914 religiosi
1726 4853 1755 4896 et
1774 4843 1882 4908 clerici,
1903 4844 1958 4897 boc
1978 4843 2096 4898 faciunt.
2111 4844 2171 4897 Sed
2186 4846 2261 4899 tales
2274 4847 2331 4900 hoc

848 4961 906 4998 non
928 4942 1062 4997 facerent
1081 4942 1137 4995 nisi
1157 4950 1236 4995 esset
1255 4941 1376 4994 licitum.
1396 4941 1475 5011 Ergo
1495 4949 1524 4994 et
1544 4949 1651 4994 cetera.

936 5039 1125 5112 Respondeo.
1145 5039 1198 5092 Ille
1227 5038 1277 5109 qui
1306 5038 1407 5092 rendit
1427 5038 1547 5109 aliquid,
1567 5048 1616 5091 ant
1637 5039 1738 5092 vendit
1758 5038 1868 5108 aliquid
1894 5039 2024 5093 habitum
2046 5049 2075 5094 et
2095 5041 2138 5094 sic
2158 5059 2210 5111 per
2231 5040 2332 5094 vendi·

848 5140 959 5194 tionem
987 5138 1059 5192 illud
1087 5135 1225 5191 transfert
1246 5136 1326 5206 quod
1345 5136 1416 5189 nihil
1436 5135 1464 5189 in
1485 5153 1520 5189 eo
1540 5138 1655 5202 retinet,
1674 5137 1751 5190 sicut
1770 5136 1876 5207 aliquis
1905 5137 2005 5190 vendit
2024 5138 2145 5192 bladum
2166 5140 2212 5192 sel
2233 5139 2332 5193 vinum

848 5238 1014 5304 collectum,
1034 5243 1083 5290 aut
1112 5234 1214 5288 vendit
1244 5233 1314 5287 illud
1330 5237 1350 5265 ¹⁰
1370 5234 1449 5305 quod
1469 5243 1514 5288 est
1535 5234 1697 5298 habiturus,
1716 5234 1791 5288 sicut
1810 5242 1892 5305 patet
1922 5236 1950 5288 in
1970 5236 2118 5289 locatione
2144 5238 2332 5308 praediorum

848 5343 878 5389 et
900 5336 929 5388 in
951 5334 1034 5388 firma
1050 5336 1068 5365 ¹¹
1092 5332 1273 5387 decimarum
1297 5341 1326 5385 et
1349 5332 1507 5386 fructuum.

940 5604 994 5657 ¹se
1012 5601 1080 5656 ideo
1101 5601 1137 5667 S;
1157 5601 1240 5654 senio
1260 5614 1294 5653 20
1316 5617 1352 5653 nr.
1368 5601 1397 5654 S.
1413 5601 1470 5638 —²
1488 5599 1666 5654 incineratus
1686 5600 1743 5655 SC.
1765 5633 1796 5640 —
1817 5600 1989 5654 ¹hominnm
2009 5604 2078 5655 artri.
2100 5601 2124 5656 C
2153 5634 2185 5640 —
2207 5606 2215 5633 ⁴
2236 5604 2334 5657 consi·

848 5692 967 5745 deratur
987 5690 1019 5744 C.
1040 5721 1073 5728 —
1094 5690 1104 5720 ⁶
1127 5688 1156 5741 id
1180 5688 1213 5742 C.
1234 5720 1266 5726 —
1287 5690 1298 5719 ⁸
1319 5687 1479 5742 secundum
1504 5688 1593 5758 quod!
1618 5688 1705 5741 modo
1730 5706 1788 5759 quo
1813 5688 1845 5743 C.
1867 5721 1899 5728 —
1921 5690 1930 5719 ¹
1955 5689 2082 5742 vendere
2106 5690 2211 5759 tarius]
2236 5691 2334 5746 carius

847 5778 978 5833 vendere
997 5777 1030 5832 C.
1051 5809 1084 5816 -
1105 5775 1259 5830 ⁸decimas
1279 5776 1385 5844 carius]
1406 5775 1502 5829 carius
1523 5775 1652 5829 decimas
1672 5777 1705 5829 C.
1727 5808 1759 5814 —
1779 5777 1790 5807 ⁸
1809 5776 1838 5829 in
1852 5809 1884 5817 —
1899 5776 2110 5846 saecularibus]
2131 5778 2335 5834 saecularibus

848 5867 876 5920 in
896 5866 982 5919 bonis
1001 5862 1215 5935 temporalibus
1235 5865 1269 5917 C.
1284 5896 1317 5903 ..
1339 5866 1359 5895 ιυ
1372 5863 1401 5916 id
1416 5863 1448 5918 C.
1468 5895 1502 5903 —
1518 5865 1536 5894 ¹¹
1552 5862 1643 5916 ferma
1662 5864 1733 5931 (sic)
1753 5864 1786 5918 C.

939 6071 978 6133 (l)
999 6065 1058 6121 Cfr.
1079 6084 1106 6138 p.
1126 6070 1187 6130 213,
1208 6086 1233 6119 n.
1255 6070 1303 6130 (li.
1324 6097 1356 6105 -
1378 6069 1416 6120 (⁸2)
1439 6064 1497 6118 Csr.
1519 6083 1566 6136 pp.
1586 6069 1713 6119 ata-aei.
