6700 7992
1210 1492 1386 1548 remruu
1414 1490 1712 1564 ouonnrneruu,
1742 1496 1777 1563 Q.
1806 1488 1832 1544 ν
2209 1476 2258 1545 tos

782 1673 915 1742 scilicet
932 1672 1127 1740 differentia
1150 1674 1343 1738 secundum
1368 1672 1521 1757 speciem
1546 1682 1580 1738 et
1604 1674 1749 1737 formam
1774 1684 1807 1736 et
1832 1693 1901 1736 non
1927 1671 2039 1737 solum
2064 1671 2258 1737 secundum

783 1810 966 1856 numerum
996 1789 1040 1854 sit
1077 1809 1270 1855 erroneum.
1303 1787 1504 1854 Secundum
1534 1799 1606 1853 erat
1634 1789 1678 1853 de
1714 1808 1861 1874 corpore
1901 1787 2029 1852 Christi
2057 1786 2089 1851 in
2119 1808 2259 1874 compa-

782 1906 916 1973 ratione
949 1906 993 1970 ad
1031 1904 1264 1970 extrinsecum
1303 1904 1462 1984 activum,
1503 1903 1663 1970 videlicet
1698 1914 1810 1969 utrum
1850 1902 1965 1969 dicere
2001 1904 2095 1987 quod
2131 1924 2259 1989 corpus

784 2021 912 2087 Christi
943 2042 1014 2086 non
1049 2019 1161 2106 potuit
1186 2020 1343 2085 comburi
1379 2021 1422 2083 ab
1456 2019 1548 2104 igne,
1580 2019 1624 2084 sit
1651 2019 1903 2086 inconveniens
1927 2021 2120 2084 secundum
2144 2019 2257 2084 tidem.

872 2138 930 2202 Ad
969 2136 1116 2223 primum
1149 2134 1292 2200 istorum
1324 2136 1374 2199 sic
1409 2135 1619 2220 proceditur.
1652 2136 1696 2200 Et
1723 2136 1879 2224 arguitur
1903 2137 1998 2219 quod
2023 2136 2138 2201 dicere
2163 2135 2257 2219 quod

783 2275 911 2340 corpus
940 2252 1067 2318 Christi
1097 2263 1271 2317 mortuum
1298 2263 1331 2317 et
1359 2272 1487 2337 corpus
1516 2251 1767 2336 cuiuscumque
1797 2252 1923 2317 mortui
1952 2263 2032 2317 ante
2061 2251 2258 2316 ulteriorem

784 2368 1043 2455 corruptionem
1072 2370 1126 2433 vel
1155 2366 1403 2432 resolutionem
1432 2388 1504 2432 non
1535 2367 1636 2433 suerit
1664 2389 1792 2452 corpus
1820 2367 1970 2434 univoce
2003 2367 2077 2432 sive
2102 2366 2259 2432 eiusderu

785 2484 916 2571 speciei
955 2484 998 2549 sit
1037 2505 1231 2548 erroneum.
1269 2483 1361 2566 Quia
1397 2483 1486 2548 sicut
1524 2504 1562 2549 se
1601 2485 1706 2548 habet
1743 2504 1872 2568 corpus
1910 2482 2036 2548 Christi
2076 2483 2189 2547 vivum
2215 2484 2259 2547 ad

785 2622 914 2686 corpus
951 2599 1092 2665 alterius
1129 2599 1280 2664 hominis
1312 2599 1437 2677 vivum,
1467 2598 1513 2663 ita
1548 2609 1721 2664 mortuum
1754 2600 1799 2664 ad
1830 2611 2013 2664 mortuum.
2047 2598 2119 2664 Sed
2144 2599 2260 2664 dicere

785 2716 880 2801 quod
907 2736 1037 2801 corpus
1065 2714 1194 2779 Christi
1221 2714 1337 2779 vivum
1365 2725 1399 2779 et
1426 2735 1553 2800 corpus
1581 2715 1721 2779 alterius
1745 2715 1896 2780 hominis
1924 2715 2038 2779 vivum
2063 2736 2135 2780 non
2160 2714 2261 2780 fuerit

785 2852 914 2918 corpus
939 2831 1090 2897 univoce
1113 2841 1166 2896 est
1190 2852 1383 2896 erroneum.
1410 2830 1528 2912 Quare
1552 2842 1586 2896 et
1610 2842 1734 2896 cetera.

872 2949 1068 3026 Praeterea,
1099 2946 1189 3012 sicut
1220 2946 1380 3011 Christus
1418 2944 1518 3010 vivus
1552 2957 1585 3011 et
1617 2945 1703 3010 alius
1736 2949 1842 3012 homo
1876 2947 1973 3012 vivus
2013 2947 2115 3012 fiierit
2153 2948 2260 3012 homo

785 3086 877 3131 unus
905 3064 1066 3144 univoce,
1083 3063 1131 3128 ita
1155 3061 1314 3128 Christus
1342 3073 1498 3127 mortuus
1523 3073 1556 3127 et
1573 3062 1660 3126 alius
1685 3064 1791 3127 homo
1809 3075 1965 3128 mortuus
1991 3065 2130 3129 fuerunt
2153 3065 2260 3129 homo

785 3191 941 3246 mortuus
969 3181 1129 3245 univoce.
1159 3179 1230 3244 Sed
1258 3178 1302 3241 de
1330 3177 1463 3243 ratione
1488 3198 1606 3242 eorum
1635 3199 1724 3261 quae
1752 3191 1833 3244 sunt
1857 3180 1963 3245 homo
1988 3180 2086 3245 vivus
2111 3179 2261 3246 univoce

785 3308 838 3363 est
875 3296 971 3380 quod
1010 3296 1164 3360 habeant
1202 3292 1352 3358 animam
1388 3304 1421 3358 et
1461 3314 1588 3378 corpus
1627 3293 1817 3359 coniuncta
1851 3293 2011 3376 univoce,
2047 3294 2121 3361 sive
2157 3295 2260 3361 unius

785 3411 929 3478 rationis
961 3422 995 3476 et
1026 3409 1166 3496 speciei.
1206 3410 1300 3495 Ergo
1340 3408 1493 3474 similiter
1527 3410 1570 3474 de
1609 3409 1744 3476 ratione
1783 3431 1903 3477 eorum
1943 3410 2001 3497 qui
2035 3422 2116 3477 sunt
2154 3412 2261 3476 homo

784 3539 941 3593 mortuus
972 3527 1123 3592 univoce
1158 3537 1209 3591 est
1234 3527 1328 3609 quod
1353 3527 1506 3591 habeant
1528 3546 1656 3611 corpus
1684 3537 1719 3592 et
1745 3525 1895 3592 animam
1921 3538 2082 3614 separata
2110 3526 2260 3593 univoce

785 3659 820 3710 et
844 3657 968 3710 cetera.

874 3759 1014 3825 Contra.
1050 3759 1211 3844 Corpora
1235 3780 1325 3842 quae
1349 3757 1512 3823 differunt
1546 3759 1742 3824 secundum
1765 3759 1918 3845 speciem
1954 3770 1988 3827 et
2020 3761 2165 3827 formam
2189 3784 2261 3828 non

786 3888 867 3941 sunt
884 3897 1014 3961 corpus
1043 3874 1204 3954 univoce,
1232 3884 1336 3960 prout
1363 3896 1458 3941 nunc
1481 3873 1654 3960 loquimur
1682 3875 1726 3940 de
1753 3876 2010 3943 univocatione.
2037 3878 2108 3944 Sed
2132 3899 2261 3965 corpus

786 3991 915 4059 Christi
958 4001 1129 4057 mortuum
1169 4001 1203 4056 et
1241 4011 1369 4076 corpus
1406 3989 1656 4077 cuiuscumque
1700 3991 1840 4058 alterius
1888 3992 2037 4058 hominis
2088 4004 2261 4061 mortuum

785 4108 923 4174 differre
959 4118 1096 4193 oportet
1130 4107 1241 4171 forma
1276 4118 1310 4171 et
1348 4105 1488 4191 specie3
1528 4128 1608 4171 nam
1645 4128 1773 4193 corpus
1814 4108 1942 4174 Christi
1980 4120 2152 4175 mortuum
2189 4124 2263 4177 erat

785 4245 914 4311 corpus
945 4225 989 4288 ab
1022 4225 1143 4288 eadem
1177 4222 1288 4287 forma
1329 4244 1474 4287 numero
1514 4244 1534 4286 a
1566 4244 1634 4307 qua
1669 4234 1742 4289 erat
1779 4245 1907 4309 corpus
1946 4225 2071 4306 vivum,
2108 4226 2260 4312 alioquin

784 4339 814 4406 si
851 4340 885 4405 in
920 4361 1069 4426 corpore
1103 4338 1231 4405 Christi
1259 4349 1397 4403 mortuo
1433 4338 1556 4404 fuisset
1578 4361 1671 4404 nova
1707 4340 1818 4406 forma
1853 4352 1887 4407 et
1923 4341 2014 4406 illam
2050 4343 2262 4429 oportuisset

784 4457 893 4523 fuisse
921 4457 1051 4521 unitam
1084 4456 1118 4520 in
1151 4454 1282 4522 unitate
1318 4454 1490 4540 suppositi
1525 4454 1709 4540 supposito
1745 4456 1873 4538 divino,
1899 4479 1984 4546 ergo
2020 4457 2134 4545 aliqua
2168 4481 2262 4526 nova

783 4573 867 4638 unio
895 4572 1040 4638 alicuius
1072 4594 1145 4637 non
1180 4571 1275 4657 prius
1316 4571 1402 4636 uniti
1436 4571 1528 4637 facta
1567 4571 1699 4639 fuisset.
1736 4572 1808 4639 Sed
1844 4594 1973 4660 corpus
2008 4575 2260 4662 cuiuscumque

784 4689 923 4755 alterius
955 4688 1105 4754 hominis
1140 4687 1265 4753 mortui
1298 4698 1350 4753 est
1380 4709 1508 4773 corpus
1544 4690 1588 4753 ab
1619 4688 1686 4753 alia
1711 4689 1820 4755 forma
1855 4692 2048 4757 secundum
2083 4692 2259 4779 speciem3

784 4827 865 4871 nam
892 4804 1068 4890 corruptio
1097 4803 1262 4869 naturalis
1286 4803 1389 4868 unius
1414 4815 1466 4870 est
1496 4804 1676 4891 generatio
1702 4804 1842 4871 alterius
1869 4808 2063 4873 secundum
2095 4808 2259 4895 speciem,

783 4920 972 4987 nonenim
1005 4919 1235 5005 corrumpitur
1269 4919 1359 5007 ignis
1392 4919 1426 4984 in
1458 4919 1575 5007 ignem
1599 4941 1666 4986 nec
1691 4920 1811 4986 asinus
1847 4920 1881 4986 in
1915 4922 2051 4988 asinum
2076 4933 2110 4989 et
2134 4935 2259 4991 cetera.

873 5036 1072 5103 Dicendum
1097 5037 1192 5121 quod
1217 5035 1307 5102 sicut
1337 5057 1379 5101 ea
1407 5056 1497 5120 quae
1529 5035 1611 5101 fidei
1644 5047 1735 5117 sunt,
1767 5058 1845 5103 cum
1878 5038 2021 5105 omnino
2050 5051 2131 5105 sunt
2166 5052 2260 5107 certa

784 5152 990 5221 certitudine
1025 5152 1060 5218 in
1101 5164 1267 5238 quantum
1303 5151 1517 5217 auctoritatis
1548 5173 1669 5218 sacrae
1705 5153 1905 5240 Scripturae
1945 5155 2164 5240 [evidentior]
2201 5169 2261 5223 aut

784 5269 956 5336 evidentis
991 5269 1134 5334 rationis
1166 5279 1224 5333 aut
1256 5267 1470 5333 auctoritatis
1502 5268 1683 5335 Ecclesiae
1719 5270 1912 5336 catholicae
1951 5270 2024 5337 sive
2056 5271 2260 5339 universalis

785 5385 1012 5452 determinate
1040 5384 1227 5450 asserentis
1252 5395 1286 5450 et
1302 5394 1428 5465 cetera,
1446 5396 1527 5449 sunt
1551 5384 1601 5451 sic
1625 5384 1826 5452 omnimode
1853 5398 1948 5452 certa
1971 5399 2005 5453 et
2033 5388 2260 5455 determinata

784 5501 978 5568 assertione
1018 5501 1241 5579 affirmanda;
1281 5539 1322 5548 -
1358 5499 1405 5566 ita
1438 5500 1550 5581 etiam,
1584 5522 1663 5567 cum
1694 5524 1766 5568 non
1800 5501 1850 5568 sic
1890 5516 1971 5569 sunt
2008 5526 2260 5592 usquequaque

783 5627 889 5699 certa,
906 5639 979 5684 non
995 5626 1076 5682 sunt
1092 5616 1142 5682 sic
1167 5615 1450 5683 certitudinaliter
1466 5617 1666 5698 asserenda,
1684 5619 1747 5685 sed
1764 5640 1843 5683 cum
1869 5641 1998 5708 magno
2022 5621 2260 5688 moderamine

783 5743 818 5800 et
853 5733 1080 5820 temperantia
1116 5755 1178 5819 per
1211 5734 1352 5797 modum
1388 5732 1579 5817 probabilis
1602 5733 1791 5800 recitanda.
1828 5736 1929 5801 Unde
1960 5757 2040 5802 cum
2071 5748 2261 5804 tractantur

783 5870 804 5914 a
843 5850 1019 5935 theologis
1059 5872 1101 5915 ea
1137 5871 1226 5933 quae
1262 5861 1343 5913 sunt
1378 5848 1577 5914 communia
1612 5850 1773 5917 fidelibus
1819 5862 1888 5916 tam
1934 5852 2108 5941 theologis
2156 5875 2260 5940 quam

782 5965 1003 6052 philosophis
1037 5978 1070 6031 et
1106 5964 1304 6030 infidelibus
1339 5964 1529 6030 scientibus
1562 5975 1595 6030 et
1626 5966 1792 6045 litteratis,
1825 5967 1957 6034 scilicet
1988 5969 2032 6034 de
2063 5969 2195 6035 unitate
2226 5981 2261 6037 et

782 6081 977 6168 pluralitate
1002 6082 1190 6146 formarum
1220 6079 1497 6144 substantialium
1527 6079 1559 6144 in
1590 6081 1739 6163 entibus,
1764 6092 1798 6147 et
1825 6084 1869 6150 de
1893 6082 2048 6151 libertate
2073 6087 2259 6153 voluntatis
