6700 7992
1094 1477 1147 1528 244
1460 1462 1652 1533 itacismi
1681 1462 1902 1534 GODEF'RIDI
1930 1471 1982 1533 ne
2011 1463 2212 1536 Furiosus

1093 1678 1208 1743 genus
1223 1669 1338 1722 autem
1363 1659 1610 1743 quodcumque
1634 1658 1767 1724 finitum
1786 1672 1838 1726 est
1855 1660 1989 1740 virtute,
2007 1659 2088 1744 quia
2112 1659 2163 1726 sic
2179 1661 2293 1726 solum
2310 1661 2408 1726 Deus
2430 1671 2483 1726 est
2498 1656 2573 1726 inli-

1094 1773 1196 1839 nitus.
1214 1773 1308 1861 Ergo
1333 1774 1455 1839 virtute
1480 1796 1551 1839 non
1576 1776 1732 1841 continet
1755 1776 1968 1842 differentias
1993 1776 2154 1841 infinitas.
2180 1777 2224 1841 Et
2247 1776 2276 1841 si
2300 1776 2336 1841 in
2356 1798 2573 1862 unoquoque

1094 1911 1225 1976 genere
1242 1900 1295 1955 est
1318 1891 1485 1970 ultimum,
1510 1891 1617 1957 multo
1644 1891 1754 1978 magis
1780 1891 1937 1976 primum,
1962 1892 2057 1977 quod
2082 1903 2135 1957 est
2159 1892 2344 1958 maximum
2369 1893 2494 1958 virtute
2517 1893 2573 1958 vel

1093 2016 1266 2091 potestate
1291 2017 1324 2070 et
1344 2028 1505 2071 mensura
1530 2006 1684 2084 aliorum,
1702 2029 1772 2072 non
1797 2009 1909 2073 solum
1935 2008 2025 2074 sicut
2048 2010 2156 2090 DeuS,
2175 2008 2233 2093 qui
2249 2008 2392 2074 omnino
2409 2019 2463 2074 est
2478 2019 2573 2074 extra

1093 2143 1217 2209 genus,
1235 2121 1351 2207 aliquo
1369 2123 1474 2188 modo
1492 2122 1616 2188 dicitur
1633 2123 1780 2208 primum
1798 2135 1831 2189 et
1847 2124 2025 2188 minimum
2043 2124 2077 2189 in
2095 2145 2225 2212 genere
2242 2124 2474 2205 substantiae3
2492 2146 2572 2190 nam

1094 2237 1230 2304 videtur
1246 2250 1279 2303 et
1296 2238 1362 2302 alia
1380 2240 1545 2322 ponenda
1561 2239 1672 2326 magis
1691 2240 1877 2327 unigenea.
1896 2241 2002 2322 Quod
2020 2251 2135 2305 autem
2151 2240 2244 2306 entia
2260 2239 2489 2306 determinata
2504 2240 2573 2306 sint

1096 2353 1129 2417 in
1147 2354 1335 2441 generibus
1351 2354 1487 2419 videtur
1510 2374 1572 2438 per
1595 2355 1832 2440 Augustinum
1846 2360 1892 2438 (l)
1909 2355 2029 2439 quinto
2047 2377 2151 2442 super
2170 2356 2348 2436 Genesim,
2367 2355 2572 2422 undecimo:

1096 2471 1289 2535 secundom
1314 2490 1445 2557 genera
1471 2491 1561 2553 quae
1597 2470 1744 2556 primum
1769 2471 1935 2549 condidit,
1961 2494 2052 2538 nova
2076 2493 2154 2537 eum
2185 2474 2293 2537 multa
2332 2473 2446 2538 lacere
2483 2493 2573 2556 quae

1095 2598 1177 2652 tunc
1202 2608 1272 2651 non
1302 2585 1392 2664 fecit,
1422 2586 1641 2651 manifestum
1670 2599 1749 2664 est3
1785 2610 1915 2652 novum
1939 2588 2078 2653 antem¹
2113 2609 2228 2675 genus
2259 2586 2449 2668 instituere,
2479 2599 2574 2654 recte

1095 2702 1190 2767 credi
1207 2723 1278 2767 ηοη
1294 2713 1419 2786 potest.
1438 2701 1474 2767 Si
1491 2702 1581 2767 enim
1598 2724 1669 2767 ηοη
1688 2715 1806 2768 essent
1829 2724 1960 2790 genera
1977 2706 2043 2768 sub
2068 2715 2147 2770 ente
2172 2703 2268 2768 finita
2284 2715 2318 2770 et
2334 2703 2452 2769 omnia
2470 2702 2573 2769 etiam

1096 2839 1186 2903 quae
1201 2820 1266 2882 sub
1291 2817 1480 2903 generibus
1504 2829 1585 2882 nata
1602 2829 1684 2882 sunt
1708 2839 1796 2898 esse,
1814 2841 1887 2884 non
1912 2831 2006 2884 esset
2030 2841 2092 2885 ens
2117 2819 2305 2907 analogum
2331 2820 2376 2884 ad
2399 2818 2487 2905 ipsa,
2507 2840 2575 2884 nec

1097 2945 1190 2999 esset
1214 2933 1382 2998 habitudo
1407 2933 1591 3021 analogiae
1616 2933 1770 2998 omnium
1796 2935 1925 3000 entium
1951 2937 1995 3000 ad
2024 2934 2165 3020 aliquod
2190 2957 2297 3000 unum
2324 2956 2440 3022 genus
2468 2943 2502 3000 et
2529 2935 2573 2999 ad

1097 3050 1237 3134 aliquod
1263 3071 1369 3114 unum
1398 3049 1497 3133 primi
1521 3049 1671 3137 generis,
1701 3051 1781 3134 quia
1811 3072 1876 3116 nec
1900 3063 1994 3117 esset
2017 3051 2165 3137 primum
2189 3050 2339 3139 generis.
2364 3051 2440 3116 Nec
2471 3049 2574 3116 etiam

1097 3176 1190 3232 esset
1206 3165 1368 3252 analogia
1385 3187 1474 3250 quae
1491 3166 1607 3250 aliquo
1621 3168 1727 3231 modo
1741 3179 1793 3232 est
1807 3167 1840 3230 in
1857 3187 1989 3253 genere
2004 3167 2120 3252 aliquo
2134 3169 2240 3233 modo
2259 3176 2399 3252 propter
2411 3166 2575 3251 inaequa-

1096 3283 1226 3348 litatem
1242 3303 1410 3368 generum
1428 3292 1462 3347 et
1478 3283 1673 3367 specierum
1691 3283 1978 3363 subalternarum,
1997 3283 2078 3368 quia
2092 3304 2164 3348 ηοη
2182 3294 2275 3349 esset
2291 3282 2338 3348 ibi
2355 3282 2513 3368 primum.

1185 3399 1264 3464 Hoc
1288 3397 1390 3463 etiam
1415 3397 1550 3463 videtur
1573 3398 1707 3463 ratione
1732 3398 1862 3463 ordinis
1887 3411 1921 3464 et
1945 3399 2178 3487 colligationis
2203 3399 2334 3464 entium
2352 3400 2397 3464 ad
2421 3397 2571 3464 invicem

1015 3561 1016 3565 =
1097 3527 1131 3583 et
1165 3516 1210 3581 ad
1247 3515 1404 3599 primum.
1441 3515 1529 3579 Cum
1566 3514 1658 3578 enim
1691 3515 1873 3579 multitudo
1909 3515 2021 3580 omnis
2056 3516 2239 3601 participet
2273 3536 2355 3595 uno,
2392 3524 2426 3580 et
2458 3513 2573 3578 omnis

1097 3633 1281 3698 multitudo
1307 3632 1464 3698 secunda
1480 3631 1523 3696 sit
1539 3633 1582 3695 ab
1601 3653 1682 3712 uno,
1700 3632 1816 3698 omnia
1833 3652 1923 3716 quae
1940 3641 2021 3696 sunt
2037 3642 2154 3717 partes
2178 3629 2323 3696 alicuius
2340 3628 2569 3696 multitudinis

1091 3725 1327 3814 essentialiter
1350 3747 1529 3813 ordinatae
1553 3746 1668 3833 ipsum
1694 3768 1754 3831 per
1778 3768 1816 3812 se
1834 3769 1941 3812 unum
1965 3747 2124 3813 ordinate
2148 3757 2228 3813 nata
2246 3757 2328 3812 sunt
2343 3745 2573 3832 participare3

1098 3864 1248 3930 infinitas
1292 3875 1406 3929 autem
1453 3863 1489 3928 in
1536 3862 1755 3929 multitudine
1801 3862 2001 3928 huiusmodi
2047 3862 2205 3929 ordinem
2252 3873 2286 3928 et
2331 3861 2572 3928 habitudinem

1099 3981 1260 4047 excludit.
1300 3981 1337 4047 Si
1384 3979 1476 4046 enim
1513 4001 1584 4045 non
1632 3991 1686 4045 est
1732 3981 1814 4045 dare
1860 3979 2004 4066 primam
2052 3990 2243 4045 creaturam
2287 3977 2502 4065 perfectione
2542 3988 2576 4044 et

1100 4097 1278 4185 dignitate,
1303 4118 1369 4163 nec
1394 4097 1495 4162 etiam
1521 4096 1584 4162 erit
1607 4097 1690 4162 dare
1726 4106 1760 4161 et
1783 4106 1909 4176 cetera,
1934 4094 2015 4181 quia
2046 4095 2159 4161 omnis
2197 4096 2284 4161 ordo
2320 4093 2515 4160 essentialis
2541 4104 2575 4159 et

1099 4235 1161 4300 per
1184 4236 1222 4279 se
1246 4213 1482 4280 ordinatorum
1508 4225 1561 4278 est
1585 4224 1746 4298 respectu
1783 4212 1927 4277 alicuius
1951 4211 2054 4277 unius
2090 4210 2189 4297 primi
2224 4222 2259 4277 et
2293 4209 2447 4296 perfecti.
2485 4210 2574 4275 Cum

1098 4351 1183 4416 ergo
1208 4329 1345 4416 species
1369 4351 1483 4394 rerum
1507 4328 1660 4393 numeris
1696 4338 1951 4413 comparentur,
1977 4326 2067 4392 sicut
2101 4327 2189 4392 ordo
2224 4325 2420 4393 essentialis
2455 4345 2575 4390 nume·

1097 4468 1212 4511 rorum
1237 4445 1377 4530 requirit
1401 4445 1496 4530 quod
1521 4444 1564 4510 sit
1587 4455 1697 4509 status
1722 4444 1756 4508 in
1781 4443 1898 4528 aliquo
1922 4443 2034 4530 primo
2058 4442 2117 4527 qui
2142 4442 2241 4528 quasi
2272 4441 2472 4507 immediate
2495 4460 2574 4527 pro·

1097 4562 1234 4627 ducitur
1258 4564 1301 4626 ab
1325 4561 1466 4640 unitate,
1492 4572 1526 4626 et
1549 4583 1619 4646 quo
1636 4583 1708 4625 ηοη
1734 4572 1848 4645 potest
1865 4581 1945 4626 esse
1961 4560 2073 4625 minor
2095 4580 2163 4625 nec
2188 4558 2310 4623 unitati
2334 4556 2574 4644 propinquior,

1098 4719 1137 4727 -
1157 4680 1203 4745 ita
1220 4680 1321 4745 etiam
1339 4678 1425 4744 ordo
1444 4677 1572 4743 entium
1590 4677 1731 4762 requirit
1747 4677 1841 4761 quod
1858 4677 1901 4741 sit
1916 4687 1997 4741 nata
2017 4696 2095 4741 esse
2120 4685 2278 4740 creatura
2302 4672 2433 4760 primae
2450 4670 2575 4738 unitati

1098 4795 1236 4861 divinae
1272 4794 1437 4880 proxima,
1463 4815 1531 4878 qua
1556 4793 1688 4858 scilicet
1712 4814 1782 4857 non
1819 4803 1935 4878 potest
1959 4813 2037 4858 esse
2063 4790 2250 4878 perfectior
2284 4810 2351 4856 nec
2381 4791 2459 4856 Deo
2495 4809 2575 4875 pro-

1098 4911 1270 4998 pinquior.
1286 4912 1330 4976 Et
1353 4911 1443 4976 sicut
1467 4911 1553 4976 ordo
1579 4919 1612 4975 et
1637 4908 1833 4974 essentialis
1857 4908 2026 4974 habitudo
2052 4928 2274 4972 numerorum
2299 4929 2370 4972 non
2388 4905 2577 4972 attenditur

1098 5050 1161 5115 per
1185 5027 1313 5113 aliquid
1338 5039 1507 5092 remotum
1533 5037 1567 5091 et
1591 5026 1724 5090 distans
1749 5026 1793 5090 ab
1818 5024 1950 5089 unitate
1974 5024 2049 5090 sive
2066 5044 2128 5109 per
2152 5023 2281 5108 aliquid
2299 5042 2434 5088 summe
2455 5041 2576 5107 proce·

1099 5147 1187 5210 dens
1211 5146 1255 5209 ab
1280 5144 1366 5228 ipsa,
1391 5143 1492 5208 etiam
1518 5142 1547 5206 si
1571 5145 1640 5207 hoc
1664 5140 1833 5226 possibile
1857 5151 1960 5220 esset,
1985 5141 2048 5206 sed
2073 5160 2136 5226 per
2159 5160 2340 5205 accessum
2371 5139 2415 5203 ad
2441 5158 2517 5203 eam
2542 5146 2576 5203 et

1098 5281 1274 5326 recessum
1299 5261 1343 5324 ab
1368 5280 1410 5324 ea
1434 5257 1550 5341 (etiam
1574 5257 1602 5322 si
1628 5278 1699 5322 non
1725 5268 1817 5322 esset
1841 5255 2019 5342 possibilis
2043 5254 2120 5320 talis
2145 5275 2323 5334 accessus
2349 5252 2465 5318 nullus
2483 5261 2577 5318 esset

1099 5378 1186 5442 ordo
1211 5375 1405 5442 essentialis
1429 5375 1464 5439 in
1489 5374 1659 5452 numeris,
1685 5394 1764 5437 nam
1789 5393 1862 5438 non
1886 5384 1939 5438 est
1963 5372 2050 5436 ordo
2075 5371 2109 5435 in
2141 5369 2294 5436 numeris
2326 5369 2407 5454 quia
2441 5380 2576 5454 quater·

1099 5492 1216 5558 narius
1241 5491 1352 5579 magis
1377 5490 1513 5557 accedit
1537 5492 1580 5554 ad
1617 5489 1773 5555 ultimum
1809 5509 1992 5554 numerum
2027 5507 2130 5572 quem
2155 5508 2228 5552 non
2258 5498 2311 5552 est
2346 5506 2478 5571 ponere
2502 5485 2576 5550 sive

1099 5611 1144 5675 ad
1159 5628 1414 5693 quemcumque
1432 5606 1534 5671 alium
1560 5605 1787 5690 posteriorem
1812 5626 1916 5689 quam
1932 5603 2112 5683 ternarius,
2129 5603 2192 5667 sed
2209 5600 2290 5686 quia
2314 5600 2427 5689 magis
2445 5599 2577 5667 recedit

1189 5914 1197 5944 ¹
1211 5929 1319 5966 novum
1333 5913 1442 5980 nartem]
1458 5920 1555 5964 autem
1568 5926 1677 5965 novum
1692 5909 1725 5962 V.

1188 6095 1227 6161 (1)
1247 6089 1440 6164 Augustini
1454 6089 1499 6143 De
1513 6088 1623 6144 Genesi
1634 6089 1652 6144 l.
1667 6088 1701 6155 V,
1715 6105 1739 6142 c.
1753 6085 1816 6155 XX,
1830 6090 1863 6141 41
1879 6086 1976 6155 (Ρ.Ἰ,.,
1989 6087 2047 6140 vol.
2061 6089 2103 6154 34,
2117 6087 2172 6140 col.
2186 6088 2259 6152 336).
