6700 7992
1044 1502 1097 1554 256
1401 1498 1592 1555 MAGISTRI
1629 1499 1850 1555 GODEFRIDI
1878 1499 1930 1554 DE
1958 1499 2157 1557 FONTIBUS

1135 1682 1347 1766 Respondeo
1378 1681 1564 1746 <licendum
1585 1682 1680 1764 quod
1712 1703 1790 1746 cum
1823 1692 2040 1746 sacramenta
2072 1681 2249 1747 veritatem
2269 1693 2302 1747 et
2333 1681 2522 1748 efficaciam

1046 1797 1198 1860 habeant
1228 1818 1299 1859 non
1331 1818 1372 1860 ex
1404 1795 1451 1859 rei
1482 1807 1605 1859 natura
1636 1796 1699 1860 sed
1728 1817 1769 1859 ex
1800 1795 2017 1861 institutione
2049 1794 2175 1874 divina,
2208 1794 2265 1859 illa
2296 1796 2409 1861 solum
2442 1808 2523 1861 sunt

1046 1909 1187 1973 materia
1225 1921 1520 1974 sacramentorum
1558 1908 1592 1972 in
1631 1908 1757 1993 quibus
1797 1908 1956 1973 Christus
1998 1908 2145 1974 instituit
2182 1920 2401 1974 sacramenta
2444 1931 2522 1975 esse

1045 2024 1264 2088 celebranda.
1284 2023 1419 2088 Veritas
1439 2035 1553 2087 autem
1574 2044 1680 2108 super
1704 2023 1830 2087 talibus
1850 2024 1998 2087 habetur
2016 2024 2071 2087 vel
2099 2043 2141 2087 ex
2169 2022 2319 2088 evidenti
2340 2023 2518 2108 Scriptura

1042 2112 1154 2215 saera,
1175 2138 1227 2201 vel
1249 2139 1375 2200 abusu
1396 2136 1572 2201 comniuni
1601 2136 1780 2201 Ecclesiae
1800 2136 1857 2220 qui
1879 2136 2054 2201 derivatus
2074 2149 2127 2201 est
2147 2158 2167 2200 a
2191 2135 2321 2202 sa‘nctis
2353 2136 2521 2222 apostolis

1045 2250 1104 2334 qui
1124 2272 1200 2314 cum
1224 2250 1363 2315 Christo
1384 2250 1584 2315 instituente
1602 2261 1804 2335 praesentes
1824 2250 1974 2330 fuerunt,
1993 2261 2026 2314 et
2042 2249 2122 2314 ideo
2141 2249 2218 2315 talis
2235 2272 2320 2315 usus
2338 2249 2522 2335 diligenter

1046 2374 1097 2428 est
1132 2364 1372 2428 observandus
1411 2376 1443 2427 et
1483 2366 1676 2428 secunzlum
1715 2363 1808 2427 illum
1849 2375 1902 2427 est
1940 2365 1984 2428 de
2022 2363 2249 2429 sacramentis
2283 2363 2519 2429 iudicandum.

1045 2477 1148 2542 Unde
1178 2477 1266 2542 sicut
1298 2477 1382 2540 alias
1404 2480 1455 2559 (ll
1490 2477 1568 2547 uixi,
1601 2499 1680 2541 cnm
1713 2500 1797 2540 usus
1828 2477 2009 2541 Ecclesiae
2042 2477 2279 2542 universaliter
2307 2480 2374 2542 boc
2394 2479 2521 2543 babeat

1044 2592 1139 2674 quorl
1178 2591 1315 2674 expedit
1353 2591 1447 2675 quorl
1486 2590 1608 2674 aliquis
1647 2591 1691 2654 ‹le
1729 2590 1859 2654 eisdem
1899 2590 2054 2674 peccatis
2092 2590 2221 2675 pluries
2253 2591 2457 2656 confiteatur
2488 2603 2521 2656 et

1044 2704 1339 2769 sacramentaliter
1373 2706 1581 2783 absolvatur,
1613 2727 1684 2767 non
1717 2705 1858 2768 deberet
1896 2704 2056 2768 sustineri
2086 2706 2180 2787 quod
2219 2704 2389 2769 (liceretur
2426 2706 2521 2789 quod

1044 2830 1297 2883 sacramentum
1330 2818 1565 2902 poenitentiae
1596 2829 1757 2902 respectu
1800 2818 1990 2882 eorundem
2028 2830 2252 2902 peccatorum
2283 2840 2354 2883 non
2393 2820 2521 2884 habeat

1045 2933 1204 2997 effectum
1243 2932 1308 2995 nisi
1353 2933 1469 3010 semel,
1509 2943 1541 2995 ct
1584 2933 1677 3014 qoorl
1721 2954 1791 2995 non
1836 2931 1945 3016 possit
1988 2944 2242 2997 sacramentum
2285 2932 2520 3017 poenitentiae

1043 3058 1204 3131 respectu
1228 3047 1418 3110 eorundem
1444 3057 1665 3130 {semitonio
1706 3045 1866 3110 reiterari.
1891 3046 2004 3110 Maius
2042 3046 2133 3111 enim
2173 3045 2374 3132 periculum·
2396 3060 2449 3111 est
2484 3047 2518 3111 in

1043 3162 1111 3225 hoc
1141 3182 1244 3244 quam
1276 3159 1367 3223 circa
1398 3161 1466 3222 boc
1497 3180 1540 3222 an
1573 3160 1720 3241 angelus
1755 3158 1798 3222 sit
1829 3159 1966 3243 proprie
1997 3159 2031 3223 in
2063 3160 2143 3223 loco
2163 3159 2238 3224 sine
2258 3160 2462 3244 operatione
2486 3173 2520 3225 et

1043 3273 1251 3337 huiusmodi.
1291 3274 1364 3337 Nec
1396 3273 1497 3337 ctiam
1529 3283 1638 3336 tutum
1669 3283 1722 3335 est
1752 3274 1821 3337 boc
1859 3272 1893 3335 in
1932 3273 2073 3357 publico
2111 3273 2241 3358 scripto
2279 3295 2341 3358 per
2378 3275 2519 3338 modum

1044 3387 1220 3472 opinionis
1251 3409 1381 3472 poncre
1413 3409 1484 3450 non
1515 3385 1627 3469 magis
1661 3385 1870 3450 contrarium
1892 3408 1994 3469 (pram
2026 3389 2095 3451 hoc
2120 3387 2320 3451 asserendo.
2341 3387 2517 3451 Materiam

1044 3523 1127 3587 crgo
1166 3501 1338 3585 propriam
1382 3511 1601 3563 sacramento
1645 3499 1874 3563 eucharistiae
1917 3511 2085 3583 quantum
2132 3501 2176 3563 ad
2219 3522 2347 3585 corpus
2390 3500 2518 3565 Christi

1042 3614 1209 3699 supponit
1228 3613 1385 3678 Ecclesia
1417 3635 1495 3677 esse
1526 3635 1652 3697 panem
1678 3612 1847 3677 triticeum
1868 3613 1922 3677 vel
1955 3614 1998 3677 (le
2028 3613 2200 3678 frumento
2220 3615 2315 3697 quod
2340 3614 2430 3679 idem
2456 3624 2518 3693 est,

1041 3740 1113 3793 tum
1134 3729 1215 3813 quia
1235 3728 1394 3793 Christus
1419 3727 1633 3811 comparavit
1657 3750 1695 3790 se
1720 3748 1830 3812 grano
1855 3727 2015 3792 frumenti
2042 3727 2206 3791 lobannis
2225 3731 2272 3811 (2)
2297 3727 2517 3808 duodecimo,

1040 3854 1112 3907 tum
1133 3842 1214 3927 quia
1233 3841 1383 3906 creditur
1402 3842 1598 3905 celebrasse.
1619 3840 1651 3903 in
1673 3840 1732 3904 tali
1753 3861 1843 3924 pane
1864 3852 1897 3905 ct
1918 3840 2107 3905 instituisse
2125 3842 2219 3925 quod
2239 3840 2290 3906 sic
2314 3842 2517 3922 celebretur,

1042 3968 1113 4021 tum
1135 3955 1215 4040 quia
1236 3978 1320 4020 usus
1340 3955 1520 4020 Ecclesiae
1541 3954 1685 4019 traditus
1706 3955 1749 4017 ab
1771 3954 1939 4038 apostolis
1959 3954 2017 4038 qui
2050 3964 2252 4039 praesentes
2278 3955 2415 4020 suerunt
2435 3976 2517 4019 con-

1042 4069 1154 4134 suevit
1178 4069 1212 4133 in
1237 4071 1305 4133 hoc
1329 4091 1440 4153 grano
1465 4069 1542 4132 solo
1567 4069 1753 4132 celebrare.

1131 4183 1308 4264 Quaerere
1339 4204 1423 4266 ergo
1454 4194 1566 4247 utrum
1599 4183 1642 4245 ile
1673 4204 1764 4264 panc
1796 4182 1839 4246 <le
1864 4183 1976 4265 spelta
2001 4182 2111 4266 possit
2132 4181 2256 4247 contici
2278 4194 2331 4246 est
2351 4204 2517 4266 quaerere

1042 4310 1153 4361 utrum
1196 4298 1307 4381 spelta
1345 4295 1575 4361 essentialiter
1611 4295 1653 4360 sit
1691 4296 1911 4369 frumentum,
1948 4295 2027 4360 licet
2067 4296 2227 4361 ditl'crant
2269 4295 2303 4359 in
2343 4295 2517 4380 aliquibus

1041 4410 1309 4495 proprietatibus
1348 4410 1622 4474 accidentalibus
1661 4432 1682 4472 a
1719 4409 1824 4472 blarlo
1862 4410 1957 4492 quoil
1995 4409 2192 4494 specialiter
2222 4411 2431 4474 frumentum
2462 4410 2516 4474 vel

1041 4524 1188 4589 triticum
1221 4524 1352 4588 dicitur.
1385 4524 1428 4587 Et
1458 4524 1564 4587 crerlo
1585 4524 1679 4606 (procl
1707 4522 1767 4585 sic.
1800 4523 1920 4607 Spclta
1952 4523 2043 4587 enim
2075 4534 2127 4587 cst
2158 4545 2286 4587 nomen
2317 4544 2388 4587 non
2415 4521 2518 4587 unius

1042 4637 1172 4722 speciei
1210 4639 1273 4702 sed
1311 4638 1442 4701 fonnao
1481 4637 1638 4721 plurium,
1679 4636 1760 4719 qnia
1797 4638 1907 4720 spelta
1946 4659 2036 4721 quae
2074 4637 2108 4700 in
2147 4636 2320 4721 aliquibus
2362 4636 2518 4721 partibus

1041 4751 1207 4836 reperitur
1231 4762 1284 4815 est
1302 4752 1445 4814 multum
1471 4749 1646 4813 dissimilis
1672 4761 1705 4814 et
1730 4749 1808 4813 ideo
1829 4749 1930 4814 etiam
1957 4750 2074 4833 specie
2106 4750 2269 4814 differens
2301 4771 2321 4813 a
2345 4749 2518 4814 frumento

1041 4876 1074 4930 et
1099 4887 1118 4928 a
1143 4866 1255 4948 spelta
1279 4865 1322 4928 de
1346 4885 1415 4947 qua
1439 4875 1491 4928 est
1515 4885 1638 4927 serino.
1664 4864 1739 4927 Nec
1770 4862 1930 4928 videntur
1964 4865 2104 4928 obstare
2140 4863 2253 4928 [lictae
2289 4863 2518 4949 proprietates

1042 4978 1286 5056 accidentales,
1325 4977 1406 5062 quia
1441 4977 1542 5042 etiam
1579 4978 1623 5041 (le
1655 4975 1841 5061 speciebus
1873 4977 2014 5042 aliarum
2047 4999 2158 5043 rerum
2194 4978 2299 5042 multa
2337 4976 2518 5042 diversitas

1042 5091 1224 5174 invenitur,
1251 5103 1287 5156 ut
1311 5089 1463 5178 patet-in
1490 5090 1614 5156 multis.

1130 5979 1169 6037 (Ι)
1190 5975 1249 6030 Cir.
1270 5975 1377 6045 Quorll.
1393 5976 1442 6037 ΙΙΙ,
1457 5994 1482 6046 q.
1497 5979 1521 6028 7.
1537 6007 1568 6014 —
1590 5982 1628 6041 (⁸2)
1650 5976 1766 6043 lirurrrg.
1786 5973 1948 6025 secu'mlron
1968 5973 2130 6025 Iolumnem
2149 5973 2367 6040 x11,atet25:
2389 5971 2517 6039 «Amen,

1041 6082 1127 6119 amen
1146 6064 1213 6118 dico
1233 6064 1327 6127 vobis
1346 6063 1400 6116 nisi
1420 6081 1542 6132 granum
1562 6062 1698 6115 {rumenti
1719 6062 1828 6115 cadens
1847 6061 1876 6113 in
1895 6070 2012 6123 terram,
2031 6069 2176 6115 mortuum
2197 6059 2293 6125 fuerit,
2313 6059 2408 6136 ipsum
2422 6060 2516 6116 solum

1042 6160 1157 6213 manet:
1177 6153 1201 6217 si
1222 6159 1317 6211 autem
1339 6160 1482 6209 mortuum
1503 6150 1598 6213 fuerit,
1618 6151 1740 6205 multum
1761 6149 1886 6207 fructum
1907 6149 2027 6206 affert.»
