6700 7992
1038 1432 1089 1484 152
1401 1429 1593 1485 MAGISTRI
1621 1429 1844 1484 GODEFRIDI
1872 1428 1924 1483 DE
1952 1429 2150 1485 FONTlBUS

1037 1610 1118 1676 talia
1142 1632 1213 1676 non
1239 1621 1440 1695 sequuntur.
1475 1611 1546 1676 Sed
1574 1631 1617 1675 ex
1645 1608 1787 1675 avaritia
1815 1609 2035 1694 sequuntur¹
2062 1610 2162 1696 plura
2185 1608 2307 1675 bona²
2341 1631 2446 1695 quam
2471 1631 2514 1676 ex

1038 1726 1291 1814 prodigalitate.
1320 1727 1408 1792 Nam
1433 1728 1613 1812 perbona
1646 1725 1740 1791 avari
1768 1736 1943 1791 reservata
1967 1725 2194 1811 consequitur
2221 1725 2298 1811 quis
2327 1726 2513 1793 amicitiam

1038 1854 1237 1908 sanctorum
1270 1864 1290 1907 a
1325 1842 1451 1927 quibus
1487 1853 1636 1908 meretur
1666 1841 1775 1927 recipi
1805 1841 1841 1906 in
1873 1851 2014 1908 aeterna
2046 1843 2281 1921 tabernacula,
2317 1843 2513 1909 secundum

1037 1958 1120 2025 illud
1149 1959 1265 2025 Lucae
1283 1962 1340 2043 (l),
1365 1957 1502 2024 decimo
1527 1967 1645 2023 sexto:
1671 1957 1775 2024 facite
1799 1957 1900 2022 vobis
1924 1957 2057 2023 amicos
2087 1957 2130 2023 de
2162 1979 2361 2024 mammona
2392 1957 2514 2045 iniqui·

1037 2074 1116 2141 tatis
1141 2084 1175 2141 et
1191 2086 1316 2141 cetera.
1334 2075 1414 2141 Hoc
1431 2086 1546 2139 autem
1570 2094 1642 2138 non
1666 2084 1783 2159 potest
1811 2072 1981 2158 consequi
2005 2073 2175 2161 prodigus
2199 2073 2258 2159 qui
2283 2074 2513 2141 substantiam

1037 2212 1136 2256 suam
1159 2190 1310 2257 totaliter
1333 2190 1455 2276 perdit.
1480 2190 1584 2255 Unde
1608 2189 1711 2255 etiam
1736 2200 1879 2276 propter
1902 2190 1971 2255 hoc
1999 2200 2052 2256 est
2076 2189 2323 2275 spiritualiter³
2346 2201 2513 2273 mortuus,

844 2292 1016 2420 foffipRa
1038 2317 1075 2372 ut
1102 2317 1197 2393 patet
1221 2308 1264 2373 de
1292 2306 1363 2372 filio
1390 2329 1454 2392 pro
1486 2308 1491 2391 Ι
1524 2306 1617 2393 digo,
1642 2306 1760 2370 Lucae
1785 2309 1831 2389 (2)
1860 2304 1996 2372 decimo
2025 2305 2156 2391 quinto.
2182 2306 2301 2391 Quare
2330 2317 2364 2373 et
2388 2317 2513 2374 cetera.

1128 2422 1269 2488 Contra.
1295 2423 1428 2488 Dicitur
1445 2421 1692 2488 Ecclesiastico
1709 2424 1767 2505 (3),
1787 2420 1945 2488 decimo:
1964 2442 2068 2486 avaro
2096 2421 2180 2487 nihil
2209 2434 2261 2488 est
2285 2423 2468 2491 scelestius
2482 2425 2514 2504 ⁴3

1038 2538 1119 2605 item
1143 2539 1226 2604 nihil
1254 2550 1306 2604 est
1333 2538 1484 2624 iniquius
1508 2560 1612 2623 quam
1640 2559 1756 2603 amare
1780 2537 1976 2624 pecuniam.
2004 2537 2055 2602 Ex
2079 2537 2243 2603 omnibus
2260 2538 2334 2604 istis
2358 2539 2515 2628 arguitur

1038 2655 1132 2740 quod
1158 2654 1298 2720 avaritia
1324 2654 1367 2719 sit
1390 2654 1580 2740 pessimum
1606 2653 1775 2719 vitiorum.

1127 2771 1351 2856 Responde0‚
1377 2770 1563 2837 dicendum
1589 2770 1780 2855 quodcum
1798 2769 1940 2835 virtutes
1965 2770 2113 2835 morales
2136 2769 2330 2835 consistant
2345 2770 2380 2836 in
2398 2772 2514 2838 medio

1038 2887 1183 2951 duarum
1208 2886 1412 2951 malitiarum
1444 2898 1477 2951 et
1510 2885 1621 2950 illudf’
1652 2897 1842 2952 extremum
1867 2885 1911 2950 sit
1941 2885 2042 2971 peius
2074 2886 2168 2970 quod
2197 2886 2308 2973 magis
2341 2900 2514 2976 repugnat

1037 3003 1163 3082 medi0,
1182 3004 1371 3068 -bonum
1389 3013 1504 3067 autem
1529 3001 1662 3066 virtutis
1687 3000 1899 3066 liberalitatis
1920 3001 2079 3067 consistit
2103 3001 2137 3066 in
2163 3013 2256 3068 recta
2282 3003 2514 3089 dispositione

1038 3130 1072 3185 et
1096 3118 1319 3185 inclinatione
1355 3118 1529 3204 appetitus
1564 3128 1727 3203 respectu
1764 3139 1848 3182 usus
1880 3119 2053 3183 bonorum
2078 3117 2297 3199 exteriorum,
2323 3131 2359 3184 ut
2383 3119 2516 3186 scilicet

1037 3234 1088 3300 sic
1118 3234 1286 3300 afficiatur
1324 3233 1416 3299 circa
1447 3233 1504 3298 illa
1535 3234 1629 3318 quod
1662 3233 1707 3298 ad
1739 3255 1858 3298 eorum
1894 3255 1994 3298 usum
2032 3233 2299 3301 convenientem
2330 3235 2515 3302 inclinetur

1038 3349 1165 3427 debite,
1197 3350 1253 3415 illa
1285 3361 1400 3415 autem
1432 3349 1594 3415 dicuntur
1620 3350 1715 3414 bona
1746 3348 1840 3414 utilia
1872 3349 1953 3434 quia
1985 3348 2020 3414 in
2053 3372 2137 3414 usus
2172 3349 2350 3416 hominum
2384 3352 2515 3418 debent

1037 3466 1155 3532 venire
1172 3478 1316 3553 propter
1338 3465 1442 3544 aliud,
1459 3465 1591 3531 scilicet
1606 3476 1748 3551 propter
1764 3477 1908 3530 naturae
1926 3465 2195 3531 convenientem
2212 3467 2513 3548 sustentationem,

1037 3582 1132 3648 unde
1171 3582 1332 3648 dicuntur
1371 3603 1449 3647 esse
1486 3580 1681 3646 substantia
1716 3580 1878 3660 hominis,
1915 3593 1948 3645 et
1982 3581 2063 3666 quia
2098 3603 2183 3646 usus
2207 3581 2326 3647 talium
2355 3582 2515 3649 consistit

1038 3697 1072 3763 in
1105 3697 1292 3764 emissione
1324 3709 1358 3763 et
1389 3695 1573 3785 largitione
1604 3717 1734 3776 eorum,
1767 3718 1848 3760 nam
1880 3696 2063 3781 acquisitio
2095 3696 2267 3782 pecuniae
2306 3698 2515 3765 assimilatur

1037 3812 1150 3901 magis
1181 3812 1256 3879 eius
1287 3811 1506 3901 generationi
1541 3833 1644 3896 quam
1678 3811 1765 3891 usui,
1802 3821 1835 3877 et
1872 3812 2032 3877 custodia
2067 3812 2239 3898 pecuniae
2274 3813 2308 3879 in
2346 3826 2513 3899 quantum

1038 3929 1216 3996 ordinatur
1243 3929 1287 3994 ad
1319 3929 1518 3993 facultatem
1546 3927 1666 3992 utendi
1699 3926 1933 3992 assimilaturt
1958 3927 2100 4008 habitui,
2124 3950 2214 4012 quae
2243 3928 2346 3994 etiam
2371 3931 2514 3997 deberet

1037 4045 1189 4112 ordinari
1213 4046 1257 4110 ad
1289 4044 1557 4110 convenientem
1585 4065 1687 4108 usum
1705 4043 1921 4122 existentem,
1950 4055 1986 4108 ut
2002 4044 2133 4110 dictum
2162 4056 2224 4125 est,
2254 4045 2288 4110 in
2324 4045 2513 4112 emissione

1037 4173 1071 4229 et
1087 4161 1281 4249 largitione,
1305 4171 1339 4227 et
1363 4183 1433 4225 non
1459 4157 1633 4225 deberet⁷
1656 4159 1851 4224 secundum
1875 4181 1913 4225 se
1936 4161 2025 4225 haec
2050 4159 2168 4246 appeti
2192 4161 2255 4226 sed
2280 4161 2356 4246 ipsa
2373 4162 2514 4228 emissio

1037 4289 1153 4345 tamen
1192 4279 1386 4344 secundum
1426 4275 1560 4340 debitas
1598 4274 1875 4340 circumstantias
1910 4276 2094 4363 regulata⁸
2132 4297 2195 4361 per
2230 4277 2448 4362 prudentiam
2481 4289 2515 4344 et

1037 4407 1163 4476 cetera,
1188 4435 1229 4443 -
1254 4416 1274 4459 a
1297 4416 1367 4480 quo
1393 4393 1533 4478 quidem
1561 4392 1677 4460 medio
1702 4391 1874 4457 receditur
1897 4412 1960 4476 per
1984 4392 2159 4456 defectum
2191 4392 2225 4456 in
2257 4415 2363 4459 avaro
2393 4405 2426 4459 et
2453 4416 2515 4480 per

1036 4510 1392 4597 superabundantiam
1421 4510 1455 4575 in
1480 4509 1639 4595 prodigo,
1665 4519 1737 4573 tum
1758 4506 1791 4571 in
1817 4506 2002 4572 affectione
2030 4507 2191 4573 interiore
2220 4509 2394 4594 appetitus
2423 4509 2514 4577 circa

1036 4626 1183 4707 divitias,
1223 4637 1294 4691 tum
1333 4626 1368 4690 in
1393 4626 1562 4691 exteriore
1587 4622 1792 4709 operatione
1825 4622 1917 4687 circa
1957 4643 2028 4701 eas,
2059 4625 2121 4689 sed
2155 4624 2398 4691 diversimode.
2423 4627 2513 4692 Nam

1037 4764 1161 4807 avarus
1185 4753 1351 4827 quantum
1388 4742 1432 4806 ad
1468 4742 1629 4807 affectum
1664 4739 1862 4804 interiorem
1896 4740 2159 4823 superabundat
2192 4740 2269 4825 plus
2294 4740 2413 4807 debito
2442 4741 2515 4806 dili·

878 4859 984 4914 codv
1037 4859 1155 4944 gendo
1173 4857 1341 4943 pecunias
1369 4869 1404 4923 et
1427 4879 1469 4923 ex
1497 4859 1565 4922 hoc
1583 4856 1685 4922 etiam
1713 4866 1879 4939 quantum
1905 4855 2089 4919 adactum
2115 4855 2319 4922 exteriorem
2344 4857 2461 4923 deficit
2490 4861 2495 4940 1

846 4930 1014 4986 mmm)
1037 4973 1071 5038 in
1102 4974 1231 5039 dando.
1257 4973 1528 5058 Superabundat
1559 4971 1649 5037 enim
1682 4970 1716 5034 in
1749 4968 1953 5054 recipiendo
1989 4981 2023 5035 et
2055 4972 2300 5037 conservando
2328 4983 2362 5037 et
2387 4972 2420 5037 in
2445 4975 2515 5039 hoc

1037 5111 1161 5154 avarus
1193 5089 1304 5176 magis
1336 5088 1482 5154 intendit
1506 5088 1615 5152 illud⁹
1646 5087 1741 5170 quod
1768 5084 1882 5149 minus
1910 5084 2098 5151 intenditur
2122 5088 2166 5151 ab
2191 5086 2356 5168 illiberali,
2382 5088 2514 5155 scilicet

1036 5205 1301 5290 acquisitionem
1326 5216 1359 5270 et
1384 5202 1685 5270 conservationem
1711 5200 1937 5286 pecuniarum
1962 5223 2065 5285 quam
2091 5201 2263 5267 illiberalis
2291 5224 2363 5269 non
2381 5204 2515 5288 quaerit

1035 5321 1102 5387 nisi
1134 5321 1215 5406 quia
1242 5320 1378 5387 ordinat
1407 5319 1450 5384 ad
1478 5318 1702 5385 emissionem
1731 5328 1764 5382 et
1792 5316 1978 5382 dationem.
2004 5317 2141 5383 Avarus
2167 5330 2282 5384 autem
2309 5330 2451 5405 propter
2475 5341 2513 5386 se

1126 5689 1134 5718 ¹
1148 5691 1366 5755 consequuntur
1376 5684 1407 5737 P.
1421 5715 1453 5723 —
1466 5684 1476 5715 ³
1489 5683 1572 5754 plura
1585 5683 1673 5751 bona]
1688 5681 1766 5733 bona
1779 5681 1863 5751 plura
1876 5680 1907 5734 P.
1922 5713 1954 5720 -
1969 5682 1980 5713 ³
1993 5699 2048 5735 ont.
2059 5682 2090 5736 P.
2104 5714 2137 5721 -
2152 5684 2162 5715 ⁴
2176 5683 2253 5736 cel’i⁰
2265 5683 2299 5736 V.
2317 5715 2350 5722 —
2368 5682 2420 5736 “id
2434 5682 2465 5736 P.
2479 5713 2513 5722 -

1035 5778 1046 5807 ⁶
1059 5774 1159 5830 utendi
1174 5771 1358 5841 assimilatur]
1373 5789 1428 5824 otu.
1443 5772 1473 5825 P.
1488 5803 1520 5810 -
1536 5772 1545 5802 ¹
1558 5770 1667 5824 debent
1681 5769 1714 5822 V.
1729 5801 1761 5808 -
1777 5770 1786 5799 ⁸
1800 5769 1865 5822 iter.
1880 5769 1912 5821 r'n
1927 5787 2024 5840 ittetrg.
2039 5770 2068 5823 P.
2084 5801 2116 5808 —
2132 5772 2142 5802 ⁹
2155 5768 2184 5823 id
2199 5771 2230 5823 P.

1123 6044 1162 6109 (l)
1180 6041 1296 6113 Euung.
1306 6038 1468 6091 secuudum
1481 6036 1604 6102 Lucum,
1619 6035 1696 6094 XVI,
1709 6036 1733 6087 a.
1745 6063 1777 6071 —
1791 6034 1829 6105 (⁸2)
1841 6032 1924 6101 Ibat,
1939 6050 1962 6087 c.
1976 6033 2038 6101 XV,
2051 6036 2086 6087 24
2100 6041 2129 6087 et
2141 6036 2184 6089 32.
2193 6064 2232 6121 ⁸-
2246 6036 2286 6102 (3)
2301 6032 2380 6150 Cili,
2393 6036 2410 6087 9
2423 6041 2453 6087 et
2471 6036 2513 6089 10.
