6700 7992
1330 1417 1548 1472 SECUNDUM
1573 1415 1872 1486 QUODLIBETUM,
1901 1417 1937 1487 Q.
1965 1417 2007 1470 Ill
2373 1421 2408 1471 7³

930 1595 985 1660 illa
1009 1595 1209 1662 necessario
1242 1605 1294 1660 est
1319 1595 1353 1659 in
1390 1595 1562 1680 principio
1596 1606 1712 1660 motus
1745 1606 1779 1660 et
1810 1596 1954 1661 effectus
1979 1617 2051 1660 non
2084 1595 2149 1660 nisi
2182 1596 2216 1660 in
2248 1596 2407 1671 termino,

929 1710 1010 1777 ideo
1034 1733 1107 1777 non
1132 1722 1249 1797 potest
1275 1712 1421 1776 effectus
1447 1733 1525 1776 esse
1553 1732 1799 1796 coaequaevus
1827 1733 1913 1777 suae
1937 1715 2089 1794 causae),
2113 1722 2172 1776 aut
2196 1712 2275 1796 quia
2301 1733 2408 1778 causa

930 1839 1071 1893 nonest
1096 1827 1322 1913 productiva¹
1348 1827 1494 1892 effectus
1512 1829 1707 1892 secundum
1723 1839 1833 1892 totum
1859 1827 1893 1891 id
1918 1828 2012 1911 quod
2038 1839 2100 1906 est,
2119 1829 2180 1892 sed
2207 1827 2339 1915 indiget
2363 1830 2407 1893 ad

931 1942 1031 2028 [eius]
1049 1942 1316 2028 productionem
1335 1942 1425 2007 illius
1444 1943 1598 2028 pass[i]o‚
1617 1944 1712 2026 quod
1730 1943 1847 2007 sinon
1865 1944 1967 2007 luerit
1989 1965 2156 2028 praesens
2173 1943 2268 2008 non²
2292 1954 2409 2028 potest

929 2080 1040 2146 agens
1060 2059 1071 2092 ³
1095 2059 1289 2144 producere
1312 2059 1474 2123 ellectum
1499 2081 1599 2123 suum
1626 2059 1660 2122 in
1686 2058 1743 2123 illo
1769 2080 1952 2142 quousque
1978 2058 2090 2142 ipsum
2116 2081 2258 2144 passum
2283 2081 2407 2145 appro-

929 2171 1156 2258 pinquaverit.
1187 2173 1258 2238 Sed
1286 2174 1383 2238 Deus
1409 2174 1452 2236 ab
1478 2183 1620 2237 aeterno
1646 2172 1708 2236 suit
1732 2171 1887 2236 infinitae
1912 2172 2090 2256 potentiae
2115 2183 2148 2237 et
2173 2173 2316 2253 virtutis,
2341 2195 2408 2239 nec

930 2288 961 2354 ei
997 2288 1106 2353 defuit
1142 2289 1209 2353 ulla
1244 2288 1400 2373 potentia
1436 2310 1540 2372 quam
1575 2299 1785 2373 expectaret,
1812 2299 1844 2353 et
1880 2288 1970 2353 actio
2008 2288 2073 2353 Dei
2108 2288 2211 2353 ctiam
2248 2310 2320 2353 non
2356 2300 2409 2355 est

929 2404 1131 2470 successiva
1155 2417 1189 2469 et
1213 2403 1403 2483 divisibilis,
1429 2405 1492 2469 sed
1525 2403 1615 2469 actio
1650 2425 1717 2488 qua
1747 2417 1903 2469 creatura
1936 2405 2042 2468 habet
2077 2426 2155 2469 esse
2185 2406 2228 2468 ab
2254 2405 2331 2489 ipso
2356 2417 2409 2470 est

929 2519 1172 2584 indivisibilis:
1210 2541 1281 2584 non
1306 2519 1555 2584 enim-habent
1580 2541 1658 2584 esse
1683 2519 1829 2604 abipso
1861 2541 1923 2604 per
1947 2529 2077 2583 motum
2103 2523 2157 2584 vel
2182 2521 2407 2585 mutationem

930 2635 1175 2701 successivam.
1202 2636 1264 2700 Est
1296 2635 1396 2700 etiam
1435 2657 1542 2699 causa
1578 2635 1684 2699 totius
1720 2635 1768 2699 rei
1805 2646 1971 2719 quantum
2007 2637 2052 2699 ad
2088 2635 2205 2699 omnia
2238 2657 2327 2720 quae
2364 2637 2408 2700 ad

929 2751 1041 2837 ipsam
1075 2752 1257 2837 pertinent.
1283 2752 1401 2834 Quare
1439 2752 1600 2817 ellectum
1637 2773 1739 2815 suum
1780 2772 1849 2815 non
1892 2752 1935 2816 de
1975 2751 2185 2816 necessitate
2224 2752 2408 2817 duratione

931 2867 1117 2952 praecedit,
1143 2878 1177 2932 et
1202 2868 1252 2932 sic
1277 2867 1402 2952 poterit
1426 2879 1585 2932 creatura
1620 2869 1664 2930 ab
1690 2878 1832 2932 aeterno
1869 2889 1946 2931 esse
1976 2888 2054 2931 cum
2091 2880 2257 2946 creatore,
2283 2869 2327 2933 ab
2352 2867 2408 2933 illo

930 2996 1046 3048 tamen
1071 2984 1206 3048 habens
1230 3007 1331 3048 suum
1357 3005 1445 3062 esse,
1482 3005 1554 3047 non
1591 2984 1635 3047 de
1671 2983 1795 3066 aliquo.
1823 2983 1925 3065 Quae
1949 2982 2029 3047 ideo
2055 2995 2108 3047 est
2132 2995 2301 3063 creatura,
2327 2984 2409 3068 quia

929 3097 981 3164 sic
1006 3100 1049 3162 ab
1075 3098 1142 3163 alio
1167 3100 1274 3163 habet
1298 3120 1376 3163 esse
1401 3099 1445 3163 de
1470 3098 1589 3177 nihilo,
1616 3110 1649 3163 et
1674 3098 1729 3163 ille
1754 3110 1899 3176 creator,
1926 3098 2007 3182 quia
2035 3121 2054 3163 a
2080 3093 2173 3163 nullo
2197 3100 2303 3164 habet
2328 3121 2407 3165 esse

930 3214 994 3279 sed
1019 3213 1136 3279 omnia
1161 3215 1205 3278 ab
1230 3214 1317 3299 ipso

1019 3331 1212 3409 Praeterea,
1249 3329 1283 3394 in
1323 3351 1545 3414 quocumque
1586 3329 1726 3394 instanti
1766 3330 1906 3415 ponitur
1946 3352 2000 3394 res
2040 3351 2128 3408 esse,
2170 3342 2284 3414 potest
2324 3330 2406 3416 poni

930 3446 1138 3532 principium
1164 3445 1341 3511 actionis⁴
1376 3445 1461 3510 eius.
1489 3446 1560 3511 Sed
1596 3445 1631 3510 in
1656 3445 1861 3530 operatione
1895 3444 2008 3510 subita
2043 3445 2153 3525 simul,
2185 3446 2289 3510 immo
2314 3446 2416 3517 idem*

930 3575 983 3627 est
1008 3561 1216 3647 principium
1252 3573 1285 3626 et
1318 3561 1395 3625 linis
1432 3561 1506 3626 eius
1543 3561 1632 3625 sicut
1667 3561 1702 3625 in
1739 3560 1901 3626 omnibus
1937 3560 2214 3625 indivisibilibus.
2240 3562 2334 3648 Ergo
2370 3562 2405 3626 in

929 3697 1152 3761 quocumque
1187 3677 1328 3741 instanti
1365 3676 1505 3761 ponitur
1544 3699 1654 3763 agens
1699 3678 1898 3761 producens
1939 3678 2098 3742 ellectum
2137 3699 2256 3761 suum·
2279 3677 2407 3757 subit0‚

929 3804 1046 3878 potest
1070 3793 1153 3877 poni
1190 3792 1388 3858 terminus⁶
1422 3793 1570 3858 actionis
1606 3815 1700 3857 suae.
1739 3793 1810 3858 Sed
1844 3792 2011 3858 terminus
2047 3792 2194 3858 actionis
2230 3794 2332 3858 simul
2356 3806 2409 3859 est

930 3930 1009 3973 cum
1033 3909 1110 3994 ipso
1135 3910 1238 3974 factu.
1258 3908 1350 3996 Ergo
1375 3930 1446 3973 non
1471 3908 1633 3993 importat
1657 3907 1924 3994 repugnantiam
1949 3907 2196 3988 intellectuum,
2213 3909 2242 3973 si
2259 3921 2410 3994 ponatur
2445 3892 2448 3899 ¹

929 4046 1037 4090 causa
1071 4025 1272 4109 producens
1307 4025 1468 4090 effectum
1493 4046 1595 4088 suum
1620 4025 1736 4089 subito
1762 4046 1833 4088 non
1859 4025 2070 4108 praecedere
2098 4024 2281 4090 duratione
2306 4048 2407 4091 suum

920 4141 1101 4210 effectum.
1128 4141 1315 4228 Repugnat
1340 4151 1453 4205 autem
1479 4161 1607 4205 causae
1633 4139 1841 4225 producenti
1866 4140 2028 4205 effectum
2054 4163 2154 4205 suum
2181 4164 2243 4226 per
2267 4153 2408 4223 motum,

929 4255 1010 4340 quia
1034 4268 1172 4341 oportet
1196 4255 1403 4341 principium
1429 4267 1543 4320 motus
1569 4257 1780 4340 praecedere
1805 4255 1910 4319 linem
1944 4255 2028 4321 eius.
2055 4256 2098 4320 Et
2134 4256 2212 4340 quia
2248 4258 2409 4323 homines

929 4370 1059 4437 assueti
1084 4382 1165 4436 sunt
1182 4371 1405 4436 considerare
1430 4370 1631 4436 huiusmodi
1656 4371 1827 4436 sactiones
1852 4394 1943 4455 quae
1967 4383 2048 4436 sunt
2073 4394 2135 4456 per
2159 4384 2301 4452 motum,
2328 4373 2408 4439 ideo

929 4489 1069 4553 nonde
1105 4486 1197 4561 facili
1221 4487 1364 4572 capiunt
1393 4488 1488 4571 quod
1521 4508 1628 4552 causa
1657 4509 1767 4573 agens
1803 4487 1965 4552 effectum
1991 4509 2091 4552 suum
2128 4488 2312 4554 duratione
2336 4511 2409 4554 non

929 4605 1128 4689 praecedat.

845 4699 849 4706 ⁵
1017 4720 1093 4791 Nec
1116 4718 1197 4784 huic
1221 4718 1346 4784 rationi
1372 4717 1516 4783 obviat⁶
1544 4720 1639 4802 quod
1670 4720 1766 4783 Deus
1797 4732 1849 4784 est
1864 4718 2016 4806 agens⁷
2044 4732 2220 4784 creaturas
2249 4742 2319 4784 non
2349 4743 2410 4805 per

928 4846 1072 4900 naturae
1097 4835 1342 4900 necessitatem
1372 4836 1434 4899 sed
1464 4856 1526 4918 per
1554 4835 1698 4899 liberam
1728 4837 1952 4913 voluntatem,
1978 4856 2048 4899 non
2077 4834 2217 4918 quidem
2242 4835 2409 4902 delibera·

927 4949 1059 5016 tivam⁸
1084 4963 1120 5014 ut
1144 4962 1197 5016 est
1213 4962 1331 5015 nostra
1356 4972 1446 5034 quae
1471 4950 1647 5035 pendente
1673 4950 1924 5015 deliberatione
1950 4949 2130 5036 postponit
2161 4951 2278 5016 facere
2307 4974 2408 5017 suum

929 5067 1110 5145 effectum;
1130 5067 1348 5131 -voluntas
1373 5065 1491 5131 enim⁰
1516 5066 1581 5130 Dei
1605 5089 1677 5130 non
1703 5076 1755 5130 est
1780 5065 2024 5144 deliberativa3
2050 5066 2078 5129 si
2103 5066 2195 5131 enim
2220 5078 2341 5153 ageret
2364 5069 2408 5132 de

929 5182 1138 5248 necessitate
1162 5193 1307 5246 naturae
1332 5181 1504 5247 diceretur
1520 5182 1544 5216 ¹⁰
1559 5182 1655 5265 quod
1672 5183 1824 5246 mundus
1846 5192 1938 5246 esset
1955 5184 1999 5245 alr
2017 5194 2159 5246 aeterno
2177 5195 2211 5247 et
2227 5183 2271 5247 de
2288 5204 2408 5248 neces-

929 5297 1038 5364 sitate.
1066 5299 1137 5364 Sed
1173 5299 1333 5362 voluntas
1359 5297 1393 5361 in
1411 5298 1434 5331 ¹¹
1464 5299 1542 5362 Deo
1574 5297 1658 5362 nihil
1691 5297 1810 5362 adimit
1838 5297 1903 5361 sibi
1933 5300 1976 5362 de
2009 5296 2165 5383 potentia
2194 5311 2227 5362 et
2262 5298 2408 5377 virtute;

928 5413 1033 5478 immo
1058 5413 1173 5499 potius
1198 5436 1240 5479 ex
1265 5415 1333 5478 hoc
1358 5424 1410 5478 est
1436 5413 1618 5498 potentior.
1645 5413 1740 5500 Ergo
1771 5413 1861 5478 sicut
1892 5415 2044 5478 mundus
2076 5425 2169 5478 esset
2193 5416 2236 5478 ab
2261 5413 2338 5499 ipso
2364 5415 2408 5479 de

929 5529 1149 5609 necessitate,
1167 5528 1195 5593 si
1215 5550 1287 5594 non
1312 5540 1404 5594 esset
1430 5550 1540 5616 agens
1564 5527 1708 5593 liberum
1735 5541 1768 5593 et
1785 5529 1809 5563 ¹²
1833 5529 2073 5607 voluntarium,
2091 5529 2137 5593 ita
2155 5528 2291 5594 videtur
2314 5532 2408 5615 quod

1020 5861 1025 5890 ¹
1047 5876 1113 5934 esse
1135 5860 1203 5913 add.
1227 5876 1324 5927 liturg.
1347 5873 1381 5911 211
1405 5876 1442 5912 m.
1465 5859 1495 5911 P.
1519 5891 1545 5896 —
1576 5860 1586 5888 ²
1608 5875 1673 5909 nam
1699 5857 1728 5908 Ρ.
1752 5889 1784 5894 -
1809 5858 1818 5885 ³
1839 5864 1936 5927 potest
1960 5860 2060 5925 agens]
2085 5875 2176 5923 agens
2199 5866 2297 5928 potest
2320 5859 2350 5911 P.
2374 5891 2407 5897 —

928 5946 1064 5999 ‘ratione
1079 5948 1109 6000 Ρ.
1136 5946 1277 5999 -⁵arim
1293 5947 1323 5999 P.
1345 5980 1376 5984 —
1398 5948 1477 5998 ‘'orn.
1490 5947 1518 5998 P.
1538 5978 1561 5984 -
1591 5948 1667 5998 lom.
1685 5946 1713 5996 Ρ.
1731 5977 1759 5982 --
1777 5947 1854 5996 ’‘onr.
1872 5945 1899 5995 P.
1931 5976 1951 5982 ω
1975 5947 1985 5973 ¹⁸
1999 5956 2094 5997 autern
2114 5946 2141 5997 l‘.
2159 5977 2190 5984 -
2208 5948 2227 5976 ¹⁰
2246 5946 2360 6001 dicetur
2373 5947 2406 6007 V.

930 6066 962 6081 ν-
979 6036 1073 6088 ¹¹al’.
1090 6067 1114 6073 -
1141 6037 1160 6065 ¹⁹
1177 6036 1222 6089 vel
1237 6035 1267 6089 P.
