6700 7992
1446 1456 1636 1510 MAGISTRI
1674 1449 1894 1510 GODliFRlDl
1925 1458 1975 1510 DE
2004 1457 2201 1512 FONTIBUS

1179 1633 1210 1687 Si
1230 1634 1324 1705 primo
1345 1635 1443 1701 modo,
1463 1643 1512 1689 aut
1531 1636 1664 1690 vendens
1683 1636 1781 1690 statim
1801 1635 1973 1690 venditurus
1992 1638 2059 1689 est¹
2080 1654 2141 1690 rem
2160 1652 2242 1689 suam
2262 1643 2312 1689 aut
2331 1651 2397 1689 non.
2418 1635 2449 1689 Si
2469 1635 2568 1690 statim

1089 1738 1134 1784 est
1153 1748 1217 1784 eam
1238 1732 1418 1799 venditurus,
1437 1751 1495 1786 non
1524 1734 1593 1788 licet
1621 1735 1648 1787 ei
1678 1734 1806 1787 vendere
1835 1753 1888 1805 pro
1918 1734 2059 1789 dilatione
2087 1733 2243 1788 solutionis
2270 1735 2336 1806 plus
2362 1751 2449 1805 quam
2469 1733 2568 1788 valeat

1088 1835 1221 1898 tempore
1242 1829 1291 1883 illo
1320 1847 1378 1901 quo
1407 1849 1467 1885 rem
1497 1832 1585 1886 tradit
1614 1841 1644 1885 et
1663 1833 1772 1886 vendit.
1793 1833 1828 1886 Et
1848 1834 1903 1887 hoc
1924 1841 2004 1905 patet
2028 1851 2081 1904 per
2106 1832 2185 1887 illam
2210 1832 2388 1887 decretalem
2415 1833 2503 1886 Extra
2529 1831 2567 1886 de

1088 1925 1184 1982 usuris
1197 1929 1215 1993 ¹,
1235 1929 1389 1983 Consuluit
1404 1934 1453 1997 (l),
1472 1931 1521 1984 ubi
1542 1932 1664 1985 dicitur:
1685 1932 1831 1985 consuluit
1859 1949 1914 1985 nos
1942 1940 1991 1985 tua
2017 1931 2137 1985 devotio
2157 1948 2194 1985 an
2213 1930 2262 1985 ille
2282 1931 2310 1984 in
2329 1930 2438 1984 iudicio
2459 1930 2567 1984 anima·

930 2021 1031 2077 codS
1088 2045 1151 2081 rum
1179 2029 1328 2082 usurarius
1353 2031 1357 2095 Ι
1383 2029 1492 2083 debeat
1519 2029 1642 2084 iudicari
1671 2030 1719 2101 qui
1749 2048 1862 2083 merces
1890 2048 1959 2083 suas
1987 2031 2076 2101 longe
2105 2029 2216 2083 maiore
2244 2029 2339 2102 pretio
2365 2029 2523 2083 distrahit³
2542 2026 2567 2082 si

905 2092 1061 2149 s01'46Rb
1089 2126 1127 2181 ad
1147 2127 1322 2181 solutionem
1344 2127 1509 2181 faciendam
1529 2128 1633 2199 prolixi
1654 2129 1796 2199 temporis
1816 2128 1918 2183 dilatio
1938 2136 2113 2199 prorogetur
2133 2145 2219 2199 quam
2240 2127 2265 2181 si
2284 2128 2310 2181 ei
2331 2127 2359 2181 in
2380 2127 2540 2182 continenti
2557 2131 2567 2159 ¹

1088 2225 1213 2297 pretium
1238 2227 1429 2296 persolvatur.
1454 2228 1489 2279 Et
1511 2225 1603 2280 infra:
1632 2227 1699 2280 talis
1725 2227 1900 2283 iudicandus
1922 2236 1967 2280 est
1989 2227 2066 2280 male
2089 2244 2178 2298 agere
2201 2236 2231 2280 et
2253 2227 2291 2280 ad
2313 2243 2349 2280 ea
2371 2244 2447 2298 quae
2469 2226 2568 2280 taliter

1088 2327 1177 2378 sunt⁵
1197 2332 1318 2394 accepta
1342 2324 1522 2380 restituenda
1535 2324 1564 2377 in
1578 2325 1738 2378 animarum
1753 2325 1861 2378 iudicio
1881 2324 2043 2379 efficaciter
2064 2325 2248 2379 inducendus
2262 2326 2281 2379 ⁶.
2296 2357 2328 2364 —
2340 2325 2371 2382 si
2391 2332 2488 2379 autem
2509 2342 2567 2378 nou

1089 2431 1135 2477 est
1162 2423 1260 2475 statim
1282 2422 1452 2477 venditurus
1471 2423 1524 2476 sed
1550 2422 1579 2475 in
1606 2431 1765 2494 postenim,
1791 2433 1819 2477 et
1840 2433 1937 2477 tamen
1963 2431 2083 2495 propter
2102 2431 2307 2494 paupertatem
2327 2423 2459 2491 aliorum,
2478 2423 2568 2477 tradit

1089 2521 1132 2575 eis
1152 2521 1270 2574 bladum
1291 2522 1336 2576 vel
1357 2521 1454 2575 vinum
1475 2539 1527 2592 pro
1547 2523 1643 2593 pretio
1657 2521 1757 2592 quod¹
1776 2522 1898 2575 deberet
1919 2522 2016 2576 valere
2036 2530 2117 2576 certo
2131 2522 2264 2603 termin0,
2284 2530 2355 2594 puta
2374 2521 2403 2575 in
2422 2521 2568 2593 principio

1089 2619 1226 2689 Augusti,
1246 2628 1314 2673 tunc
1334 2621 1356 2672 si
1378 2619 1498 2672 dubium
1518 2629 1563 2673 est
1583 2637 1618 2672 an
1639 2628 1707 2672 tunc
1728 2620 1880 2672 debeant⁸
1902 2621 1967 2691 plus
1988 2621 2033 2674 vel
2048 2619 2143 2675 minus
2164 2620 2262 2674 valere
2281 2627 2415 2690 tempore
2435 2637 2488 2691 pro
2508 2637 2568 2691 quo

1089 2718 1255 2771 venduntur
1275 2735 1361 2787 qutun
1382 2728 1514 2788 tempore
1534 2717 1562 2770 in
1576 2718 1634 2789 qu'o
1655 2719 1808 2771 traduntur
1822 2722 1840 2777 ¹,
1854 2719 1923 2773 licet
1941 2718 1983 2772 sic
1999 2718 2146 2785 vendere;
2166 2718 2190 2772 si
2204 2726 2301 2772 autem
2315 2735 2372 2771 non
2386 2718 2424 2772 sit
2437 2717 2568 2786 dubium,

1089 2833 1146 2869 non
1167 2816 1243 2869 licet.
1265 2817 1300 2869 Et
1319 2817 1374 2869 hoc
1395 2816 1510 2870 videtur
1531 2816 1629 2870 dicere
1648 2817 1697 2870 illa
1717 2816 1874 2870 decretalis
1888 2818 1985 2883 Extra,
2005 2816 2135 2888 capitulo
2156 2818 2187 2870 ln
2208 2816 2328 2870 civitate
2348 2825 2397 2870 tua
2413 2820 2461 2884 (2).
2481 2816 2567 2871 Unde

1088 2914 1264 2986 generaliter
1283 2932 1344 2969 rem
1364 2915 1451 2967 talem
1471 2932 1528 2969 non
1548 2914 1617 2987 licet
1630 2916 1650 2946 ¹⁰
1666 2915 1794 2968 vendere
1814 2916 1880 2986 plus
1900 2932 1987 2985 quam
2007 2916 2105 2968 valeat
2123 2932 2177 2985 pro
2197 2925 2330 2986 tempore
2351 2932 2404 2989 pro
2418 2932 2475 2986 quo
2498 2933 2569 2968 ven·

1089 3013 1166 3068 ditur
1186 3032 1238 3084 pro
1259 3030 1443 3084 <primumque
1463 3012 1604 3067 dilatione
1624 3014 1788 3075 solutionis,
1807 3014 1876 3067 licet
1898 3014 1993 3084 possit
2014 3013 2102 3067 vendi
2122 3014 2188 3085 plus
2208 3030 2294 3084 quam
2315 3014 2412 3067 valeat
2434 3022 2569 3085 tempore

1089 3113 1117 3165 in
1138 3130 1197 3182 quo
1217 3112 1353 3165 venditur
1372 3120 1401 3164 et
1421 3111 1545 3165 traditur
1558 3120 1590 3165 ut
1611 3113 1637 3165 in
1658 3130 1727 3165 cusu
1748 3111 1910 3182 praedicto.

1179 3210 1209 3264 Si
1230 3220 1327 3263 mitem
1355 3212 1509 3281 loquamur
1528 3209 1565 3262 de
1585 3209 1756 3263 venditione
1776 3228 1876 3263 eorum
1897 3228 1973 3280 quae
1993 3210 2058 3280 quis
2077 3209 2229 3263 habiturus
2249 3219 2320 3277 erat,
2340 3211 2416 3263 sicut
2436 3207 2587 3263 vendun-¹

1090 3316 1135 3361 tur
1159 3308 1195 3361 ad
1219 3306 1492 3362 lirmam'deeimae
1513 3317 1541 3361 et
1562 3307 1673 3361 tructus
1700 3307 1886 3378 praediorum
1916 3326 1992 3379 quae
2008 3312 2026 3340 ¹¹
2047 3326 2104 3361 non
2125 3317 2342 3362 consueverunt
2361 3308 2435 3361 solvi
2455 3307 2509 3361 nisi
2531 3308 2568 3362 de

1090 3406 1234 3461 fructibus
1247 3406 1405 3476 perceptis,
1419 3406 1486 3476 quia
1501 3423 1556 3459 nec
1570 3416 1786 3460 consueverunt
1800 3406 1875 3459 solvi
1890 3408 1909 3437 ¹²
1923 3416 2055 3476 tempore
2068 3405 2256 3472 venditionis,
2270 3438 2303 3445 -
2317 3405 2468 3459 sciendum
2488 3405 2569 3476 quod

1090 3523 1149 3558 non
1177 3504 1297 3575 requirit
1327 3504 1490 3575 aequalitas
1518 3503 1647 3558 iustitiae
1667 3506 1746 3575 quenl
1767 3513 1878 3558 tantum
1900 3505 2064 3558 venduntur
2083 3512 2223 3575 quantum
2244 3505 2342 3558 valent
2363 3504 2480 3576 quando
2501 3513 2568 3559 sunt

1091 3611 1167 3667 actu,
1188 3604 1255 3673 quia
1284 3621 1331 3655 res
1354 3621 1411 3654 non
1429 3611 1539 3656 tautum
1561 3604 1640 3657 valet
1656 3605 1676 3635 ¹³
1696 3603 1814 3673 quando
1834 3611 1878 3656 est
1898 3612 2009 3656 tantum
2030 3602 2058 3656 in
2080 3603 2186 3656 virtute
2206 3611 2235 3656 et
2254 3603 2372 3673 quando
2392 3614 2436 3657 est
2452 3605 2472 3635 ¹¹
2492 3613 2568 3657 actu.

1090 3701 1151 3754 Sed
1182 3700 1291 3753 suflicit
1314 3701 1360 3778 -ad
1390 3700 1598 3771 aequalitatem
1624 3701 1754 3755 iustitiae
1784 3701 1863 3772 quod
1892 3709 2003 3753 tanturn
2034 3718 2068 3753 ea
2098 3711 2175 3754 emat
2195 3700 2243 3754 ille
2263 3701 2311 3771 qui
2338 3700 2408 3754 emit
2428 3710 2567 3771 quantum

1089 3798 1250 3852 secundum
1283 3817 1467 3851 coinuiuuem
1498 3817 1613 3852 cursum
1642 3807 1858 3852 consueverunt
1889 3799 1974 3852 vendi
2005 3808 2033 3852 et
2064 3800 2179 3866 valere;
2211 3798 2340 3869 alioquin
2373 3799 2411 3852 illi
2445 3816 2568 3869 quorum

1089 3907 1189 3952 essent
1217 3896 1286 3952 talia
1314 3916 1373 3950 non
1403 3906 1523 3969 possent
1552 3897 1650 3952 iacere
1679 3898 1833 3951 utilitatem
1851 3901 1871 3929 ¹¹
1892 3916 1974 3950 suum
1999 3898 2035 3950 de
2064 3897 2179 3950 tullius.
2201 3897 2230 3949 Si
2255 3915 2326 3965 crgo
2343 3899 2363 3928 ¹¹¹
2382 3915 2483 3950 emens
2507 3897 2569 3949 vult

1089 3997 1188 4050 statim
1214 3998 1329 4051 solvere
1355 3999 1490 4069 pretium,
1523 3996 1655 4051 vendens
1687 3998 1774 4050 etiam
1793 3998 1812 4028 ¹¹
1844 3997 1879 4049 de
1913 3996 1991 4049 t'acto
2023 4014 2081 4048 utin
2113 4004 2210 4066 potest
2243 3996 2308 4067 plus
2340 3996 2467 4048 vendere
2499 3995 2568 4048 talia

1090 4112 1177 4167 quam
1192 4096 1309 4149 valeant
1325 4105 1458 4166 tempore
1478 4093 1664 4161 venditionis,
1685 4094 1753 4165 quia
1773 4112 1873 4147 emens
1893 4103 1970 4147 esset
1992 4093 2089 4147 t'atuus
2111 4093 2135 4145 si
2156 4093 2239 4146 daret
2258 4094 2324 4164 plus
2344 4111 2431 4163 quam
2452 4093 2569 4146 valeant

1090 4211 1156 4247 cum
1182 4204 1283 4264 posset
1303 4195 1411 4247 habere
1438 4211 1491 4265 pro
1518 4192 1638 4246 minore.
1659 4192 1691 4246 Si
1714 4201 1811 4245 autem
1832 4192 1902 4246 velit
1929 4193 2059 4245 vemleus
2077 4194 2096 4222 '¹
2121 4193 2248 4245 retulere
2268 4210 2322 4263 pro
2342 4190 2452 4244 maiore
2472 4190 2569 4262 pretio

1090 4309 1177 4363 quam
1203 4292 1272 4345 talia
1302 4291 1509 4345 consueverint
1524 4293 1545 4323 ¹¹¹
1576 4292 1674 4345 valere
1701 4300 1833 4361 tempore
1865 4290 2043 4344 venditionis
2074 4299 2195 4362 propter
2227 4292 2366 4343 maiorem
2398 4289 2568 4343 dilutionem

1089 4389 1244 4445 solutionis
1264 4408 1349 4463 quain
1376 4390 1570 4444 communiter
1589 4390 1796 4444 consueverint
1818 4390 1889 4455 dari,
1912 4398 1980 4442 tunc.
2003 4397 2081 4443 esset
2103 4407 2189 4442 usura
2209 4397 2239 4442 et
2258 4388 2399 4442 illicitum.
2419 4387 2449 4441 Si
2470 4396 2568 4441 autem

929 4492 1035 4546 codC
1089 4507 1106 4544 e
1132 4507 1276 4543 converso
1302 4507 1402 4542 emens
1428 4497 1548 4560 propter
1574 4490 1628 4542 hoc
1655 4492 1660 4557 Ι
1686 4488 1764 4559 quod
1792 4497 1910 4558 paratus
1936 4497 1979 4540 est
2011 4488 2127 4540 solvere
2153 4489 2251 4555 statim
2271 4487 2341 4540 emit
2372 4505 2425 4558 pro
2457 4485 2569 4539 minore

889 4563 959 4627 Μ·
973 4568 1006 4618 97
1021 4565 1062 4617 Kb
1089 4588 1185 4660 pretio
1200 4589 1222 4619 ²⁰
1241 4604 1327 4658 quain
1351 4588 1468 4640 valeant
1492 4588 1562 4641 talia
1584 4586 1776 4640 communiter
1796 4594 1928 4656 tempore
1949 4585 2136 4646 venditionis,
2158 4603 2259 4638 emens
2279 4592 2383 4655 peccat
2403 4593 2432 4638 et
2454 4593 2571 4637 tenetur

1090 4685 1244 4740 restituere
1268 4686 1338 4739 illud
1359 4686 1438 4756 quod
1461 4703 1507 4739 res
1527 4685 1594 4739 talis
1617 4685 1694 4737 valet
1717 4685 1792 4737 ultra
1813 4693 1977 4754 acceptum,
1996 4684 2072 4737 sicut
2095 4691 2177 4754 patet
2197 4684 2233 4736 de
2248 4684 2395 4736 locatione
2415 4682 2574 4735 domorum-

1090 4793 1120 4838 et
1139 4785 1335 4856 praediorum.
1363 4785 1397 4837 Et
1423 4791 1562 4854 quantum
1589 4783 1626 4836 ad
1652 4783 1708 4835 lioc
1734 4782 1811 4835 idem
1838 4793 1882 4836 est
1909 4781 2095 4835 iudicandum
2122 4781 2159 4835 de
2185 4781 2308 4835 decimis
2332 4790 2361 4834 et
2383 4781 2419 4834 de
2439 4781 2512 4834 aliis.
2534 4781 2569 4832 Et

1090 4883 1132 4937 sic
1152 4891 1233 4954 patet
1254 4884 1291 4937 ad
1311 4883 1515 4954 ‹piziestionem
1534 4870 1564 4936 et
1584 4881 1621 4935 ad
1641 4889 1813 4951 argumenta
1828 4882 1858 4931 ²¹.

1182 5429 1375 5482 ¹venditurus
1395 5431 1449 5496 est]
1471 5438 1515 5481 est
1536 5428 1706 5481 venditurus
1727 5429 1758 5479 (1
1774 5459 1804 5466 —
1826 5426 1988 5480 ‘usurariis
2002 5429 2034 5480 (ἶ.
2055 5458 2086 5465 -
2107 5425 2257 5479 ³detralrit
2279 5425 2311 5479 C.
2333 5457 2364 5464 -
2386 5424 2434 5478 ¹ei
2451 5457 2481 5463 -
2501 5442 2570 5478 con·

1090 5518 1205 5586 tinenti]
1221 5518 1248 5570 in
1265 5517 1425 5571 continenti
1441 5517 1466 5568 ei
1485 5517 1517 5569 (f.
1535 5549 1539 5554 -
1561 5515 1690 5568 ⁴¹etiam
1707 5517 1738 5567 (¹.
1756 5548 1784 5553 -
1801 5517 1812 5543 ¹¹
1826 5515 2023 5568 inducendum
2044 5516 2077 5568 C.
2098 5546 2130 5553 —
2148 5516 2228 5584 ¹quo
2243 5513 2272 5566 P.
2289 5544 2321 5551 —
2336 5515 2347 5543 ¹¹
2360 5512 2468 5565 debeat
2488 5511 2521 5566 C.
2536 5543 2569 5551 -

1090 5605 1271 5660 ¹creduntur
1291 5606 1323 5657 l'.
1345 5637 1376 5642 —
1401 5608 1420 5635 ¹⁰
1434 5622 1494 5657 rem
1516 5636 1546 5642 -
1568 5604 1646 5670 licet]
1663 5603 1803 5655 nonlicet
1824 5621 1884 5655 rem
1904 5603 1993 5655 talem
2008 5604 2041 5655 (f.
2062 5634 2093 5640 —
2117 5605 2135 5633 ¹¹
2150 5619 2204 5654 om.
2220 5601 2252 5654 C.
2269 5633 2300 5640 -
2317 5598 2418 5671 ¹¹quia
2434 5598 2569 5668 —solvil

1090 5708 1148 5746 om.
1169 5694 1201 5746 tf.
1224 5725 1255 5732 —
1279 5694 1298 5724 ¹¹
1317 5711 1371 5745 oua
1389 5693 1422 5745 tt.
1500 5694 1517 5722 ¹¹
1532 5691 1560 5743 in
1580 5692 1648 5743 odd.
1670 5691 1702 5742 (¹.
1774 5691 1986 5745 ¹¹voluntatem
2008 5691 2040 5743 C.
2062 5721 2094 5728 —
2117 5690 2137 5720 ¹¹
2151 5698 2248 5742 autem
2264 5688 2296 5743 C.
2317 5720 2350 5728 —
2373 5687 2461 5740 ¹¹sibi
2482 5687 2514 5740 ('.
2535 5718 2569 5726 —

1093 5783 1114 5814 ¹¹
1127 5780 1197 5835 velit
1216 5781 1359 5849 vendens}
1380 5780 1510 5833 vendens
1530 5779 1600 5831 velit
1620 5778 1653 5831 C.
1669 5812 1699 5816 --
1725 5781 1744 5807 ¹¹¹
1757 5787 1973 5832 consueverunt
1993 5779 2025 5832 (ζ
2047 5810 2078 5816 -
2099 5778 2122 5808 ’⁰
2135 5778 2205 5831 emit
2220 5809 2251 5815 -
2265 5775 2371 5848 pretio]
2391 5793 2444 5847 pro
2464 5775 2570 5828 minori

1090 5869 1185 5941 pretio
1206 5877 1283 5922 emat
1304 5869 1336 5921 tf.
1360 5901 1388 5907 --
1411 5869 1432 5899 ¹¹
1452 5875 1655 5937 argumentum
1677 5866 1706 5918 l‘.

1180 6076 1219 6137 (l)
1241 6072 1299 6125 (Jtr.
1320 6091 1347 6143 p.
1367 6076 1428 6137 220,
1449 6090 1474 6125 u.
1490 6075 1537 6135 (Ι).
1555 6105 1584 6110 --
1607 6075 1646 6136 (2)
1667 6071 1726 6125 Cn.
1742 6090 1768 6142 p.
1784 6074 1842 6125 Μ),
1857 6088 1883 6122 n.
1900 6075 1947 6131 (⁴2).
