6700 7992
1315 1435 1465 1489 Pullion
1495 1433 1794 1504 Quoorrssnrun,
1824 1434 1860 1504 Q.
1890 1435 1913 1486 v
2320 1439 2347 1488 u

876 1614 1000 1680 dicitur
1023 1613 1215 1679 consistere
1234 1612 1243 1648 ¹
1266 1613 1300 1676 in
1325 1612 1459 1678 visione
1484 1625 1603 1698 aperta
1627 1614 1775 1692 deitatis,
1801 1614 1852 1680 sic
1876 1629 1990 1680 tamen
2009 1636 2080 1680 non
2098 1615 2267 1700 accipitur
2283 1614 2350 1694 hie,

867 1714 938 1795 ¹sed
956 1730 1150 1794 secundum
1176 1730 1271 1813 quod
1295 1740 1348 1793 est
1371 1729 1584 1814 glorificator
1608 1729 1642 1793 in
1667 1730 1801 1795 ratione
1825 1752 1953 1796 causae
1978 1729 2169 1810 efficientis,
2187 1731 2221 1794 in
2243 1752 2352 1815 quan·

875 1858 946 1910 tum
971 1845 1104 1910 scilicet
1127 1855 1282 1909 nostram
1315 1844 1460 1931 gloriam
1493 1845 1662 1929 producit,
1689 1846 1783 1910 dona
1807 1858 1840 1910 et
1864 1846 2035 1911 beneficia
2067 1846 2160 1912 circa
2191 1867 2257 1911 nos
2282 1845 2352 1910 efii-

875 1960 1001 2026 ciendo
1034 1982 1096 2045 per
1112 1981 1202 2044 quae
1230 1959 1375 2047 gloriam
1405 1981 1592 2044 possumus
1621 1960 1776 2045 adipisci.
1806 1961 2026 2026 Manifestum
2044 1972 2097 2026 est
2124 1973 2240 2027 autem
2257 1962 2350 2045 quod

875 2076 925 2142 sic
953 2075 1177 2141 considerare
1210 2075 1253 2140 de
1284 2075 1362 2140 Deo
1395 2077 1515 2159 [quod]
1549 2096 1619 2140 non
1653 2088 1706 2140 est
1734 2076 1956 2142 considerare
1981 2079 2025 2142 de
2054 2076 2132 2162 ipso
2157 2079 2351 2143 secundum

875 2193 970 2278 quod
999 2201 1052 2257 est
1082 2192 1223 2275 aliquod
1248 2212 1310 2255 ens
1342 2190 1629 2275 perfectissimum
1654 2193 1848 2256 secundum
1878 2214 1926 2270 se,
1955 2193 2018 2257 sed
2047 2204 2100 2258 est
2127 2192 2352 2258 considerare

875 2306 1109 2394 principaliter
1124 2308 1169 2372 de
1185 2306 1448 2383 restauratione,
1473 2306 1692 2391 reparatione
1713 2308 1765 2372 vel
1788 2306 2011 2392 suppletione
2028 2309 2227 2374 defectuum
2252 2307 2351 2374 ratio-

875 2423 962 2488 nalis
987 2432 1166 2489 creaturae
1195 2435 1228 2488 et
1256 2423 1300 2488 de
1328 2422 1403 2487 eius
1430 2422 1693 2509 glorificatione,
1723 2445 1812 2507 quae
1841 2445 1911 2488 non
1939 2435 2020 2488 sunt
2048 2423 2122 2509 ipse
2150 2425 2258 2503 DeuS,
2287 2425 2351 2491 sed

876 2539 1018 2624 quidam
1036 2537 1111 2604 eius
1128 2538 1275 2603 effectus
1293 2538 1385 2603 circa
1402 2548 1604 2602 creaturam.
1622 2538 1698 2603 Nec
1714 2549 1807 2603 esset
1824 2537 1939 2622 aliqua
1955 2538 2102 2604 scientia
2119 2540 2213 2624 apud
2230 2539 2352 2607 fideles

875 2655 910 2719 in
934 2676 1003 2739 qua
1020 2655 1117 2720 Deus
1135 2665 1228 2719 esset
1244 2652 1449 2732 subiectum,
1468 2664 1502 2719 et
1518 2674 1608 2736 quae
1626 2653 1864 2718 consideraret
1879 2653 1891 2688 ²
1907 2655 1951 2720 de
1968 2655 2056 2733 De0,
2074 2666 2109 2720 et
2128 2656 2172 2720 de
2189 2654 2243 2720 his
2260 2676 2352 2740 quae

875 2769 1090 2836 conveniunt
1117 2768 1183 2834 sibi
1210 2770 1404 2834 secundum
1434 2768 1498 2832 id³
1529 2769 1623 2853 quod
1654 2782 1707 2834 est
1739 2790 1802 2834 ens
1835 2769 2125 2854 perfectissimum
2157 2771 2351 2836 secundum
2463 2850 2468 2861 Ι

874 2885 1038 2971 seipsum.
1068 2884 1111 2949 Et
1138 2885 1219 2970 quia
1248 2883 1448 2949 huiusmodi
1480 2884 1686 2950 restauratio
1718 2894 1752 2949 et
1783 2884 2001 2972 glorificatio,
2029 2885 2110 2951 licet
2138 2886 2197 2950 fiat
2225 2907 2245 2951 a
2273 2888 2352 2953 Deo

874 3000 1110 3087 principaliter
1126 3011 1263 3088 agente,
1281 2999 1319 3064 fit
1336 3011 1452 3065 tamen
1471 2999 1661 3083 aliqualiter
1678 3011 1836 3064 creatura
1849 3012 2033 3088 coagente‚
2048 3040 2089 3047 -
2103 3012 2353 3086 cooperatores

875 3117 967 3182 enim
997 3115 1064 3182 Dei
1088 3116 1235 3180 sumus⁴
1262 3154 1313 3190 -,
1339 3114 1404 3179 ista
1432 3114 1579 3180 scientia
1607 3126 1701 3180 esset
1728 3115 1908 3181 similiter⁶
1936 3116 2047 3204 magis
2077 3117 2231 3201 practica
2249 3139 2353 3202 quam

875 3232 1100 3319 speculativa.

964 3349 1058 3426 Item,
1091 3332 1177 3412 cum
1199 3358 1236 3410 ut
1264 3345 1392 3411 dictum
1421 3357 1474 3411 est
1512 3346 1608 3410 Deus
1645 3367 1718 3410 non
1755 3347 1868 3411 solum
1902 3346 1973 3410 sit⁸
2004 3346 2284 3432 cognoscibilis⁷
2317 3358 2354 3413 ut

793 3474 796 3480 '
875 3463 1088 3552 glorificator
1112 3461 1282 3540 effective,
1299 3461 1363 3526 sed
1380 3461 1481 3526 etiam
1500 3470 1538 3526 ut
1554 3460 1768 3548 glorificator
1791 3461 1980 3527 formaliter
2005 3474 2039 3528 et
2062 3463 2235 3529 obiective
2258 3463 2353 3548 quod

875 3579 965 3645 idem
984 3578 1147 3663 estquod
1169 3598 1248 3643 esse
1268 3575 1538 3664 glorificatorem
1562 3575 1711 3642 finaliter
1735 3576 1799 3659 (sic
1823 3589 1936 3643 autem
1963 3577 2189 3666 cognoscitur
2205 3600 2226 3643 a
2241 3578 2354 3644 beatis

875 3717 937 3780 per
968 3705 1122 3780 apertam
1154 3692 1322 3757 visionem
1355 3691 1494 3757 divinae
1526 3691 1726 3775 essentiae),
1744 3703 1883 3759 constat
1914 3694 2010 3778 quod
2042 3693 2093 3759 sic
2125 3694 2355 3781 cognoscitur

876 3811 973 3875 Deus
999 3809 1193 3874 secundum
1218 3829 1256 3874 se
1281 3819 1315 3873 et
1338 3806 1596 3873 absolutissime
1620 3808 1813 3873 secundum
1837 3808 1871 3873 id
1893 3809 1988 3892 quod
2013 3818 2066 3875 est
2090 3809 2124 3873 in
2148 3821 2271 3874 natura
2291 3830 2355 3875 sua

876 3924 1139 4011 perfectissime,
1174 3936 1277 4009 prout
1312 3922 1436 3988 dicitur
1468 3922 1599 4008 primae
1628 3922 1793 3988 Iohannis
1818 3928 1864 4007 (1)
1896 3923 2022 3990 tertio:
2051 3925 2247 3990 ardebimus
2277 3948 2355 3991 eum

874 4043 980 4106 sicuti
1003 4045 1062 4105 est.
1091 4040 1134 4104 Et
1162 4040 1305 4103 multum
1335 4038 1448 4104 differt
1475 4038 1531 4103 illa
1559 4038 1716 4126 cognitio
1745 4040 1788 4103 ab
1818 4039 1874 4104 illa
1902 4062 1970 4124 qua
2000 4040 2227 4128 cognoscitur
2257 4042 2356 4107 Deus

810 4182 812 4186 ³
876 4169 913 4221 ut
939 4156 1152 4242 glorificator
1180 4155 1290 4240 primo
1319 4155 1436 4233 modu,
1465 4154 1554 4219 sicut
1581 4153 1696 4219 differt
1724 4155 1879 4242 cognitio
1910 4168 2088 4221 creaturae
2117 4168 2150 4221 et
2177 4156 2356 4236 creatoris,

876 4283 910 4337 et
938 4270 1094 4357 cognitio
1122 4292 1194 4335 non
1222 4271 1335 4334 solum
1362 4271 1557 4335 secundum
1586 4270 1682 4353 quod
1715 4291 1822 4335 causa
1853 4272 1916 4336 sed
1948 4270 2171 4336 secundum8
2197 4272 2231 4336 id
2259 4274 2355 4357 quod

876 4399 928 4453 est
952 4388 987 4451 in
1011 4386 1129 4472 seipso
1154 4399 1187 4451 et
1215 4385 1370 4473 cognitio
1400 4386 1555 4451 effectus.
1580 4384 1727 4451 Videtur
1754 4407 1839 4472 ergo
1866 4385 1932 4451 ista
1959 4388 1963 4470 Ι
1991 4387 2120 4471 positio
2147 4387 2355 4455 irrationalis

876 4503 910 4567 in
939 4514 1105 4588 quantum
1136 4502 1235 4587 ponit
1266 4502 1361 4586 quod
1393 4503 1491 4566 Deus
1518 4512 1635 4586 potest
1667 4499 1840 4588 cognosci
1872 4513 1909 4567 ut
1940 4502 2154 4590 glorificator
2184 4504 2354 4586 effective,

876 4628 910 4685 et
935 4619 1071 4684 videtur
1097 4639 1229 4705 negare
1264 4617 1358 4701 quod
1391 4639 1461 4682 non
1494 4616 1539 4704 sit
1569 4616 1819 4703 cognoscibilis
1849 4628 1887 4683 ut
1917 4617 2131 4705 glorificator
2161 4619 2354 4702 obiective3

876 4756 955 4800 cum
972 4745 1088 4799 tamen
1106 4755 1212 4798 unum
1229 4733 1387 4798 videatur
1403 4732 1502 4817 sequi
1519 4733 1563 4796 ad
1580 4731 1685 4812 aliud,
1703 4733 1783 4816 quia
1800 4754 1873 4798 non
1890 4746 1943 4798 est
1959 4735 2172 4821 glorificator
2196 4736 2355 4802 effective

876 4849 942 4915 nisi
974 4849 1055 4934 quia
1086 4870 1152 4914 nos
1184 4847 1344 4934 perducit
1375 4848 1420 4912 ad
1451 4847 1597 4935 gloriam
1630 4847 1664 4912 in
1697 4869 1765 4932 qua
1797 4848 1911 4934 ipsum
1942 4849 2138 4916 videbimus
2170 4851 2354 4933 obiective,

876 4965 911 5030 in
935 4986 974 5031 se
998 4976 1114 5030 autem
1138 4986 1220 5030 non.

965 5082 1060 5160 Item,
1079 5091 1217 5145 constat
1233 5080 1328 5164 quod
1346 5079 1427 5145 licet
1451 5081 1548 5162 Deus
1572 5100 1643 5144 non
1669 5091 1819 5164 ponatur
1835 5081 2030 5147 subiectum
2049 5081 2083 5146 in
2096 5082 2354 5168 metaphysica,

875 5209 992 5262 tamen
1020 5195 1280 5281 metaphysicus
1313 5195 1513 5260 considerat
1544 5196 1588 5260 de
1620 5196 1699 5261 Deo
1731 5217 1803 5261 non
1835 5197 1901 5260 sub
1933 5197 2067 5262 ratione
2099 5197 2214 5282 aliqua
2244 5198 2354 5264 deter-

876 5312 1015 5391 minata,
1041 5312 1104 5376 sed
1133 5310 1335 5396 simpliciter
1363 5321 1397 5375 et
1425 5310 1596 5375 absolute.
1615 5310 1785 5393 Quamvis
1814 5311 1904 5376 enim
1933 5311 2080 5378 scientia
2106 5314 2259 5378 humana
2282 5335 2354 5379 non

876 5426 989 5513 possit
1004 5448 1222 5514 cognoscere
1239 5427 1283 5492 de
1300 5427 1378 5491 Deo
1397 5447 1487 5510 quae
1505 5424 1537 5490 ei
1561 5426 1774 5491 conveniant
1798 5426 1924 5493 nisiex
1948 5427 2125 5508 creaturiS,
2141 5439 2257 5495 tamen
2281 5451 2354 5496 non

968 5714 974 5742 ¹
989 5711 1126 5764 resistere
1146 5711 1176 5763 Ρ.
1197 5741 1230 5748 -
1251 5708 1462 5763 ²considerare
1477 5708 1510 5761 V.
1526 5740 1559 5748 —
1579 5707 1675 5762 ⁸illud
1694 5709 1723 5761 P.
1745 5741 1777 5748 -
1798 5712 1807 5740 ⁴
1826 5718 1856 5763 et
1869 5711 1938 5764 add.
1953 5711 1983 5763 P.
2004 5743 2032 5750 —
2059 5711 2253 5785 lsimpliciter
2271 5712 2303 5770 P.
2321 5745 2354 5759 -

876 5798 994 5852 ⁶solum
1007 5796 1055 5867 sit]
1070 5797 1107 5851 sit
1120 5798 1214 5851 solum
1230 5797 1260 5850 P.
1275 5829 1307 5836 -
1324 5797 1456 5849 'arcuna
1469 5796 1500 5850 P.
1514 5827 1547 5834 —
1561 5797 1572 5828 ⁸
1585 5795 1665 5867 quod
1678 5796 1748 5849 add.
1761 5796 1792 5854 P.

965 6031 1005 6097 (ι)
1022 6027 1073 6093 111,
1086 6032 1111 6085 a

2413 4372 2479 4426 cod.
2491 4373 2513 4425 P

2376 4442 2426 4498 fol.
2439 4446 2489 4498 137
2503 4444 2544 4497 R²
