6700 7992
1306 1411 1503 1485 QUARTUII
1532 1412 1832 1484 QUODLIBETUII,
1860 1413 1896 1484 Q.
1925 1412 2023 1468 XVIII
2351 1414 2405 1468 289

928 1592 1184 1659 matrimonium
1223 1605 1260 1659 ut
1297 1604 1350 1659 est
1382 1593 1498 1673 virtuS,
1539 1592 1618 1659 licet
1652 1594 1783 1681 gradus
1819 1593 1852 1658 in
1891 1593 2015 1659 virtute
2052 1592 2184 1659 scilicet
2224 1591 2405 1681 virginitas

929 1710 1141 1794 excludatur.
1184 1709 1283 1776 Sicut
1327 1709 1417 1775 enim
1462 1709 1637 1775 abstinere
1687 1731 1708 1774 a
1747 1709 1932 1796 superfluis
1968 1709 2055 1775 cibis
2091 1720 2124 1776 et
2160 1711 2201 1775 ab
2239 1710 2405 1775 inconve-

927 1825 1056 1893 nienti¹
1079 1826 1184 1892 modo
1209 1825 1370 1893 sumendi
1394 1838 1428 1891 et
1451 1838 1576 1906 cetera,
1603 1835 1655 1891 est
1679 1824 1792 1890 virtuti
1817 1825 2048 1892 abstinentiae
2070 1825 2265 1905 essentiale,
2282 1826 2344 1891 sed
2363 1847 2405 1891 ex

928 1954 1012 2009 voto
1036 1942 1211 2008 abstinere
1236 1965 1255 2007 a
1280 1942 1442 2007 carnibus
1467 1954 1519 2007 est
1543 1940 1769 2021 accidentale,
1795 1941 1841 2007 ita
1872 1942 1906 2007 in
1943 1942 2123 2028 proposito
2159 1953 2255 2008 caste
2290 1941 2405 2008 vivere

929 2070 983 2125 est
1017 2058 1203 2125 essentiale
1238 2058 1484 2137 continentiae,
1521 2059 1584 2123 sed
1619 2058 1734 2123 uivere
1774 2057 1808 2122 in
1854 2058 2049 2146 uirginitate
2085 2069 2137 2123 est
2179 2058 2404 2124 accidentale.

1018 2177 1094 2241 Nec
1129 2175 1232 2240 etiam
1267 2173 1452 2259 impeditur
1487 2187 1628 2260 propter
1662 2174 1732 2239 voti
1768 2173 2029 2260 obligationem,
2054 2173 2134 2259 quia
2164 2173 2199 2239 in
2234 2173 2299 2239 Dei
2323 2186 2406 2239 voto

931 2288 1132 2378 intelligitur
1147 2288 1335 2355 auctoritas
1352 2288 1541 2374 superioris
1558 2298 1704 2373 excepta
1722 2289 1838 2371 (Extra
1856 2289 1900 2353 de
1917 2288 2150 2369 iureiurando,
2162 2287 2357 2371 Veniensl(
2380 2292 2403 2371 l,

930 2404 1031 2471 cuius
1066 2416 1119 2471 est
1154 2404 1352 2471 discemere
1388 2404 1422 2469 in
1465 2427 1535 2489 quo
1577 2426 1662 2469 casu
1699 2426 1769 2469 non
1806 2404 1945 2489 expedit
1987 2415 2105 2469 votum
2148 2426 2295 2470 servare.
2332 2405 2407 2469 Nec

930 2520 1131 2609 intelligitur
1164 2521 1242 2606 quis
1277 2521 1328 2586 sic
1362 2533 1444 2585 voto
1480 2542 1518 2585 se
1554 2520 1710 2609 obligare
1745 2522 1840 2605 quod
1867 2520 1968 2585 etiam
2006 2520 2040 2585 in
2076 2520 2207 2585 nullum
2233 2532 2406 2600 eventum,

930 2636 1033 2703 etiam
1057 2636 1085 2702 si
1110 2648 1203 2702 totus
1227 2638 1379 2702 mundus
1415 2637 1558 2703 deberet
1592 2636 1714 2722 perire,
1740 2638 1839 2701 vellet
1864 2637 2044 2702 immutare
2080 2639 2161 2719 (hoc
2196 2636 2288 2702 enim
2314 2647 2407 2702 esset

930 2754 1088 2837 fatuum),
1112 2754 1175 2818 sed
1199 2753 1250 2818 sic
1286 2754 1380 2838 quod
1405 2764 1570 2837 quantum
1597 2763 1649 2819 est
1674 2753 1718 2818 de
1754 2774 1802 2833 se,
1838 2775 1904 2818 nec
1929 2764 2071 2838 propter
2106 2752 2247 2837 aliquod
2275 2754 2405 2818 bonum

931 2869 1108 2956 proprium
1128 2870 1180 2934 vel
1205 2868 1405 2934 huiusmodi
1430 2871 1502 2934 vult
1521 2868 1712 2934 immutare.

1019 2987 1094 3052 Nec
1130 2985 1231 3051 etiam
1268 2996 1409 3070 propter
1444 2985 1746 3067 consecrationem
1787 2997 1821 3050 et
1855 2985 2167 3051 sanctificationem
2210 2985 2405 3071 impeditur.

931 3101 967 3169 Si
994 3101 1085 3167 enim
1117 3100 1369 3166 sanctificatum
1402 3102 1480 3165 Deo
1501 3112 1534 3166 et
1558 3102 1603 3165 ad
1628 3103 1796 3166 homnem
1824 3101 1887 3165 Dei
1920 3113 1953 3166 et
1985 3101 2164 3167 utilitatem
2192 3100 2338 3188 proximi
2362 3101 2407 3167 ad

931 3217 1066 3302 aliquos
1086 3241 1170 3283 usus
1199 3239 1269 3282 non
1295 3216 1497 3297 contrarios,
1522 3217 1653 3282 scilicet
1683 3216 1895 3282 inhonestos·
1913 3229 1946 3282 et
1971 3217 2115 3282 vitiosos
2150 3218 2213 3283 sed
2237 3219 2407 3283 honestos

932 3345 966 3401 et
1001 3333 1176 3399 virtuosos
1212 3356 1279 3398 con
1313 3336 1317 3416 Ι
1349 3344 1509 3409 vertatur,
1546 3355 1617 3396 non
1656 3344 1708 3398 est
1748 3332 2010 3398 inconveniens.
2046 3333 2140 3398 Talis
2165 3334 2256 3399 enim
2281 3332 2407 3401 sancti·
2429 3317 2600 3444 {⁰{0369VR2

929 3450 1045 3515 ficatio
1081 3461 1133 3515 est
1168 3449 1340 3534 (praedam
1365 3448 1512 3514 exterior
1542 3448 1782 3514 solemnizatio
1813 3449 1896 3514 nihil
1933 3448 2132 3534 imprimens
2168 3450 2220 3514 vel
2253 3448 2407 3515 efficiens

930 3566 967 3631 in
991 3565 1141 3630 animam
1177 3586 1239 3649 per
1273 3584 1332 3641 se;
1369 3576 1421 3629 est
1452 3563 1553 3629 etiam
1591 3563 1745 3628 instituta
1773 3566 1817 3628 ab
1852 3564 2010 3629 Ecclesia
2034 3586 2124 3649 quae
2156 3587 2227 3629 non
2261 3565 2408 3630 intendit

930 3682 1020 3747 illam
1052 3680 1126 3747 fieri
1159 3692 1279 3745 contra
1312 3682 1441 3744 bonum
1474 3701 1670 3745 commune.
1707 3681 1804 3746 Sicut
1840 3681 1932 3746 enim
1956 3679 2181 3761 continentia,
2202 3703 2244 3747 ex
2277 3691 2406 3746 statuto

930 3797 1109 3863 Ecclesiae
1153 3796 1339 3880 religiones
1378 3807 1459 3861 sunt
1494 3797 1769 3882 confirmatae²3
1808 3809 1841 3861 et
1879 3795 2071 3861 institutum
2111 3810 2163 3862 est
2203 3797 2407 3862 auctoritate

929 3913 1111 3979 Ecclesiae
1150 3913 1245 3997 quod
1282 3912 1332 3977 sic
1372 3912 1574 3997 prolitentes
1609 3911 1861 3977 benedicantur
1893 3912 2139 3978 benedictione
2173 3913 2258 3978 nihil
2295 3912 2408 3998 impri-

931 4040 1057 4094 mente.
1094 4028 1132 4094 Si
1168 4039 1282 4093 autem
1315 4029 1372 4092 liat
1411 4027 1540 4112 aliquid
1569 4027 1660 4093 circa
1698 4027 1880 4114 religiosos
1918 4051 1989 4093 non
2032 4028 2236 4094 auctoritate
2283 4051 2406 4115 papae,

930 4167 993 4232 per
1017 4167 1144 4231 papam
1170 4156 1285 4229 potest
1307 4143 1491 4223 inunutari3
1512 4143 1540 4207 si
1566 4144 1770 4209 auctoritate
1795 4166 1919 4229 papae,
1937 4145 2066 4208 nullam
2091 4145 2149 4209 dat
2174 4167 2278 4231 super
2303 4167 2406 4230 quam

931 4282 1003 4326 non
1027 4261 1173 4326 retineat
1205 4271 1425 4345 potestatem.
1459 4260 1562 4325 Unde
1587 4259 1677 4325 circa
1703 4283 1745 4324 ea
1780 4282 1870 4344 quae
1906 4260 2134 4326 essentialiter
2166 4260 2339 4346 pertinent
2363 4263 2408 4326 ad
2497 4342 2499 4347 ,

930 4376 1133 4465 religionem
1169 4375 1250 4440 fidei
1289 4375 1498 4440 christianae
1536 4398 1608 4440 non
1651 4375 1744 4440 cadit
1778 4375 2015 4462 dispensatio-3
2056 4376 2148 4441 circa
2183 4376 2249 4440 alia
2291 4387 2407 4442 autem

931 4502 1250 4577 quantumcumque
1275 4491 1344 4556 sint
1368 4491 1596 4575 circumlque]
1622 4491 1780 4578 religioni
1805 4491 2014 4571 essentialia,
2039 4491 2141 4557 cadit.
2166 4493 2242 4558 Nec
2258 4492 2408 4558 sanctifi-

931 4608 1022 4675 catio
1042 4631 1133 4693 qliae
1158 4606 1317 4672 consistit
1342 4607 1374 4671 in
1401 4607 1456 4671 tali
1483 4607 1768 4672 solemnizatione
1789 4607 1968 4685 exteriore,
1989 4607 2120 4674 scilicet
2144 4608 2177 4672 in
2203 4609 2408 4693 aspersione

930 4746 1043 4809 aquae
1079 4724 1285 4788 benedictae
1310 4745 1415 4807 super
1444 4723 1650 4787 vestimenta
1675 4735 1708 4788 et
1732 4746 1837 4809 super·
1866 4745 2053 4808 personam
2078 4736 2111 4789 et
2136 4723 2170 4788 in
2198 4724 2406 4808 quibusdam

930 4839 1147 4905 orationibus
1172 4851 1205 4903 et
1230 4839 1438 4917 huiusmodi,
1464 4861 1525 4924 per
1550 4861 1653 4922 quam
1679 4840 1812 4923 absque
1838 4840 1906 4903 hoc
1931 4841 2026 4922 (prod
2047 4839 2176 4924 aliquid
2197 4840 2321 4906 efficiat
2346 4863 2408 4927 per

931 4979 970 5021 se
1005 4955 1190 5021 indelebile
1226 4955 1259 5019 in
1299 4955 1423 5027 arrirna,
1454 4955 1489 5019 lit
1520 4956 1630 5020 solum
1668 4956 1839 5039 (praedam
1875 4955 2055 5040 deputatio
2091 4970 2124 5020 et
2155 4957 2332 5044 adaptatio
2357 4956 2408 5022 sic

931 5071 1125 5157 profitentis
1149 5072 1193 5135 ad
1219 5070 1373 5135 divinum
1398 5073 1526 5136 cultum
1564 5071 1752 5156 perfectius
1781 5072 2014 5135 exercendum
2051 5094 2113 5156 per
2137 5069 2407 5138 abstractionem

930 5188 975 5253 ab
1006 5186 1243 5263 exterioribus,
1276 5198 1391 5270 potest
1419 5187 1657 5271 praeiudicare
1688 5186 1960 5251 sanctificationi
1975 5188 1986 5221 ³
2016 5187 2197 5273 principali
2229 5187 2408 5276 religionis

931 5302 1139 5370 christianae
1167 5324 1229 5388 per
1254 5324 1355 5385 utram
1380 5302 1417 5366 fit
1437 5302 1566 5387 aliquid
1591 5301 1727 5367 realiter
1752 5302 1785 5367 in
1810 5302 1925 5367 anima
1949 5314 1983 5367 et
2007 5325 2069 5388 per
2093 5325 2195 5387 quam
2221 5305 2408 5390 deputatur

931 5417 1009 5505 quis
1026 5418 1070 5483 ad
1091 5418 1220 5483 cultum
1238 5417 1393 5482 divinum
1410 5419 1652 5497 exercendum,
1674 5419 1866 5483 secundum
1885 5420 1980 5502 quod
1999 5418 2198 5504 exprimitur
2222 5419 2256 5484 in
2282 5417 2407 5485 divinis

931 5533 1138 5622 praeceptis.
1169 5534 1270 5617 Quae
1299 5533 1431 5598 seilicet
1459 5555 1530 5599 non
1560 5546 1710 5620 possunt
1735 5533 1911 5598 observari
1936 5533 2001 5599 nisi
2030 5534 2219 5620 aliquando
2249 5547 2407 5622 oporteat

1023 5771 1080 5824 ¹ab
1099 5771 1330 5840 inconvenienti]
1351 5771 1509 5840 aliquando
1539 5771 1724 5824 conuenienti
1745 5771 1778 5824 V.
1803 5803 1835 5810 -
1864 5774 2087 5827 ³conservatae
2106 5773 2140 5825 V.
2161 5804 2193 5811 -
2220 5772 2408 5828 'sanctitica-

931 5859 1042 5914 tionem
1060 5860 1094 5913 V.

1022 6034 1061 6101 (1)
1082 6048 1106 6086 c.
1128 6034 1169 6086 19.
1189 6032 1224 6084 X.
1245 6030 1281 6085 (le
1301 6030 1416 6088 iureiur.
1437 6031 1472 6085 ll.
1492 6033 1534 6085 24.
