6700 7992
1311 1414 1346 1476 lB
1677 1417 1866 1478 MAGISTRI
1896 1422 2116 1477 GODEFRIDI
2145 1423 2197 1476 DE
2225 1413 2423 1478 FONTIBUS

1308 1601 1436 1667 enim¹
1466 1603 1592 1669 dantur
1625 1614 1814 1689 praecepta
1846 1602 1880 1667 in
1912 1602 2048 1688 legibus
2085 1614 2121 1666 ut
2157 1614 2255 1668 actus
2291 1602 2434 1667 humani
2470 1601 2671 1690 dirigantur,
2703 1598 2785 1688 quia

1309 1731 1473 1803 respectu
1498 1729 1637 1784 actuum
1663 1720 1835 1784 bonorum
1860 1718 1918 1803 qui
1943 1729 2024 1783 sunt
2048 1717 2190 1783 virtuosi
2215 1718 2340 1783 dantur
2365 1730 2552 1803 praecepta
2572 1719 2784 1795 affirmativa,

1308 1843 1346 1899 et
1367 1845 1537 1917 quantum
1562 1835 1605 1900 ad
1629 1836 1699 1900 hoc
1723 1834 1848 1900 dicitur
1870 1835 1925 1900 lex
1953 1833 2132 1919 imperare,
2161 1844 2324 1920 respectu
2349 1855 2432 1899 vero
2461 1834 2628 1899 malorum
2661 1836 2787 1902 dantur

1313 1962 1499 2034 praecepta
1528 1949 1700 2037 negativa,
1729 1961 1763 2016 et
1790 1961 1957 2034 quantum
1989 1950 2033 2013 ad
2065 1951 2134 2014 hoc
2165 1949 2289 2015 dicitur
2320 1950 2375 2015 lex
2401 1949 2612 2034 prohibere;
2647 1964 2681 2016 et
2705 1951 2787 2036 quia

1311 2064 1528 2151 legislatores
1553 2065 1654 2130 etiarn
1680 2066 1812 2130 habent
1827 2065 1895 2129 vim
1913 2077 1947 2130 et
1963 2076 2171 2150 potestatem
2197 2064 2348 2130 faciendi
2366 2066 2477 2153 legem
2497 2067 2674 2131 observari
2693 2080 2786 2133 metu

1311 2201 1448 2267 poenae
1476 2191 1510 2246 et
1537 2183 1674 2246 adhoc
1700 2192 1847 2265 possunt
1871 2201 2006 2265 poenas
2037 2180 2202 2245 adhibere
2227 2192 2261 2246 et
2284 2180 2359 2245 illas
2387 2181 2465 2268 lege
2494 2186 2680 2263 statuere);
2707 2182 2786 2248 ideo

1311 2311 1345 2362 et
1370 2295 1630 2384 legislatorum²
1664 2308 1698 2362 et
1728 2296 1815 2384 legis
1847 2296 1957 2381 ipsius
1989 2297 2134 2361 effectus
2167 2307 2220 2362 est
2250 2295 2416 2361 inducere
2448 2296 2609 2362 homines
2641 2299 2685 2362 ad
2717 2300 2786 2364 hoc

1311 2402 1348 2477 ut
1378 2413 1446 2477 sint
1482 2411 1565 2476 boni
1598 2423 1632 2476 et
1658 2412 1811 2491 virtuosi,
1840 2434 1911 2475 non
1945 2432 2007 2496 per
2039 2410 2316 2477 informationem
2350 2412 2439 2477 sicut
2468 2414 2574 2477 virtus
2607 2412 2693 2498 ipsa,
2722 2415 2785 2479 sed

1312 2550 1372 2612 per
1403 2527 1640 2593 inductionem
1673 2538 1708 2592 et
1736 2527 1974 2605 directionem,
2003 2526 2037 2591 in
2066 2539 2234 2611 quantum
2262 2528 2273 2560 ³
2304 2549 2366 2612 per
2398 2527 2507 2612 ipsam
2541 2529 2653 2615 legent
2686 2541 2784 2596 actus
2893 2588 2896 2594 .

1310 2643 1451 2707 humani
1480 2643 1675 2730 diriguntur
1691 2665 1753 2728 per
1781 2665 1870 2726 quos
1899 2641 2086 2726 acquiritur
2111 2642 2217 2707 virtus
2247 2643 2395 2727 politica,
2422 2657 2455 2709 et
2479 2667 2541 2728 per
2564 2667 2653 2727 quos
2678 2647 2784 2710 homo

1311 2759 1412 2823 etiam
1438 2761 1482 2823 ad
1507 2758 1666 2824 virtutem
1693 2758 1842 2823 infusam
1869 2757 2065 2842 disponitur
2089 2770 2123 2823 et
2147 2772 2380 2842 promovetur.

1398 2875 1464 2938 Per
1492 2877 1559 2939 hoc
1587 2885 1682 2959 patet
1709 2873 1895 2958 responsio
1924 2875 1967 2938 ad
1997 2885 2237 2962 argumentum
2264 2873 2298 2937 in
2327 2875 2562 2951 contrarium3
2595 2897 2674 2939 nam
2706 2897 2784 2941 cum

1309 2990 1363 3056 lex
1387 2990 1431 3054 ad
1455 2990 1524 3055 hoc
1549 2991 1648 3055 detur
1672 3000 1710 3053 ut
1733 2987 1858 3075 dirigat
1882 3000 1980 3054 actus
2004 2990 2188 3069 humanOS,
2213 3001 2247 3053 et
2278 2991 2347 3054 hoc
2378 2988 2517 3073 quidem
2550 3003 2602 3055 est
2633 2990 2784 3056 hominis

1309 3107 1439 3172 bonum
1472 3106 1567 3189 quod
1598 3104 1633 3169 in
1665 3103 1739 3168 suis
1771 3103 1906 3169 actibus
1939 3102 2105 3191 dirigatur
2122 3103 2144 3184 ⁴,
2176 3103 2258 3170 item
2294 3104 2375 3189 quia
2412 3116 2510 3170 aetus
2546 3106 2687 3171 humani
2724 3129 2786 3192 per

1308 3221 1421 3309 legem
1454 3221 1575 3288 directi
1607 3232 1797 3305 operantur
1829 3221 1872 3283 ad
1897 3219 2056 3285 virtutem
2083 3220 2283 3284 habendam
2308 3242 2497 3305 perquam
2522 3221 2785 3288 fomtaliterest

1308 3337 1415 3401 homo
1436 3339 1560 3416 boum,
1582 3334 1804 3401 manifestum
1826 3346 1879 3400 est
1900 3335 1993 3419 quod
2014 3336 2068 3401 lex
2090 3334 2250 3401 homines
2271 3335 2354 3401 facit
2375 3337 2497 3401 bonos.

1880 3697 2122 3780 Quaestio
2149 3697 2216 3762 vu.

1349 3913 1493 3988 Utrum
1522 3911 1744 3986 intellectus
1768 3911 1972 4009 possibilis
2000 3912 2055 3985 ad
2085 3911 2217 4009 ipsum
2247 3917 2382 3985 uelum
2412 3911 2666 4013 intelligendi
2693 3913 2746 3987 sil

1426 4045 1560 4146 aliquo
1590 4047 1704 4118 modo
1733 4045 1900 4134 aetiana,
1929 4044 2011 4118 sive
2042 4049 2177 4117 ulrum
2207 4045 2262 4118 cul
2289 4045 2421 4142 ipsum
2453 4072 2494 4118 se
2521 4045 2664 4119 lrabeat

1306 4179 1440 4280 cil-ripn)
1471 4179 1584 4253 modo
1614 4179 1656 4252 in
1690 4178 1845 4252 fratione
1874 4203 2022 4251 clausae
2054 4177 2263 4278 efficientis
2296 4183 2332 4251 el
2368 4178 2528 4278 agentis
2560 4179 2620 4253 uel
2652 4178 2780 4253 sillum

1655 4312 1694 4384 in
1728 4311 1881 4385 rrrlr'onc
1911 4311 2139 4409 recipientis
2165 4318 2201 4384 et
2225 4311 2428 4408 polientis.

1114 4598 1282 4727 foffilfflvffl
1414 4615 1418 4696 1
1452 4612 1719 4695 Consequenter
1743 4609 1835 4675 circa
1860 4609 2066 4694 pertinentia
2090 4612 2133 4674 ad
2163 4624 2262 4676 actus
2291 4611 2487 4677 intellectus
2516 4613 2575 4697 qui
2602 4635 2674 4678 non
2701 4623 2782 4679 sunt

1306 4726 1388 4792 boni
1405 4728 1461 4793 vel
1485 4727 1565 4791 mali
1590 4728 1763 4791 moraliter
1787 4728 2043 4810 quaerebantur
2067 4725 2138 4790 tria.
2165 4727 2289 4806 Primo,
2317 4738 2430 4791 utrum
2455 4727 2649 4808 intellectus
2671 4727 2781 4814 possi·

1304 4843 1381 4908 bilis
1413 4844 1458 4907 ad
1490 4842 1603 4928 ipsum
1633 4854 1749 4907 actum
1781 4841 1996 4929 intelligendi
2027 4842 2100 4927 ¹sive
2133 4843 2177 4907 ad
2210 4842 2324 4927 ipsum
2357 4842 2550 4930 intelligere
2581 4844 2625 4908 sit
2664 4845 2780 4929 aliquo

1304 4961 1410 5024 modo
1438 4959 1580 5038 activus,
1609 4957 1683 5022 sive
1711 4970 1823 5021 utrum
1854 4957 1898 5020 ad
1926 4956 2040 5041 ipsum
2069 4979 2107 5022 se
2135 4959 2264 5023 habeat
2296 4957 2412 5042 aliquo
2442 4961 2548 5024 modo
2580 4959 2614 5025 in
2646 4960 2780 5026 ratione

1303 5097 1432 5141 causae
1456 5074 1640 5140 efficientis
1664 5085 1699 5138 et
1725 5072 1873 5160 agentia,
1891 5073 1945 5137 vel
1969 5072 2081 5137 solum
2105 5072 2139 5137 in
2166 5073 2300 5139 ratione
2325 5074 2525 5159 recipientis
2550 5086 2584 5140 et
2606 5069 2779 5160 patientis}

1315 5196 1319 5204 '
1391 5191 1435 5256 Et
1458 5191 1669 5278 arguebatur
1697 5189 1791 5273 quod
1821 5188 2015 5253 intellectus
2043 5187 2222 5273 possibilis
2254 5201 2416 5274 respectu
2449 5189 2558 5276 ipsius
2586 5190 2779 5278 intelligere

1304 5307 1356 5372 vel
1373 5319 1472 5373 actus
1487 5305 1702 5392 intelligendi
1719 5304 1835 5389 aliquo
1852 5305 1959 5368 modo
1976 5303 2019 5367 sit
2043 5303 2188 5385 activuS,
2205 5305 2287 5390 quia
2310 5305 2395 5369 illud
2421 5304 2521 5370 ouius
2536 5317 2591 5371 est
2615 5305 2778 5385 iudicare,

1303 5425 1462 5502 formare,
1487 5442 1710 5505 componere,
1736 5419 1901 5498 dividere,
1927 5419 2132 5506 syllogizare
2161 5431 2195 5485 et
2218 5431 2334 5485 cetera
2359 5433 2411 5485 est
2438 5420 2587 5486 activum
2616 5435 2777 5506 respectu

1302 5538 1436 5603 illorum
1465 5559 1614 5603 actuum.
1643 5535 1715 5601 Sed
1743 5535 1778 5600 in
1807 5535 1942 5600 actibus
1970 5534 2185 5621 intelligendi
2214 5537 2301 5601 haec
2330 5535 2563 5601 inveniuntur.
2596 5537 2659 5600 Est
2687 5536 2778 5601 enim

1303 5653 1425 5738 aliquis
1464 5652 1594 5719 actusf'
1632 5650 1849 5737 intelligendi
1887 5648 2104 5729 iudicativuS,
2144 5651 2406 5735 compositivuS,
2446 5651 2706 5716 ratiocinativus
2745 5665 2778 5717 et

1303 5769 1511 5833 huiusmodi.
1537 5769 1655 5851 Quare
1681 5780 1715 5831 et
1738 5780 1863 5831 cetera.

1393 6023 1403 6097 ζ
1414 6027 1510 6072 autem
1525 6017 1555 6069 P.
1571 6049 1595 6054 --
1617 6017 1627 6047 2
1640 6014 1818 6083 legislatoris
1833 6015 1865 6065 V.
1880 6046 1913 6051 —
1927 6015 1937 6044 ³
1950 6013 1978 6065 in
1993 6014 2142 6083 quantum]
2157 6013 2182 6066 si
2196 6014 2223 6066 P.
2241 6046 2274 6052 —
2288 6017 2297 6045 ⁴
2313 6014 2475 6084 dirigantur
2489 6015 2518 6067 P.
2534 6047 2566 6054 -
2581 6016 2591 6046 ⁶
2605 6015 2729 6068 effectus
2744 6015 2776 6068 ·P.
