6700 7992
1081 1474 1135 1526 3³8
1448 1470 1645 1528 lllAGlSTRl
1669 1471 1891 1527 GODEFRIDI
1919 1472 1972 1527 DE
2000 1471 2199 1528 FONTIBUS

1081 1659 1219 1724 respectu
1248 1650 1313 1706 eius
1337 1658 1475 1724 respectu
1500 1648 1584 1705 cuius
1608 1631 1807 1705 t'iicitur'esse¹
1835 1638 1949 1705 malum'
1971 1643 2147 1705 secundum'
2161 1667 2204 1719 se,
2232 1659 2262 1706 et
2287 1650 2317 1704 in
2348 1649 2474 1722 casulo
2502 1668 2567 1723 quo·

1080 1757 1127 1803 est
1144 1749 1268 1818 malum,
1292 1749 1454 1806 secundum
1482 1766 1515 1804 se
1542 1765 1602 1803 non
1627 1756 1729 1819 potest
1756 1765 1823 1803 esse
1850 1748 1961 1802 bonum
1984 1747 2033 1803 vel
2058 1746 2186 1816 licitum;
2218 1747 2272 1803 sed
2301 1757 2440 1821 respectu
2465 1748 2567 1805 diver·-

1079 1863 1179 1902 sorum
1199 1856 1307 1920 potest,
1331 1847 1375 1903 sic
1398 1845 1513 1902 scilicet
1531 1845 1611 1917 quod
1635 1844 1731 1901 illud¹
1751 1844 1832 1918 quod
1857 1853 1903 1900 est
1927 1845 2036 1900 malum
2059 1844 2221 1901 secundum
2245 1863 2287 1914 se,
2306 1854 2338 1901 ut
2363 1847 2392 1901 in
2417 1847 2566 1919 pluribus,¹

1079 1962 1140 2000 non
1158 1944 1196 2000 sit
1214 1945 1323 2001 malum
1342 1946 1372 2000 in
1390 1944 1447 2000 isto
1466 1961 1559 2012 casu,¹
1571 1943 1680 1998 talibus
1705 1942 1931 1998 circumstantiis
1951 1941 2090 1998 adhibitis
2118 1950 2149 1999 et
2173 1942 2281 1999 talibus
2306 1944 2562 2000 concurrentibus.

1081 2043 1118 2097 Et
1142 2042 1206 2098 ista·
1222 2061 1283 2098 non
1307 2052 1505 2117 opponuntur,
1529 2041 1644 2096 scilicet
1668 2039 1779 2112 aliquid
1808 2058 1874 2096 esse
1902 2040 2064 2096 secundum
2093 2057 2126 2095 se
2150 2041 2285 2096 malum¹
2311 2041 2391 2097 utin
2419 2042 2566 2115 pluribus,

1018 2185 1027 2200 .
1081 2149 1111 2196 et
1130 2141 1325 2197 essebonum
1344 2149 1374 2196 et
1392 2140 1504 2196 licitum
1523 2139 1553 2193 in
1572 2155 1643 2193 casu
1661 2138 1794 2210 speciali.

1170 2238 1226 2294 Per
1247 2239 1327 2312 quod
1349 2238 1438 2294 etiam
1464 2245 1547 2310 patet
1572 2236 1610 2291 ad
1632 2243 1836 2308 argumentum
1856 2237 1885 2290 in
1907 2236 2093 2292 contrarium.
2113 2236 2191 2308 Quia
2213 2254 2250 2292 ex
2269 2239 2326 2293 boc
2345 2238 2425 2311 quod
2444 2238 2516 2294 illud
2541 2244 2546 2309 Ι

1079 2335 1160 2407 quod
1188 2343 1234 2390 est
1264 2335 1426 2390 secundum
1456 2351 1490 2392 se
1517 2333 1625 2388 malum
1653 2340 1686 2386 ut
1716 2331 1745 2385 in
1773 2332 1915 2405 pluribus,
1943 2332 2062 2405 ponitur
2092 2349 2159 2388 esse
2190 2333 2300 2388 bonum
2331 2342 2361 2389 et
2391 2333 2503 2390 licitum
2531 2335 2561 2389 in

1079 2411 1274 2488 determinato
1293 2449 1374 2500 casu,
1394 2449 1454 2490 non
1472 2430 1591 2504 ponitur
1610 2430 1690 2503 quod
1718 2448 1808 2484 unum
1835 2429 2040 2503 oppositorum
2068 2430 2226 2486 conveniat
2254 2431 2339 2487 alteri
2363 2432 2412 2487 vel
2439 2433 2560 2488 habenti

1078 2530 1201 2586 alterum
1221 2530 1400 2603 oppositum,
1419 2529 1488 2602 quia
1511 2529 1556 2584 sic
1580 2528 1689 2583 malum
1713 2536 1744 2583 et
1768 2520 1877 2582 bonum
1902 2545 1961 2582 non
1987 2537 2055 2584 sunt
2077 2528 2225 2602 opposita.
2253 2528 2327 2584 Tale
2352 2547 2424 2602 ergo
2451 2532 2560 2586 malum

1079 2628 1197 2702 quando
1216 2637 1327 2684 statuto
1351 2629 1479 2683 humano
1507 2627 1688 2699 prohibetur,
1713 2625 1894 2698 dupliciter¹
1921 2634 1967 2682 est
1991 2626 2110 2694 malum,
2137 2627 2251 2682 scilicet
2278 2636 2309 2682 et
2335 2628 2498 2683 secundum
2526 2646 2568 2683 se·

1078 2735 1124 2782 est
1136 2727 1244 2781 malum
1256 2726 1405 2798 loquendo
1424 2734 1456 2781 ut
1469 2725 1498 2779 in
1517 2724 1659 2798 pluribus,
1677 2732 1709 2778 ut
1728 2723 1838 2779 dictum
1859 2732 1913 2791 est,
1932 2732 1962 2779 et
1980 2734 2026 2779 est
2045 2724 2134 2779 etiam
2153 2725 2261 2779 malum
2281 2724 2351 2796 quia
2369 2725 2561 2797 prohibitum.

1078 2824 1112 2879 In
1143 2841 1214 2879 casu
1242 2841 1314 2895 ergo
1342 2822 1465 2896 speciali
1496 2822 1525 2877 in
1557 2840 1616 2894 quo
1647 2840 1685 2876 ex
1709 2830 1813 2876 natura
1844 2821 1887 2877 rei
1917 2839 1976 2876 non
2009 2830 2055 2877 est
2085 2824 2204 2890 malum,
2234 2840 2293 2878 non
2323 2830 2423 2896 potest
2450 2824 2561 2879 habere

1078 2921 1219 2977 malitiam
1244 2924 1248 2990 Ι
1273 2922 1329 2975 nisi
1354 2920 1423 2993 quia
1448 2919 1645 2993 prohibitum3
1676 2927 1707 2974 et
1737 2919 1805 2991 quia
1836 2919 2018 2990 dispensatio
2050 2919 2211 2992 superioris
2241 2920 2318 2975 tollit
2347 2920 2560 2993 obligationem

1078 3020 1179 3076 statuti
1198 3019 1326 3086 humani,
1356 3020 1416 3074 tale
1442 3018 1512 3091 quid
1538 3035 1592 3092 per
1610 3017 1863 3089 dispensationem
1883 3016 1912 3071 in
1942 3017 1994 3072 tali
2025 3034 2097 3072 casu
2127 3018 2160 3071 fit
2190 3018 2299 3072 bonurn
2325 3026 2355 3073 et
2380 3017 2500 3074 licitum.
2525 3018 2560 3073 In

1035 3171 1042 3182 ,
1077 3134 1148 3172 casu
1176 3125 1274 3172 autem
1300 3118 1328 3172 in
1354 3135 1412 3188 quo
1438 3115 1534 3171 illud¹
1565 3114 1645 3188 quod
1674 3114 1836 3169 secundum
1864 3132 1897 3169 se
1917 3123 1963 3170 est
1990 3115 2107 3182 malum,
2132 3133 2168 3170 ex
2192 3123 2298 3170 natura
2324 3116 2367 3171 rei
2395 3133 2455 3171 non
2479 3125 2562 3172 esset

1077 3215 1185 3270 bonum
1214 3215 1268 3270 sed
1295 3215 1413 3282 malum,
1440 3232 1499 3269 non
1528 3215 1617 3270 debet
1645 3212 1780 3285 superior
1807 3213 1990 3286 dispensare,
2018 3213 2086 3285 quia
2118 3214 2181 3268 eius
2209 3212 2417 3285 dispensatio¹
2446 3214 2476 3268 in
2507 3215 2560 3270 tali

1077 3330 1149 3368 casu
1174 3323 1253 3368 esset
1278 3312 1457 3385 dissipatio¹
1484 3312 1646 3367 secundum
1669 3312 1750 3384 quod
1779 3311 1999 3379 Bemardus(l)
2028 3312 2090 3366 vult
2114 3312 2143 3366 in
2169 3312 2296 3382 epistula
2322 3311 2360 3366 ad
2385 3312 2560 3384 Eugenium.

1077 3412 1114 3465 Et
1128 3412 1308 3466 tale'malum
1322 3419 1368 3466 est
1386 3411 1495 3466 habere
1514 3411 1599 3482 plura
1617 3410 1763 3465 beneficia
1782 3409 1877 3477 simul,
1889 3409 1958 3481 quia
1977 3409 2053 3463 sicut
2067 3408 2105 3464 ad
2123 3410 2262 3465 decorent
2281 3411 2367 3465 huius
2383 3412 2392 3442 ¹
2411 3409 2558 3465 ecclesiae

1076 3508 1204 3581 pertinet
1223 3509 1302 3581 quod
1327 3508 1436 3563 diversi
1462 3508 1579 3563 diversa
1601 3507 1701 3563 officia
1725 3516 1755 3562 et
1781 3507 1891 3562 diversi
1915 3507 2033 3562 diversa
2057 3507 2202 3562 beneficia
2222 3508 2360 3575 habeant,
2377 3516 2410 3584 ut
2433 3508 2560 3563 habetur

1078 3606 1127 3676 [in]
1166 3607 1336 3678 Gregorius
1350 3609 1369 3673 ¹,
1400 3606 1584 3678 octogesima
1619 3623 1697 3661 nona
1726 3604 1924 3671 distinctione,
1952 3606 2083 3677 capitulo
2117 3605 2239 3677 Singula
2252 3609 2301 3674 (2),
2330 3613 2360 3659 et
2389 3606 2447 3660 hoc
2470 3614 2503 3660 ut
2528 3607 2559 3661 in

1075 3704 1217 3777 pluribus,
1240 3737 1273 3745 -
1296 3704 1336 3759 ita
1361 3704 1502 3759 indecens
1528 3713 1555 3758 et
1585 3705 1694 3758 malum
1728 3711 1759 3757 ut
1785 3703 1814 3757 in
1846 3703 1988 3775 pluribus,
2013 3710 2059 3758 est
2090 3702 2170 3773 quod
2201 3720 2277 3758 unus
2300 3704 2410 3758 habeat
2440 3704 2524 3775 plura
2537 3705 2558 3759 ¹.

1076 3802 1137 3857 Sed
1161 3802 1191 3856 in
1216 3819 1287 3856 casu
1312 3810 1414 3874 posset
1439 3818 1504 3856 esse
1530 3801 1647 3868 bonum,
1675 3800 1789 3856 scilicet
1814 3800 1864 3853 ubi
1890 3809 1969 3855 esset
1993 3800 2116 3873 penuria
2138 3800 2310 3856 clericorum
2334 3800 2440 3873 quibus
2459 3800 2559 3856 danda

1075 3908 1175 3954 essent
1206 3898 1351 3954 beneficia
1382 3899 1430 3953 vel
1461 3899 1510 3952 ubi
1550 3906 1630 3953 esset
1667 3915 1795 3969 persona
1834 3898 1908 3952 tanti
1940 3898 2049 3952 valoris
2089 3898 2169 3970 quod
2199 3898 2266 3970 plus
2296 3899 2377 3953 valet
2408 3899 2557 3953 communi

1075 3996 1192 4052 utilitati
1218 3996 1363 4052 ecclesiae
1387 4014 1475 4069 quam
1499 3996 1599 4068 plures
1623 3996 1798 4063 mediocres,
1823 3996 1870 4050 vel
1897 3995 2016 4067 quando
2039 4013 2129 4050 unum
2156 3995 2332 4050 beneficium
2356 4013 2415 4051 non
2438 3995 2557 4052 sufficit.

1075 4095 1100 4148 T
1101 4112 1159 4150 unc
1171 4095 1248 4149 enim
1262 4096 1372 4150 habere
1384 4095 1468 4166 plura
1483 4096 1504 4127 ¹⁰
1522 4094 1666 4148 beneficia
1681 4111 1740 4149 non
1755 4102 1801 4148 est
1819 4094 1937 4158 malum,
1951 4102 1980 4148 et
1994 4103 2064 4148 tunc
2086 4095 2133 4148 vel
2155 4095 2218 4149 sine
2237 4111 2316 4149 nova
2335 4094 2557 4167 dispensatione

1074 4192 1151 4247 sicut
1177 4192 1206 4246 in
1231 4192 1384 4247 beneficiis
1406 4192 1537 4256 annexis,
1558 4191 1629 4246 licet
1650 4193 1760 4246 habere
1782 4191 1867 4262 plura
1886 4191 1961 4245 sicut
1980 4191 2182 4264 praebendam
2197 4193 2217 4224 ¹¹
2237 4199 2266 4246 et
2285 4190 2556 4247 archidiaconatum

1074 4299 1103 4347 et
1123 4290 1211 4346 etiam
1231 4308 1297 4345 cum
1316 4308 1394 4345 nova
1414 4288 1643 4362 dispensatione.

1144 4388 1244 4443 Tertio
1273 4406 1343 4442 vero
1366 4387 1455 4442 modo
1480 4386 1586 4442 dicitur
1611 4386 1723 4459 aliquid
1750 4387 1859 4440 malum
1884 4404 1944 4441 non
1968 4386 2130 4441 secundum
2156 4405 2189 4441 se
2213 4387 2314 4455 (immo
2343 4395 2484 4460 quantum
2510 4396 2556 4442 est

1073 4487 1110 4542 de
1132 4504 1175 4554 se,
1198 4494 1244 4541 est
1265 4485 1436 4540 indifferens
1461 4484 1530 4539 licet
1549 4502 1603 4557 per
1621 4473 1761 4540 accidens
1787 4484 1851 4539 eius
1876 4484 2046 4556 oppositum
2072 4484 2162 4539 faciat
2188 4484 2226 4539 ad
2247 4485 2379 4553 bonum),
2401 4484 2455 4540 sed
2470 4486 2491 4518 ¹¹
2509 4493 2556 4540 est

1072 4585 1179 4638 malum
1207 4583 1275 4655 quia
1299 4583 1478 4655 prohibitum
1498 4590 1609 4637 statuto
1635 4584 1772 4648 humano,
1799 4582 1876 4636 sicut
1895 4582 2052 4637 comedere
2078 4599 2182 4637 carnes
2206 4590 2290 4637 sexta
2316 4581 2398 4637 feria.
2426 4583 2463 4638 Et
2483 4581 2556 4637 talia

1071 4690 1196 4754 possunt
1214 4699 1281 4736 esse
1301 4680 1378 4736 bona
1401 4689 1431 4736 et
1452 4680 1533 4735 licita
1554 4698 1608 4753 per
1626 4679 1879 4752 dispensationem
1901 4679 2069 4752 superioris.
2089 4681 2164 4735 Nam
2178 4698 2245 4734 cum
2265 4680 2335 4735 talia
2354 4697 2413 4736 non
2425 4681 2555 4735 habeant

1071 4778 1212 4834 malitiam
1247 4778 1303 4833 nisi
1328 4786 1449 4850 propter
1477 4777 1689 4849 obligationem
1721 4777 1821 4832 statuti
1838 4777 1867 4845 ¹¹,
1891 4795 1945 4848 per
1971 4776 2220 4849 dispensationem
2252 4777 2413 4851 superioris
2443 4778 2556 4833 tollitur

1072 4878 1109 4931 ab
1129 4876 1173 4931 eis
1192 4893 1258 4930 esse
1278 4876 1394 4930 malum.

1161 4974 1196 5028 Et
1215 4976 1258 5029 sic
1278 4982 1360 5046 patet
1380 4973 1418 5027 ad
1437 4972 1640 5045 quaestionem
1663 4981 1692 5027 et
1712 4972 1749 5027 ad
1769 4980 1950 5043 argumenta.

1160 5594 1166 5621 ¹
1181 5588 1210 5643 id
1230 5589 1263 5643 C.
1283 5621 1315 5628 -
1336 5587 1521 5642 ’secundum
1536 5619 1569 5627 —
1582 5587 1701 5656 malum]
1720 5585 1829 5640 malum
1848 5586 2009 5642 secundum
2029 5604 2062 5642 se
2082 5587 2115 5642 C.
2136 5618 2169 5627 -
2189 5587 2200 5620 ⁸
2213 5586 2322 5659 duplex
2342 5586 2375 5642 C.
2394 5618 2429 5627 -
2448 5590 2459 5621 ¹
2472 5587 2503 5643 id
2517 5588 2552 5644 C.

1068 5708 1101 5718 -
1121 5676 1208 5732 ¹eius
1226 5674 1418 5747 dispensatio]
1434 5673 1616 5746 dispensatio
1636 5673 1700 5727 eius
1713 5674 1746 5728 C.
1760 5706 1793 5713 -
1807 5675 1819 5704 ¹
1831 5673 2013 5746 dispensatio
2028 5674 2061 5730 C.
2076 5706 2108 5714 -
2125 5676 2134 5708 ¹
2148 5692 2203 5729 om.
2218 5673 2252 5729 C.
2267 5706 2299 5714 -
2320 5674 2453 5729 ¹Glossa
2469 5674 2551 5730 SPC.

1067 5796 1100 5805 -
1114 5764 1282 5819 ¹beneficia
1295 5764 1365 5816 add.
1380 5762 1413 5817 C.
1433 5794 1466 5801 -
1489 5764 1509 5795 ¹⁰
1522 5763 1631 5816 habere
1650 5762 1745 5833 plura]
1764 5762 1849 5833 plura
1861 5762 1971 5817 habere
1991 5762 2025 5817 C.
2039 5793 2072 5802 —
2088 5764 2108 5795 ¹¹
2123 5762 2199 5817 sicut
2217 5762 2429 5834 praebendam]
2445 5780 2501 5817 om.
2516 5762 2552 5818 C.

1067 5885 1100 5892 -·
1122 5853 1143 5884 ¹¹
1155 5860 1184 5906 et
1204 5851 1237 5907 C.
1258 5884 1291 5890 -
1313 5852 1333 5883 ¹⁸
1352 5849 1513 5922 superioris
1532 5857 1631 5904 amota
1650 5848 1834 5921 obligatione
1853 5850 1954 5904 statuti
1974 5849 2043 5904 aeid.
2064 5849 2098 5905 C.

1155 6082 1194 6146 tll
1216 6077 1276 6134 Cfr.
1296 6097 1324 6150 p.
1343 6081 1405 6145 ¹269,
1423 6096 1450 6132 n.
1471 6081 1519 6145 (l).
1543 6109 1573 6118 -
1593 6081 1632 6145 (2)
1654 6075 1714 6131 etr.
1735 6095 1764 6148 p.
1782 6079 1843 6145 270,
1863 6094 1889 6131 n.
1910 6080 1959 6145 (3).
