6700 7992
1032 1455 1082 1506 tut
1396 1451 1588 1507 MAGISTRI
1617 1449 1837 1506 GODEFRIDI
1866 1451 1918 1505 DE
1948 1449 2146 1504 FONTlBUS

1030 1654 1109 1699 esse
1133 1632 1333 1719 potentiale,
1359 1633 1469 1698 sonna
1504 1644 1541 1698 ut
1575 1652 1654 1698 esse
1690 1630 1835 1696 actuale.
1868 1630 1911 1695 Et
1946 1630 2026 1696 ideo
2061 1629 2142 1715 quia
2170 1650 2249 1696 esse
2277 1628 2510 1695 communiter

1031 1748 1200 1835 accipitur
1224 1770 1286 1834 pro
1311 1770 1391 1814 esse
1426 1747 1626 1834 simpliciter
1650 1747 1746 1832 quod
1782 1757 1835 1812 est
1866 1768 1945 1812 esse
1976 1747 2112 1811 actuale
2148 1755 2182 1811 et
2216 1747 2287 1813 hoc
2322 1756 2439 1811 manet
2473 1744 2509 1810 in

1030 1865 1155 1943 anima,
1192 1864 1271 1930 ideo
1307 1863 1431 1929 dicitur
1462 1875 1570 1929 totum
1607 1885 1686 1929 esse
1719 1885 1870 1928 manere.
1899 1864 2146 1928 Verumtamen
2179 1862 2263 1927 illud
2290 1872 2399 1928 toturn
2430 1882 2509 1928 esse

1031 1980 1215 2066 compositi
1251 2001 1322 2044 non
1359 1989 1412 2046 est
1446 1979 1630 2065 compositi
1665 1978 1700 2044 in
1736 1992 1816 2044 actu
1851 1980 1915 2045 sed
1954 1981 1989 2044 in
2025 1978 2228 2064 aptitudine,
2268 1977 2303 2043 in
2341 1990 2509 2064 quantum

1031 2097 1146 2162 anima
1180 2108 1261 2161 nata
1296 2109 1349 2161 est
1383 2096 1571 2161 informare
1607 2094 1785 2161 materiam
1821 2107 1855 2160 et
1894 2095 2152 2160 communicare
2187 2116 2289 2160 suurn
2325 2115 2403 2161 esse
2442 2093 2510 2181 ipsi

1031 2211 1204 2278 materiae.
1228 2213 1317 2276 Nam
1343 2213 1453 2276 forma
1477 2222 1511 2277 et
1535 2233 1614 2277 esse
1638 2211 1730 2276 idern
1756 2222 1894 2276 suntet
1922 2233 2030 2276 unum
2061 2222 2095 2276 et
2126 2210 2217 2276 idem
2253 2222 2306 2277 est
2335 2212 2446 2277 forma
2477 2221 2511 2277 et

1031 2350 1110 2395 esse
1134 2328 1298 2393 materiae
1322 2338 1357 2393 et
1380 2328 1512 2393 formae
1545 2338 1579 2392 et
1614 2348 1692 2393 esse
1728 2326 1922 2413 compositi.
1960 2328 2105 2412 Propter
2133 2328 2229 2410 quod
2257 2326 2361 2392 etiarn
2391 2326 2510 2392 huius·

1031 2444 1124 2510 modi
1160 2466 1239 2510 esse
1270 2443 1303 2508 in
1336 2443 1451 2508 anima
1486 2452 1645 2528 separata
1682 2444 1788 2510 habet
1827 2444 1969 2507 modurn
2005 2442 2147 2508 essendi
2183 2443 2425 2529 imperfectum
2465 2464 2508 2508 eo

1031 2560 1127 2644 quod
1152 2581 1230 2625 curn
1255 2558 1370 2623 anima
1394 2557 1594 2623 naturaliter
1629 2558 1761 2644 appetit
1788 2558 1974 2623 informare
2006 2557 2183 2624 materiam
2221 2571 2255 2623 ct
2290 2581 2392 2623 suum
2429 2580 2509 2625 esse

1031 2675 1076 2741 illi
1104 2674 1371 2754 communicare,
1408 2685 1445 2739 ut
1479 2674 1530 2740 sic
1565 2674 1609 2739 sit
1643 2696 1721 2739 esse
1758 2674 1862 2739 totius
1890 2674 2075 2759 compositi
2111 2696 2172 2759 per
2207 2698 2246 2739 se
2278 2674 2328 2740 sic
2360 2674 2395 2739 in
2429 2695 2509 2740 esse

1032 2792 1241 2876 completum
1268 2802 1302 2856 et
1325 2792 1518 2857 secundum
1556 2791 1697 2855 modurn
1730 2791 1942 2874 completum
1979 2789 2167 2869 existentis
2205 2792 2299 2856 unde
2331 2812 2409 2856 curn
2441 2793 2511 2857 hoc

1031 2929 1103 2973 non
1128 2906 1210 2972 facit
1234 2920 1350 2972 manet
1374 2905 1513 2990 quidem
1539 2906 1630 2971 idem
1656 2926 1747 2985 esse,
1772 2907 1835 2971 sed
1860 2927 1939 2971 curn
1970 2926 2041 2972 non
2074 2905 2117 2970 sit
2149 2905 2333 2991 compositi
2367 2906 2403 2971 in
2430 2917 2511 2972 actu

1031 3024 1094 3089 sed
1130 3024 1241 3089 solum
1278 3023 1311 3087 in
1348 3021 1552 3108 aptitudine,
1587 3022 1730 3087 modurn
1763 3020 2002 3106 imperfectum
2034 3023 2142 3087 habet
2172 3022 2382 3087 huiusmodi.
2416 3022 2511 3110 Ergo

1032 3161 1111 3205 esse
1136 3139 1331 3204 secundum
1348 3139 1490 3203 modum
1508 3137 1648 3203 essendi
1666 3138 1877 3222 completum
1895 3137 2060 3203 convenit
2083 3159 2146 3222 per
2167 3160 2205 3204 se
2222 3138 2285 3204 toti
2301 3138 2507 3224 composito,

1033 3277 1094 3341 per
1118 3256 1261 3319 formam
1280 3266 1406 3320 tamen.
1424 3254 1504 3318 Hoc
1520 3252 1621 3318 etiam
1647 3274 1726 3318 curn
1751 3255 1820 3318 hoc
1844 3263 1906 3332 est,
1925 3265 1977 3318 est
2001 3254 2109 3319 homo
2134 3253 2354 3339 simpliciter3
2381 3265 2415 3320 et
2430 3254 2511 3320 ideo

1033 3370 1135 3436 etiam
1160 3369 1244 3435 nulli
1268 3369 1356 3454 parti
1372 3368 1535 3434 convenit
1558 3368 1757 3434 huiusmodi
1783 3390 1861 3434 esse
1886 3370 2081 3434 secundum
2099 3371 2194 3435 hunc
2210 3370 2352 3435 modum
2371 3370 2512 3435 essendi

1035 3486 1236 3572 perfectum.
1267 3485 1309 3550 Et
1345 3484 1423 3551 ideo
1459 3484 1561 3549 etiarn
1593 3484 1708 3549 anima
1740 3496 1910 3569 separata,
1939 3484 2072 3550 ratione
2104 3485 2193 3549 illius
2226 3507 2304 3552 esse
2340 3485 2512 3551 manentis

1034 3623 1106 3669 non
1137 3612 1253 3687 potest
1280 3598 1349 3666 dici
1381 3622 1459 3667 esse
1486 3602 1593 3666 homo
1625 3600 1684 3684 qui
1713 3600 1807 3686 prius
1843 3600 2023 3665 dicebatur
2050 3603 2156 3666 homo
2192 3622 2270 3666 cum
2307 3611 2379 3666 erat
2407 3601 2513 3666 totius

1035 3716 1230 3803 compositi,
1248 3718 1310 3783 sed
1335 3717 1529 3783 secundum
1555 3717 1696 3782 modum
1721 3716 1863 3781 essendi
1888 3716 2137 3802 imperfectum.
2157 3718 2240 3781 Tale
2265 3729 2380 3782 autern
2397 3729 2513 3802 potest

1034 3832 1222 3900 convenire
1251 3831 1339 3919 parti
1362 3831 1413 3897 sic
1436 3830 1589 3897 manenti
1614 3853 1634 3895 a
1658 3853 1725 3915 qua
1751 3831 1854 3896 etiam
1879 3844 1952 3896 erat
1975 3843 2084 3897 totum
2106 3854 2185 3898 esse
2209 3832 2393 3918 compositi
2418 3832 2512 3897 dicto

1034 3948 1140 4014 modo
1165 3959 1198 4014 et
1222 3959 1348 4014 cetera.
1373 3946 1416 4013 Et
1440 3968 1503 4033 per
1524 3948 1594 4012 hoc
1619 3958 1714 4031 putet
1737 3946 1865 4012 solutio
1890 3947 1934 4012 ad
1959 3947 2144 4013 obiectum.

1627 4431 1869 4515 ounusno
1895 4432 1925 4496 u

1682 4619 1866 4688 (LONGA).

1233 4849 1375 4926 Uirum
1405 4847 1536 4921 dicere
1564 4847 1670 4948 quod
1699 4853 1846 4944 (orpus
1878 4847 2029 4922 Christi
2058 4853 2257 4920 mortuum
2289 4853 2325 4920 et

1035 4982 1203 5058 atterius
1225 4981 1400 5056 hominis
1425 4985 1627 5054 mortuum
1649 4979 1787 5082 suerit
1814 4987 1960 5078 corpus
1982 4980 2192 5080 aequivoce
2215 4980 2269 5053 sit
2291 5006 2512 5054 erroneum.

1125 5303 1263 5370 Deinde
1288 5302 1381 5370 circa
1405 5304 1613 5389 pertinentia
1641 5305 1685 5370 ad
1714 5317 1869 5371 naturam
1897 5309 2083 5372 humanam
2114 5319 2282 5391 quantum
2312 5308 2356 5372 ad
2384 5328 2514 5395 corpus

1036 5422 1293 5508 quaerebantur
1331 5420 1401 5485 duo
1447 5419 1644 5506 specialiter
1683 5421 1776 5487 circa
1816 5443 1944 5508 corpus
1984 5422 2122 5488 Christi.
2164 5423 2316 5488 Primum
2359 5435 2432 5489 erat
2471 5424 2515 5490 de

1037 5558 1183 5624 corpore
1212 5535 1340 5603 Christi
1366 5535 1400 5601 in
1429 5536 1692 5621 comparatione
1727 5538 1771 5602 ad
1800 5561 1947 5624 corpora
1980 5538 2126 5603 aliorum
2159 5539 2349 5618 hominum,
2384 5539 2516 5606 scilicet

1037 5667 1148 5719 utrum
1185 5652 1300 5719 dicere
1332 5653 1427 5736 quod
1467 5672 1595 5738 corpus
1636 5652 1764 5717 Christi
1804 5668 1976 5720 mortuum
2017 5667 2050 5720 et
2089 5654 2340 5739 cuiuscumque
2375 5655 2515 5720 alterius

843 5770 1016 5897 fulcoiidl'tt
1036 5768 1187 5837 hominis
1214 5772 1219 5853 l
1240 5778 1412 5835 mortuum
1430 5773 1510 5834 cutte
1526 5767 1536 5804 ¹
1559 5767 1758 5835 ulteriorem
1783 5770 2030 5838 resolutionem
2048 5770 2150 5835 fuerit
2167 5790 2294 5859 corpus
2311 5771 2514 5861 aequivoce,

1344 6054 1352 6069 Ι

1354 6094 1360 6109 0

1128 6060 1137 6091 ¹
1150 6056 1307 6131 aliquando
1326 6055 1346 6109 l
