6700 7992
1380 1420 1575 1477 MAGISTRI
1603 1419 1823 1477 GODEFRIDI
1852 1423 1904 1478 DE
1932 1422 2130 1481 FONTIBUS

1554 1888 1846 1972 ouausrio
1895 1891 1953 1955 ru

1654 2079 1844 2153 (conon).

1077 2306 2422 2405 (Mumiupmfhdmmbmcmmmmdmrwumsmcmdmwr

1173 2440 2320 2544 mmmmmubdmmmmsdpmoemmiubfimmm.

1102 2772 1184 2835 Post
1208 2772 1276 2835 boe
1291 2792 1373 2834 vero
1390 2771 1622 2853 quaerebatur
1646 2769 1738 2834 aliud
1764 2770 1941 2855 pertinens
1958 2773 2002 2836 ad
2031 2773 2207 2838 entitatem
2225 2773 2488 2858 quidditativam

1011 2889 1065 2953 vel
1082 2887 1302 2952 essentialem
1317 2896 1482 2969 quantum
1498 2885 1736 2950 adnumerum
1752 2887 1946 2952 secuudum
1961 2887 2117 2953 ordinem
2133 2910 2250 2954 earum
2265 2891 2308 2954 ad
2326 2890 2487 2971 invicem,

1011 3003 1143 3069 scilicet
1170 3015 1282 3067 utrum
1311 3001 1344 3065 iu
1373 3000 1647 3086 perfectionibus
1676 3002 1920 3067 essentialibus
1947 3026 2060 3068 rerum
2089 3003 2162 3069 sive
2187 3005 2344 3071 ordinem
2369 3027 2486 3072 essen-

1011 3119 1125 3184 tialem
1151 3117 1360 3182 habentibus
1384 3117 1428 3182 sit
1452 3138 1639 3202 processus
1662 3117 1698 3182 in
1723 3117 1904 3183 inlinitum.
1923 3119 1965 3184 Et
1981 3122 2192 3206 arguebatur
2216 3122 2310 3205 quod
2327 3120 2388 3202 sic,
2406 3121 2487 3207 quia

1011 3236 1047 3300 iu
1065 3235 1128 3300 illis
1146 3256 1235 3319 (prae
1259 3246 1340 3298 nata
1365 3246 1445 3298 suut
1462 3232 1584 3297 imitari
1609 3233 1737 3316 aliquid
1764 3233 1933 3298 infinitum
1959 3234 1992 3300 in
2019 3234 2188 3301 infinitum
2214 3247 2266 3301 est
2288 3259 2488 3323 processus,

1014 3351 1085 3416 Sed
1113 3362 1291 3415 creaturae
1319 3349 1514 3413 secundum
1538 3370 1620 3412 suas
1645 3331 1878 3433 perfectiones
1903 3349 2109 3415 essentiales
2133 3363 2236 3416 natae
2260 3357 2341 3416 sunt
2367 3352 2489 3418 imitari

1013 3466 1200 3534 essentiam
1232 3465 1383 3530 (livinum
1416 3463 1583 3528 infinitam
1615 3463 1649 3528 in
1683 3464 1863 3545 infinitum,
1894 3465 2058 3549 quoniam
2091 3478 2411 3553 quantumcumque
2447 3469 2490 3534 sit

1014 3595 1171 3648 creatura
1195 3602 1435 3667 quaecumque
1460 3590 1606 3665 accepta
1623 3581 1677 3646 vel
1695 3581 1918 3666 acceptabilis
1936 3581 2099 3666 perfecta,
2118 3595 2151 3646 et
2171 3594 2491 3669 quantumcumque

1015 3700 1193 3786 [perfecte]
1212 3697 1363 3762 divinam
1388 3695 1574 3762 essentiam
1599 3696 1753 3781 perfecte
1778 3695 1937 3775 imitetur,
1963 3699 2079 3762 adbuc
2104 3697 2180 3783 ipsa
2204 3698 2356 3764 essentia
2373 3699 2490 3765 divina

1015 3826 1169 3880 remanet
1186 3812 1359 3879 imitabilis
1375 3811 1582 3898 perfectiore
1600 3813 1717 3876 modo.
1737 3811 1855 3893 Quare
1873 3823 1906 3877 et
1923 3824 2047 3877 cetera.

1104 3932 1246 3996 Contra.
1265 3930 1301 3993 ln
1319 3928 1384 3993 illis
1411 3938 1607 4012 quaesunt
1632 3926 1862 3993 essentialiter
1885 3927 2044 3993 ordinata
2069 3950 2140 3994 non
2166 3942 2218 3994 est
2243 3952 2431 4016 processus
2456 3932 2489 3997 in

1015 4046 1196 4125 infinitum,
1222 4045 1303 4130 <pria
1327 4044 1384 4109 ubi
1409 4066 1482 4107 non
1508 4055 1560 4108 est
1584 4041 1732 4128 primum
1757 4054 1790 4107 et
1815 4044 1969 4108 ultimum
1994 4066 2066 4109 nou
2092 4055 2144 4109 est
2171 4046 2278 4125 ordo;
2304 4047 2338 4111 in
2357 4046 2491 4113 infinito

1015 4174 1129 4230 autem
1147 4164 1236 4227 haec
1253 4183 1323 4226 non
1342 4171 1431 4224 sunt.
1451 4161 1521 4224 Sed
1539 4158 1572 4223 in
1591 4158 1863 4244 perfectionibus
1888 4159 2132 4225 essentialibus
2150 4172 2183 4226 et
2200 4161 2374 4248 specificis
2398 4184 2491 4229 crea·

1014 4294 1167 4346 turarum
1192 4290 1244 4344 est
1268 4278 1365 4357 ordo,
1390 4298 1468 4340 cum
1495 4296 1561 4339 una
1589 4274 1632 4338 sit
1656 4274 1884 4340 essentialiter
1909 4276 1973 4340 alia
1999 4276 2186 4361 perfectior
2202 4290 2235 4342 et
2252 4278 2354 4365 prior.
2373 4280 2491 4363 Quare

1014 4408 1048 4463 et
1065 4408 1189 4462 cetera.

1103 4511 1315 4596 Respondeo
1334 4508 1520 4573 dicendum
1537 4506 1642 4590 quod,
1660 4527 1738 4570 cum
1757 4528 1869 4571 rerum
1895 4507 2032 4592 species
2056 4509 2209 4573 numeris
2234 4523 2490 4596 comparentur,

1014 4630 1102 4694 sicut
1120 4648 1342 4713 quocumque
1367 4645 1512 4688 numero
1538 4623 1619 4686 dato
1644 4643 1715 4686 non
1741 4633 1856 4707 potest
1881 4645 1959 4688 esse
1984 4624 2070 4688 alius
2096 4625 2125 4690 ei
2152 4624 2344 4709 inaequalis
2366 4627 2431 4692 nisi
2447 4627 2491 4693 sit

1014 4745 1153 4810 alterius
1171 4741 1311 4829 speciei,
1330 4741 1376 4805 ita
1393 4762 1463 4804 uuo
1488 4737 1669 4803 individuo
1695 4739 1760 4801 sub
1786 4760 1854 4802 una
1870 4738 1987 4824 specie
2012 4761 2082 4804 non
2101 4752 2217 4825 potest
2241 4763 2320 4808 esse
2345 4744 2490 4809 alterum

1014 4861 1195 4946 inaequale
1220 4859 1414 4924 secundum
1439 4853 1646 4920 essentialia,
1665 4854 1708 4918 Et
1725 4853 1803 4918 ideo
1828 4876 2050 4938 quocumque
2075 4856 2157 4920 (lato
2183 4879 2253 4922 non
2278 4869 2394 4943 potest
2415 4859 2490 4924 fieri

1014 4975 1200 5061 perfectior
1217 4974 1273 5040 illo
1298 4973 1331 5037 in
1357 4973 1480 5037 eadem
1506 4969 1623 5055 specie
1648 4982 1816 5047 quantum
1840 4970 1884 5033 ad
1909 4970 2088 5049 naturalia,
2114 4994 2180 5037 nec
2207 4994 2374 5057 processu
2393 4973 2491 5039 linito

1012 5113 1079 5158 nec
1103 5091 1204 5157 etiam
1230 5088 1373 5154 infinito.
1398 5088 1441 5151 Et
1466 5086 1567 5151 etiam
1592 5084 1682 5149 sicut
1706 5107 1778 5149 non
1803 5096 2020 5169 potestesse
2045 5087 2200 5152 binarius
2225 5088 2411 5175 singularis
2432 5089 2490 5173 qui

1012 5229 1083 5273 non
1108 5205 1382 5291 comprehendat
1407 5202 1560 5288 perfecte
1584 5210 1691 5265 totam
1716 5199 1965 5285 perfectionem
1992 5202 2211 5267 essentialem
2228 5204 2359 5289 speciei
2381 5204 2491 5289 ipsius

1014 5323 1145 5402 binarii,
1163 5321 1210 5386 ita
1233 5333 1267 5385 et
1292 5320 1325 5384 in
1351 5318 1426 5383 aliis
1450 5316 1636 5402 speciebus
1662 5327 1697 5381 et
1720 5315 1908 5380 individuis
1933 5328 1986 5381 est
2010 5317 2283 5404 intelligendum.
2309 5320 2381 5385 Sed
2402 5320 2492 5386 sicut

1013 5459 1236 5525 quocumque
1260 5457 1405 5500 numero
1431 5432 1597 5518 specifico
1622 5433 1703 5496 dato
1729 5443 1781 5497 est
1806 5432 1965 5517 accipere
1990 5412 2154 5498 maiorem
2178 5433 2213 5498 iu
2239 5433 2420 5515 infinitum,
2445 5436 2491 5502 ita

1012 5557 1148 5621 videtur
1172 5551 1343 5637 aliquibus
1369 5550 1462 5634 quod
1488 5569 1708 5632 (ptucumque
1733 5546 1851 5631 specie
1876 5548 1965 5612 entis
1991 5549 2070 5613 data
2096 5560 2147 5614 est
2172 5550 2332 5635 accipere
2357 5552 2490 5636 perfec·

1013 5673 1134 5738 tiorem
1164 5669 1198 5734 in
1227 5666 1408 5744 inlinitum,
1436 5675 1578 5751 propter
1604 5663 1771 5727 infinitam
1801 5662 1998 5728 distantiam
2026 5686 2116 5748 quae
2144 5676 2197 5730 est
2227 5665 2315 5732 inter
2343 5668 2489 5754 pelagus

1013 5786 1183 5852 infinitum
1209 5781 1433 5870 perfectionis
1457 5780 1594 5846 divinae
1619 5790 1652 5843 et
1677 5777 1855 5843 limitatum
1872 5790 1905 5843 et
1922 5780 2186 5846 determinatum
2204 5783 2351 5866 gradum
2376 5782 2491 5848 cuius·

1013 5921 1163 5986 cumque
1180 5910 1368 5966 creaturae.
1386 5897 1466 5962 Non
1483 5896 1618 5960 videtur
1635 5882 1726 5959 enim
1751 5896 1840 5960 haec
1864 5894 2027 5960 distantia
2045 5896 2224 5962 continere
2249 5898 2320 5962 duo
2338 5909 2491 5964 extrema

1013 6018 1120 6101 linita,
1137 6017 1200 6083 sed
1217 6037 1324 6082 unum
1339 6013 1473 6079 finitum
1491 6024 1524 6077 et
1540 6011 1643 6076 alium
1661 6009 1842 6091 infinitum,
1860 6021 1898 6075 ut
1914 6011 1965 6076 sic
1982 6012 2026 6075 ab
2043 6012 2177 6077 infinito
2201 6013 2429 6097 procedendo
2446 6013 2492 6095 ad
