6700 7992
1020 1429 1069 1481 116
1383 1424 1574 1484 ltnols'rtu
1603 1426 1822 1485 GODEFRlDI
1851 1427 1903 1484 DE
1932 1426 2130 1486 FONTlBUS

1019 1608 1256 1673 substantialis
1274 1611 1381 1691 (unde
1398 1620 1451 1675 cst
1467 1611 1577 1675 fomra
1594 1610 1845 1693 substantialis)
1871 1632 1940 1675 una
1957 1611 2032 1675 sola
2049 1610 2201 1676 existens
2218 1632 2289 1675 non
2308 1612 2366 1677 det
2383 1612 2392 1646 ¹
2416 1633 2495 1677 esse

1017 1724 1235 1810 simpliciter;
1268 1725 1297 1789 si
1329 1737 1442 1790 autem
1482 1748 1713 1810 unaquaeque
1748 1727 1857 1790 forrua
1894 1725 2132 1791 substantialis
2169 1727 2363 1791 secundum
2401 1728 2495 1811 quod

1017 1840 1216 1905 huiusmodi
1240 1863 1302 1926 per
1326 1861 1364 1906 se
1389 1843 1498 1906 solam
1523 1843 1583 1907 dat
1606 1864 1685 1907 6666
1710 1841 1919 1926 simpliciter,
1945 1844 2114 1907 habemus
2139 1842 2367 1927 propositum.

1107 1956 1143 2023 Si
1181 1968 1293 2021 autem
1331 1956 1465 2023 dicatur
1500 1959 1594 2042 quod
1630 1957 1735 2023 immo
1772 1958 1874 2023 etiam
1913 1968 2073 2042 respectu
2113 1958 2268 2023 omniurn
2306 1959 2495 2024 formarum

1017 2072 1295 2138 substantialium
1328 2073 1464 2139 realiter
1495 2085 1547 2138 est
1579 2096 1648 2138 una
1671 2074 1828 2158 potentia
1855 2074 2028 2153 materiae,
2058 2074 2236 2157 loquendo
2265 2075 2309 2139 de
2340 2074 2497 2159 potentia

1017 2188 1181 2254 materiae
1206 2210 1268 2273 per
1292 2211 1395 2274 quam
1421 2189 1496 2275 ipsa
1521 2201 1573 2254 est
1597 2189 1792 2255 subiectum
1815 2190 1947 2255 formae
1973 2200 2006 2255 et
2030 2190 2111 2254 facit
2135 2212 2243 2255 unum
2269 2212 2331 2276 per
2353 2212 2392 2255 66
2416 2211 2495 2255 cum
2576 2249 2581 2256 .

1018 2306 1083 2383 illa,
1101 2306 1164 2369 sed
1181 2305 1247 2369 ista
1265 2305 1421 2390 potentia
1445 2327 1517 2369 non
1542 2316 1658 2390 potest
1683 2305 1784 2369 simul
1809 2304 1958 2370 ordinari
1984 2306 2028 2369 ad
2053 2306 2209 2371 diversas
2235 2306 2363 2371 formas
2380 2305 2496 2372 educi·

1017 2420 1104 2486 biles
1129 2422 1173 2485 de
1197 2420 1353 2507 potentia
1377 2420 1551 2501 materiae,
1577 2420 1658 2505 quia
1682 2442 1914 2506 unaquaeque
1938 2422 2091 2505 complet
2106 2422 2296 2506 potentiam
2321 2421 2496 2500 materiae,

1018 2537 1081 2601 sed
1106 2538 1196 2602 bene
1222 2548 1336 2621 potest
1360 2538 1461 2601 simul
1486 2536 1637 2601 ordinari
1654 2538 1698 2601 ad
1717 2537 1872 2601 diversas
1894 2536 2050 2601 formas2
2074 2558 2218 2621 quarum
2243 2558 2314 2601 una
2337 2536 2498 2601 educitur

1019 2653 1062 2718 de
1086 2653 1241 2737 potentia
1265 2652 1439 2730 materiae,
1458 2652 1523 2717 alia
1540 2674 1622 2731 666,
1641 2675 1785 2736 quarum
1810 2665 1933 2718 neutra
1958 2654 2017 2718 dat
2040 2675 2102 2738 per
2119 2674 2156 2718 66
2182 2673 2261 2718 6666
2285 2652 2497 2739 simpliciter,

1017 2770 1080 2834 sed
1105 2770 1228 2833 ambae
1253 2769 1364 2847 simul,
1387 2807 1422 2816 -
1441 2770 1510 2834 hoc
1527 2791 1598 2834 non
1616 2770 1723 2847 valet;
1741 2780 1812 2833 tum
1831 2769 1911 2854 quia
1929 2791 2000 2833 non
2021 2780 2137 2854 potest
2153 2768 2252 2834 reddi
2276 2768 2363 2834 ratio
2389 2789 2497 2853 quare

1018 2884 1074 2949 illa
1098 2885 1209 2949 forma
1234 2884 1473 2970 corporeitatis
1499 2885 1625 2949 educta
1650 2885 1694 2948 de
1718 2884 1875 2970 potentia
1900 2884 2064 2950 materiae
2088 2885 2122 2950 in
2147 2885 2288 2951 homine
2313 2905 2385 2950 non
2405 2906 2498 2950 com·

1017 2999 1110 3085 pleat
1127 3001 1280 3086 perfecte
1297 2982 1487 3085 potentiam
1506 2999 1679 3079 materiae,
1697 2999 1787 3064 sicut
1811 3000 1898 3066 aliae
1922 3001 2055 3066 formae
2072 3001 2264 3067 educibiles
2281 3002 2325 3066 de
2341 3000 2498 3086 potentia

1016 3116 1190 3194 materiae,
1219 3126 1252 3181 et
1280 3115 1331 3180 sic
1359 3115 1473 3180 anima
1501 3115 1642 3180 advenit
1670 3115 1740 3180 enti
1765 3116 1799 3179 in
1824 3127 1903 3181 actu
1928 3116 2049 3182 eterit
2077 3116 2264 3196 accidens;
2290 3126 2362 3181 tum
2387 3115 2497 3201 quia⁸

1018 3231 1101 3297 illud
1126 3233 1221 3316 quod
1245 3253 1316 3296 non
1342 3230 1526 3297 educitur‘¹
1551 3232 1594 3296 de
1619 3231 1775 3316 potentia
1801 3231 1974 3311 materiae,
2000 3253 2078 3297 cum
2104 3243 2220 3297 tamen
2245 3244 2395 3318 ponatur
2419 3252 2498 3298 esse

1018 3347 1187 3433 perfectio
1212 3346 1448 3413 substantialis
1466 3347 1551 3426 6ἰ66,
1568 3369 1640 3411 666
1665 3346 1780 3412 minus
1804 3349 1910 3413 habet
1931 3349 2107 3433 complere
2125 3348 2316 3434 potentiam
2334 3348 2498 3413 materiae

1018 3485 1081 3549 per
1103 3485 1141 3528 se
1166 3463 1367 3549 simpliciter
1390 3485 1432 3528 ex
1457 3484 1527 3547 quo
1551 3462 1775 3528 induciturin
1801 3463 1893 3528 illam
1909 3463 1921 3498 ⁵
1937 3475 1973 3529 ut
1993 3476 2092 3530 actus
2110 3464 2184 3529 eius
2202 3486 2304 3548 quam
2323 3463 2380 3529 id⁰
2403 3465 2499 3549 quod

1018 3580 1177 3646 educitur
1204 3581 1249 3645 de
1278 3579 1434 3665 potentia
1461 3578 1634 3644 materiae.
1660 3580 1783 3645 Forma
1812 3579 1901 3645 enim
1931 3602 1994 3665 per
2017 3602 2055 3646 se
2080 3580 2191 3645 solam
2214 3581 2321 3645 habet
2344 3580 2499 3666 perfecte

1018 3697 1195 3782 complere
1223 3694 1415 3781 potentiam
1443 3694 1608 3761 materiae
1635 3707 1669 3760 et
1697 3696 1780 3761 dare
1808 3695 1839 3761 ei
1867 3695 2068 3781 simpliciter
2096 3718 2174 3762 esse
2203 3696 2283 3781 quia
2312 3707 2364 3762 est
2388 3697 2499 3762 forma

1018 3811 1264 3877 substantialis.
1290 3811 1332 3876 Et
1357 3832 1435 3877 cum
1460 3810 1506 3876 ita
1530 3810 1583 3889 sit,
1602 3832 1672 3876 non
1699 3810 1834 3877 videtur
1857 3833 1936 3876 esse
1953 3833 2071 3877 verum
2089 3813 2184 3896 quod
2209 3812 2351 3878 materia
2371 3814 2500 3878 habeat

1018 3927 1188 3994 rationem
1214 3927 1362 3993 subiecti
1386 3927 1489 3991 unius
1514 3927 1566 3992 vel
1595 3926 1773 4012 potentiae
1801 3926 1904 3992 unica
1931 3927 2108 3993 habilitate
2135 3928 2315 4013 potentiali
2343 3928 2500 4014 proxima

1019 4043 1209 4130 susceptivi
1239 4046 1359 4108 harum
1389 4044 1534 4108 duarum
1563 4043 1753 4108 formarum
1783 4042 1895 4122 simul,
1923 4043 1974 4109 sie
2001 4030 2134 4109 scilicet
2161 4045 2256 4129 quod
2284 4044 2361 4130 ipsa
2389 4046 2500 4111 forma

1019 4160 1186 4226 naturalis
1218 4182 1297 4226 cum
1331 4158 1446 4224 anima
1479 4170 1641 4244 respectu
1673 4157 1837 4224 materiae
1868 4160 1997 4224 habeat
2028 4159 2196 4225 rationem
2232 4160 2336 4226 unius
2367 4161 2500 4227 formae

1019 4298 1131 4361 aeque
1156 4276 1352 4342 immediate
1377 4274 1554 4340 materiam
1580 4274 1802 4360 perficientis
1821 4274 1997 4358 Quoniam
2023 4278 2216 4341 secundum
2242 4275 2352 4340 illud⁷
2375 4276 2501 4342 dicitur

1019 4391 1177 4477 aliquid⁸
1200 4393 1330 4457 habere
1359 4391 1548 4476 potentiam
1580 4402 1742 4476 respectu
1776 4390 1916 4455 alterius
1945 4392 2140 4456 secundum
2169 4392 2264 4476 quod
2295 4404 2415 4457 natum
2447 4402 2501 4457 est

1021 4508 1141 4595 perfici
1170 4529 1232 4594 per
1260 4507 1364 4586 illud;
1381 4493 1489 4591 'quod
1516 4517 1634 4572 natum
1663 4518 1716 4571 est
1744 4506 1846 4571 etiam
1875 4506 2041 4592 perficere
2070 4506 2200 4591 aliquid
2230 4509 2336 4574 habet
2367 4507 2501 4573 habitu-

1020 4624 1136 4690 dinem
1170 4625 1215 4688 ad
1247 4624 1331 4689 illud
1363 4624 1556 4688 secundum
1586 4624 1681 4707 quod
1713 4634 1832 4687 natum
1865 4633 1918 4687 est
1946 4622 2059 4707 ipsum
2089 4623 2266 4707 perficere.
2296 4624 2386 4689 Cum
2414 4645 2500 4711 ergo

1019 4740 1161 4806 materia
1199 4739 1309 4824 prima
1341 4738 1384 4804 sit
1416 4738 1640 4823 perfectibilis
1672 4738 1747 4803 istis
1779 4739 1916 4802 duabus
1948 4738 2077 4816 fonniS,
2111 4749 2145 4803 et
2176 4750 2213 4803 ut
2244 4740 2339 4804 nuda
2370 4739 2405 4803 in
2437 4760 2502 4804 sua

1020 4856 1173 4923 essentia
1196 4856 1273 4921 sine
1297 4855 1363 4919 alia
1387 4856 1498 4919 forma
1527 4854 1751 4939 praecedenti
1777 4853 1831 4918 vel
1858 4853 2042 4939 supposita
2067 4866 2149 4918 nata
2174 4854 2216 4920 sit
2240 4855 2360 4939 perfici
2389 4856 2501 4920 forma

1019 4971 1177 5051 naturali,
1195 4971 1271 5056 ipsa
1288 4981 1402 5035 autem
1420 4992 1492 5034 non
1510 4969 1571 5049 sic,
1589 4971 1652 5035 sed
1669 4980 1706 5034 ut
1723 4969 1789 5034 iam
1807 4969 1841 5034 in
1859 4982 1939 5036 actu
1963 4969 2115 5035 existens
2133 4981 2167 5035 et
2183 4973 2249 5034 sub
2269 4970 2501 5056 dispositione

1019 5087 1218 5152 huiusmodi
1245 5088 1376 5152 formae
1401 5086 1533 5171 primae
1558 5095 1611 5151 est
1636 5084 1860 5170 perfectibilis
1888 5084 1964 5171 ipsa
1988 5086 2113 5164 anima,
2140 5107 2224 5174 ergo
2254 5107 2331 5151 cum
2361 5108 2432 5151 non
2458 5085 2502 5151 sit

1019 5205 1142 5269 eadem
1167 5202 1254 5268 ratio
1279 5202 1457 5288 potentiae
1482 5213 1515 5267 et
1539 5200 1727 5266 habilitatis
1755 5201 1929 5280 materiae,
1947 5211 1984 5266 ut
2008 5202 2201 5267 secundum
2228 5223 2266 5267 se
2291 5203 2385 5266 nuda
2407 5212 2440 5268 et
2463 5213 2502 5268 ut

1019 5318 1070 5384 sic
1094 5319 1129 5384 in
1153 5330 1232 5384 actu
1258 5318 1438 5404 disposita,
1464 5318 1530 5381 alia
1554 5328 1588 5382 et
1613 5316 1678 5382 alia
1702 5316 1880 5382 habilitate
1897 5317 2040 5383 materia
2065 5329 2117 5383 est
2141 5318 2341 5403 susceptiva
2358 5316 2500 5384 istarum

1020 5435 1166 5500 duarum
1191 5435 1388 5500 formarum.
1414 5434 1493 5500 Hoc
1517 5434 1622 5498 modo
1648 5432 1738 5498 enim
1764 5432 1905 5518 ponitur
1928 5434 1972 5498 de
1996 5434 2108 5498 forma
2133 5433 2340 5500 accidentali
2364 5446 2398 5499 et
2421 5436 2501 5500 sub·

1019 5551 1170 5617 stantiali
1198 5566 1361 5637 respectu
1390 5548 1563 5628 materiae,
1591 5549 1686 5633 quod
1715 5548 1823 5633 quial
1851 5548 1993 5614 materia
2021 5548 2131 5634 prima
2159 5550 2254 5614 nuda
2282 5562 2315 5615 et
2343 5562 2380 5615 ut
2407 5571 2502 5617 mere

1020 5668 1054 5732 in
1083 5666 1239 5752 potentia
1268 5678 1322 5732 est
1349 5665 1550 5751 susceptiva
1579 5666 1711 5730 formae
1744 5664 1991 5745 substantialis
2024 5664 2100 5750 ipsa
2132 5677 2247 5730 autem
2281 5677 2317 5731 ut
2349 5666 2501 5732 existens

1094 5956 1100 5985 ¹
1120 5953 1209 6006 debet
1224 5953 1254 6006 P.
1275 5984 1307 5991 -
1328 5953 1338 5983 ³
1358 5952 1402 6004 bis·
1415 5953 1437 6005 P
1448 5952 1479 6005 V.
1496 5983 1519 5988 -
1542 5952 1553 5982 ³
1566 5961 1625 6004 turn
1640 5949 1719 6021 quia]
1741 5950 1808 6019 quia
1824 5957 1921 6002 tamen
1938 5950 1969 6002 P.
1989 5981 2022 5991 —
2044 5953 2053 5981 ⁴
2068 5949 2217 6004 reducitur
2232 5951 2263 6004 P.
2278 5982 2310 5990 -
2326 5952 2336 5981 ⁶
2348 5950 2420 6005 iram
2436 5951 2458 6003 P
2468 5950 2501 6005 V.

1020 6073 1054 6082 -
1068 6043 1079 6073 ⁰
1091 6040 1162 6095 illud
1183 6040 1212 6093 P.
1233 6071 1266 6081 —
1288 6041 1297 6071 ²
1316 6057 1371 6093 om.
1392 6040 1423 6093 P.
1444 6070 1476 6078 --
1497 6040 1507 6068 ⁸
1527 6056 1581 6092 om.
1603 6038 1632 6092 P.
1650 6070 1682 6077 —
1703 6039 1713 6068 ⁹
1733 6037 1813 6109 quod
1832 6037 1910 6107 quia]
1931 6037 1999 6109 quia
2018 6038 2102 6109 quasi
2123 6038 2153 6091 P.
