6700 7992
1316 1356 1512 1427 Quanam
1542 1354 1845 1426 ocoounnrou,
1874 1357 1910 1425 o.
1940 1348 2022 1406 xvn
2360 1353 2412 1404 um

929 1547 1047 1601 tamen
1082 1537 1216 1602 dicatur
1248 1538 1344 1621 quod
1375 1559 1448 1602 non
1481 1550 1533 1603 est
1565 1537 1673 1601 simile
1706 1537 1750 1601 ile
1784 1536 1841 1600 illo
1873 1535 1931 1620 qui
1967 1534 2129 1598 liberatur
2164 1554 2184 1597 a
2217 1531 2410 1597 iuramento

931 1652 1097 1737 praestito
1137 1653 1234 1717 uxori
1274 1655 1438 1718 ‹lucimlo
1485 1676 1560 1717 eam
1602 1675 1681 1718 cum
1729 1652 1909 1737 pnqmsito
1952 1649 2157 1725 clirtrittemli,
2205 1649 2285 1733 qum
2329 1648 2411 1712 illuil

931 1780 1072 1853 propter
1103 1770 1199 1853 quod
1223 1768 1360 1833 dimittit
1392 1790 1467 1833 eam
1501 1785 1554 1834 est
1582 1769 1706 1833 nntius
1738 1781 1772 1832 et
1805 1766 1992 1853 perfectius
2021 1767 2115 1850 quoil
2145 1787 2215 1829 non
2241 1763 2412 1850 contingit

932 1883 964 1948 in
1002 1884 1194 1969 proposito,
1221 1925 1260 1931 -
1287 1907 1356 1949 non
1390 1887 1490 1955 valet,
1522 1886 1602 1968 quia
1634 1885 1828 1948 sccumlum
1861 1885 2005 1948 formam
2039 1905 2109 1947 nou
2136 1881 2259 1946 ‹lill'crt
2293 1879 2412 1963 Quiu¹

930 2000 959 2064 si
985 2012 1162 2085 oporteret
1192 2000 1420 2065 iuramentum
1446 2014 1480 2065 et
1518 2014 1635 2065 cotum
1668 2001 1809 2085 implere
1835 2000 2029 2064 sccunclum
2067 1999 2208 2062 uinclum
2234 2018 2305 2082 quo
2330 1996 2412 2061 illucl

931 2117 1026 2201 quod
1059 2116 1187 2181 iuratur
1223 2128 1256 2182 et
1280 2129 1425 2181 vmetur
1449 2138 1487 2182 se
1519 2119 1624 2182 habet
1657 2118 1702 2181 acl
1738 2116 1954 2202 proposituri)
1987 2114 2145 2180 vm'eutis
2178 2114 2231 2179 vcl
2268 2111 2412 2177 iurantis

930 2242 1088 2318 tempore
1113 2254 1183 2317 quo
1207 2245 1310 2298 vovet
1334 2234 1388 2297 ccl
1413 2233 1510 2312 iurat,
1535 2233 1624 2298 sicut
1649 2245 1825 2317 oporteret
1850 2233 2019 2296 iurantem
2043 2232 2174 2296 babere
2191 2229 2410 2315 propositum

931 2348 1145 2429 remanendi,
1170 2349 1261 2433 quia,
1292 2371 1371 2414 cum
1395 2349 1490 2413 vm'it
1513 2350 1582 2414 hoc
1606 2348 1788 2434 proposuit
1813 2347 1978 2432 (alioquin
2004 2347 2200 2412 irrationale
2225 2358 2257 2411 et
2283 2346 2410 2410 malum

931 2463 1054 2529 fuisset
1078 2469 1221 2546 votum),
1247 2465 1292 2529 ita
1317 2466 1420 2529 etiam
1445 2465 1478 2528 iu
1510 2465 1567 2528 illo
1599 2486 1694 2529 casu.
1728 2466 1814 2528 Nam
1851 2464 1952 2528 ctiam
1985 2463 2181 2528 irrationale
2214 2473 2247 2527 et
2282 2464 2409 2527 malum

931 2592 1026 2646 esset
1058 2580 1287 2646 iuramentum
1323 2603 1393 2665 quo
1418 2581 1495 2665 quis
1531 2581 1655 2646 iuraret
1680 2581 1781 2647 alicui
1811 2580 1943 2645 mulieri
1971 2581 2064 2664 qucul
2101 2601 2177 2643 cam
2206 2579 2350 2644 duceret
2375 2577 2409 2644 in

932 2718 1086 2776 uxorem,
1111 2697 1140 2761 si
1176 2699 1245 2762 boc
1279 2696 1428 2762 iurando
1454 2699 1596 2762 baberet
1628 2695 1846 2782 propositum
1883 2718 1958 2761 earn
1991 2695 2194 2765 dimittendi.
2228 2696 2308 2780 quia
2340 2698 2409 2761 boc.

930 2835 1002 2878 non
1028 2825 1121 2878 esset
1146 2813 1212 2877 nisi
1237 2814 1281 2877 ad
1306 2814 1509 2878 scandalum
1535 2825 1568 2877 et
1595 2813 1838 2898 deceptionem
1868 2812 2029 2877 omlieris.
2058 2850 2095 2859 —
2123 2812 2203 2877 ltem
2229 2811 2258 2875 si
2283 2811 2407 2896 aliquis

930 2928 1092 2994 vovens*
1126 2929 1326 3014 simpliciter
1357 2951 1395 2994 se
1428 2928 1629 2994 intraturum
1669 2929 1884 3013 religionem,
1922 2940 2043 3013 postca
2080 2927 2217 3009 cligitur
2252 2929 2295 2992 ad
2336 2928 2407 3012 epi·

930 3057 1114 3130 scopatum
1150 3046 1208 3129 qui
1244 3056 1297 3109 est
1322 3058 1432 3110 status
1459 3044 1654 3130 perfectior,
1680 3045 1873 3109 secundum
1908 3046 1976 3108 lroc
2008 3044 2129 3108 saltem
2163 3043 2195 3108 iu
2228 3043 2295 3109 isto
2320 3065 2405 3109 casu

929 3160 1103 3226 videretur
1126 3162 1222 3246 quod
1251 3174 1371 3245 posset
1396 3161 1521 3225 intrare
1547 3182 1625 3226 cum
1652 3160 1833 3246 proposito
1858 3159 2008 3225 exeundi
2033 3169 2069 3224 ut
2093 3159 2189 3225 fieret
2213 3159 2405 3245 episcopus

932 3289 966 3342 et
989 3289 1115 3343 cetera.

1020 3393 1056 3460 Si
1081 3415 1168 3478 ergo
1193 3393 1333 3458 ulterius
1358 3393 1513 3478 arguitur
1536 3395 1631 3477 quod
1656 3415 1719 3478 per
1743 3393 1825 3459 illud
1850 3415 1921 3459 non
1944 3392 2107 3458 liberatur
2131 3391 2254 3478 aliquis
2278 3404 2404 3470 avoto,

930 3509 1002 3593 sive
1028 3531 1089 3595 per
1114 3510 1196 3574 illud
1222 3532 1292 3574 non
1317 3509 1484 3574 satisfacit
1508 3521 1590 3574 coto
1615 3510 1710 3594 quod
1735 3532 1807 3574 non
1832 3521 1947 3596 potest
1971 3509 2097 3575 cadere
2122 3511 2187 3574 sub
2213 3520 2306 3585 voto,
2332 3509 2405 3574 sire

930 3627 1025 3710 quod
1050 3647 1121 3690 non
1153 3638 1268 3712 potest
1298 3648 1376 3691 esse
1402 3626 1544 3692 materia
1568 3626 1647 3705 voti,
1682 3627 1744 3690 secl
1777 3626 1902 3691 intrare
1934 3646 2012 3692 cum
2044 3625 2224 3711 proposito
2256 3624 2405 3691 exeundi

929 3763 1001 3807 non
1020 3741 1111 3807 cadit
1129 3743 1194 3806 sub
1212 3754 1294 3806 voto
1316 3763 1382 3807 nec
1408 3755 1461 3806 est
1489 3741 1629 3807 materia
1648 3742 1728 3821 voti,
1755 3742 1836 3827 quia
1859 3742 1910 3807 sic
1934 3764 2066 3807 vorens
2091 3741 2208 3827 potius
2233 3752 2404 3826 peccaret,

929 3878 1036 3943 quare
1053 3868 1087 3922 et
1111 3868 1236 3937 cetera,
1256 3858 1500 3924 —dicendum
1526 3859 1621 3943 quod
1646 3858 1729 3923 illud
1755 3858 1850 3942 quod
1875 3867 1927 3924 est
1951 3857 2094 3924 materia
2119 3857 2190 3923 voti
2214 3857 2405 3923 voluntarie

928 3973 1010 4038 facti
1043 3974 1147 4039 debet
1172 3996 1251 4039 esse
1276 3976 1406 4038 bonum
1432 3973 1642 4059 simpliciter,
1672 3996 1745 4038 non
1778 3975 1890 4038 solum
1917 3974 1951 4039 in
1984 3996 2078 4040 casu.
2104 3975 2175 4039 Sed
2206 3974 2301 4058 quod
2333 3995 2405 4038 non

929 4100 982 4155 est
1005 4092 1138 4155 bonum
1163 4089 1373 4176 simpliciter,
1399 4091 1462 4155 secl
1494 4090 1528 4154 in
1561 4111 1646 4155 casu
1678 4091 1770 4156 bene
1795 4090 1888 4155 cadit
1916 4092 1981 4155 sul>
2013 4103 2096 4156 voto
2124 4089 2257 4156 ratione
2286 4110 2406 4156 neces·

928 4205 1039 4270 sitatis
1075 4205 1220 4271 alicuius
1252 4207 1355 4271 facto.
1383 4205 1486 4271 Verbi
1517 4206 1629 4293 gratia
1664 4205 1699 4271 in
1731 4206 1913 4292 proposito
1947 4205 2071 4272 intrare
2108 4227 2186 4272 cum
2225 4205 2406 4292 proposito

929 4321 1080 4387 exeundi
1116 4343 1186 4386 non
1220 4334 1272 4387 est
1310 4324 1440 4386 bonum
1473 4321 1673 4406 simpliciter
1704 4323 1768 4388 sed
1799 4323 1834 4387 in
1871 4343 1965 4402 casu,
1998 4322 2027 4387 si
2058 4323 2219 4388 videlicet
2253 4344 2315 4408 per
2338 4324 2406 4388 hoc

929 4437 1034 4504 evitet
1058 4437 1135 4522 quis
1160 4438 1270 4503 maius
1288 4439 1416 4502 malum
1440 4438 1571 4503 scilieet
1595 4448 1751 4504 mortem.
1778 4439 1882 4505 Unde
1899 4438 1928 4504 si
1954 4438 2076 4524 aliquis
2101 4440 2204 4504 vellet
2228 4449 2261 4504 et
2286 4451 2407 4524 posset

929 4553 1033 4619 alium
1051 4553 1257 4634 interficere,
1275 4566 1309 4619 ct
1325 4554 1420 4619 nullo
1438 4555 1544 4618 morlo
1562 4564 1683 4639 posset
1700 4554 1776 4619 talis
1793 4555 1944 4621 evadere
1960 4554 2026 4620 nisi
2045 4555 2186 4621 intraret
2203 4554 2406 4640 religionem

928 4672 983 4736 vel
1007 4669 1221 4755 promitteret
1245 4670 1317 4735 sive
1342 4681 1484 4735 voveret
1501 4692 1539 4736 se
1556 4671 1760 4735 intraturum
1786 4670 2001 4758 religionem,
2019 4670 2048 4736 si
2072 4671 2149 4736 talis
2175 4692 2245 4735 non
2272 4672 2408 4736 babens

929 4785 1150 4872 propositum
1181 4787 1384 4851 remanendi
1424 4786 1565 4851 intraret
1601 4788 1654 4852 vel
1696 4787 1910 4871 promitteret
1951 4810 1989 4853 se
2029 4787 2232 4852 intraturum
2271 4788 2408 4852 habens

928 4902 1147 4987 propositum
1190 4902 1350 4981 exeundi,
1379 4923 1450 4966 non
1489 4923 1638 4987 peccare
1678 4902 1862 4968 videretur.
1905 4903 1975 4987 Qui
2014 4914 2130 4969 tamen
2178 4913 2341 4990 peccaret
2379 4903 2408 4969 si

929 5018 1064 5101 absque
1100 5018 1213 5102 aliqua
1253 5018 1463 5083 necessitate
1500 5020 1571 5084 hoc
1603 5019 1743 5099 faceret,
1777 5018 1866 5084 sicut
1894 5019 1954 5104 qui
1989 5019 2161 5106 proiceret
2198 5041 2334 5086 merces
2373 5020 2408 5086 in

928 5132 1014 5198 mari
1037 5146 1180 5219 propter
1204 5134 1405 5199 evasionem
1437 5125 1566 5214 mortiS,
1598 5156 1670 5199 non
1704 5135 1950 5201 malefaceret
1981 5134 2086 5200 immo
2117 5137 2230 5217 bene;
2262 5138 2325 5202 secl
2350 5137 2409 5221 qui

927 5250 997 5314 hoc
1020 5250 1150 5315 faceret
1174 5251 1308 5334 absque
1325 5249 1440 5333 aliqua
1464 5249 1684 5330 necessitate,
1710 5252 1963 5317 malefaceret.
1990 5253 2039 5317 lta
2066 5252 2169 5318 etiam
2194 5253 2252 5337 qui
2281 5263 2408 5339 sponte

927 5364 1142 5451 promitteret
1159 5366 1291 5431 mulieri
1316 5367 1412 5450 quod
1437 5388 1513 5431 eam
1539 5366 1682 5432 duceret
1697 5389 1775 5432 cum
1801 5368 1985 5453 proposito
2001 5368 2206 5450 dimittendi,
2224 5381 2408 5456 peccaret;

927 5481 992 5547 sed
1031 5479 1090 5565 qui
1132 5483 1201 5547 hoc
1236 5482 1366 5547 faceret
1406 5483 1451 5546 ob
1488 5482 1639 5566 aliquam
1680 5484 1810 5548 bonam
1843 5484 2100 5564 necessitatem,
2126 5506 2196 5550 non
2234 5498 2407 5571 peccaret.

928 5596 1028 5664 Sicut
1063 5618 1148 5683 ergo
1184 5609 1326 5684 propter
1351 5610 1479 5663 metum
1513 5601 1566 5663 vel
1589 5598 1791 5664 huiusmodi
1828 5602 1925 5684 [non]
1963 5611 2080 5686 potest
2116 5600 2193 5686 quis
2222 5600 2334 5668 iurare
2370 5623 2408 5668 se

1020 5930 1111 6002 ¹quin
1130 5932 1164 5986 V.
1184 5964 1217 5971 —
1240 5932 1353 5986 ²vovet
1373 5933 1406 5987 V.
