6700 7992
876 3604 942 3660 cod.
956 3605 983 3657 V

843 3675 893 3732 sol.
906 3679 959 3731 276
972 3676 1014 3730 Vb

1041 1456 1090 1508 196
1399 1449 1589 1509 MxGlsTRI
1620 1453 1841 1509 GODEFRIDI
1872 1453 1922 1507 DE
1951 1452 2149 1508 FONTlBUS

1038 1635 1111 1701 sive
1136 1636 1180 1700 de
1205 1634 1279 1700 eius
1310 1634 1507 1701 actualitate
1541 1646 1574 1699 et
1606 1633 1867 1719 potentialitate,
1896 1633 1929 1698 in
1968 1633 2095 1717 quibus
2133 1633 2272 1718 quidem
2301 1657 2372 1699 non
2401 1634 2513 1699 solum

1038 1750 1180 1836 speciali
1219 1749 1446 1816 illustratione
1485 1749 1623 1815 luminis
1662 1749 1745 1815 fidei
1783 1762 1816 1815 et
1863 1761 1988 1828 cetera,
2028 1750 2090 1814 sed
2138 1749 2239 1815 etiam
2287 1749 2515 1815 illustratione

1037 1866 1190 1955 generali
1231 1879 1326 1932 recta
1357 1866 1490 1932 ratione
1530 1866 1676 1931 naturali
1716 1866 1843 1932 veritas
1883 1877 1998 1951 potest
2036 1865 2152 1950 aliquo
2188 1867 2293 1931 modo
2333 1866 2514 1954 cognosci,

1039 1983 1240 2048 —multum
1269 1983 1463 2047 cavendum
1489 1993 1610 2048 estne
1642 1982 1725 2046 illud
1750 1983 1844 2066 quod
1870 1993 1922 2047 est
1947 1981 2090 2046 dubium
2121 1993 2153 2047 et
2179 1981 2278 2048 cuius
2303 1981 2513 2047 contrarium

1037 2098 1267 2163 communiter
1298 2109 1417 2163 tenent
1455 2097 1635 2183 peritiores
1667 2097 1702 2162 in
1735 2098 1871 2177 talibus,
1896 2097 1968 2162 sive
1998 2098 2066 2162 sint
2100 2098 2221 2163 fideles
2246 2097 2320 2163 sive
2345 2097 2514 2176 inlideleS,

1037 2236 1117 2280 cum
1141 2236 1214 2279 non
1238 2213 1281 2278 sit
1305 2213 1488 2278 verisimile
1513 2215 1607 2299 quod
1633 2212 1697 2298 ipsi
1723 2213 1774 2278 sic
1798 2213 1980 2279 manifeste
2005 2225 2038 2278 et
2062 2213 2270 2299 generaliter
2293 2215 2365 2278 fere
2390 2235 2513 2280 omnes

1038 2341 1247 2409 erraverunt,
1277 2342 1452 2396 asseratur
1475 2340 1637 2414 tanquam
1663 2340 1794 2394 certum
1823 2340 1856 2394 et
1885 2330 2141 2407 necessarium;
2170 2329 2258 2394 sicut
2286 2352 2306 2395 e
2330 2352 2514 2409 converso,

1039 2468 1118 2511 curn
1137 2457 1190 2511 est
1206 2446 1336 2529 aliquid
1361 2445 1582 2510 manifestum
1608 2447 1652 2510 ad
1678 2444 1854 2509 veritatem
1880 2445 1960 2510 fidei
1986 2445 2168 2530 pertinere,
2194 2458 2514 2530 quantumcumque

1038 2564 1082 2627 ab
1117 2565 1186 2628 hoc
1211 2562 1413 2627 discordent
1448 2560 1647 2646 philosophi
1679 2573 1713 2626 et
1748 2583 1866 2627 eorum
1900 2561 2037 2645 scripta,
2074 2560 2298 2626 nihilominus
2323 2561 2514 2627 certissime

1037 2691 1089 2744 est
1124 2678 1361 2743 asserendum.
1399 2678 1502 2743 Unde
1538 2677 1829 2763 Augustinuslll,
1865 2676 1977 2761 primo
2009 2699 2115 2762 super
2147 2678 2324 2755 Genesim,
2361 2676 2514 2762 capitulo

1037 2794 1206 2882 vigesimo
1231 2793 1376 2878 quinto:
1413 2794 1616 2878 plerumque
1647 2792 1774 2858 accidit
1809 2804 1845 2857 ut
1876 2793 2004 2876 aliquid
2042 2794 2086 2857 de
2122 2806 2221 2872 terra,
2253 2795 2296 2858 de
2329 2794 2437 2873 caelO,
2471 2793 2514 2858 de

1037 2909 1161 2975 ceteris
1195 2909 1297 2974 huius
1329 2908 1449 2973 mundi
1482 2908 1671 2987 elementis,
1709 2909 1752 2973 de
1789 2909 1920 2972 naturis
1950 2909 2147 2973 animalium
2179 2921 2283 2994 atque
2315 2909 2515 2973 huiusmodi

1037 3025 1170 3105 ceteris,
1197 3024 1298 3090 etiam
1323 3047 1396 3089 non
1420 3024 1628 3090 christianus
1653 3024 1698 3088 ita
1723 3023 1858 3089 noverit
1883 3036 1919 3088 ut
1947 3038 2040 3090 certa
2066 3025 2199 3089 ratione
2223 3026 2276 3090 vel
2303 3025 2514 3109 experientia

1036 3144 1105 3206 hoc
1135 3152 1261 3207 teneat.
1287 3142 1404 3226 Turpe
1436 3151 1489 3205 est
1521 3152 1579 3204 aut
1611 3140 1712 3204 nimis
1745 3161 1786 3204 ac
1810 3140 1957 3206 maxime
1989 3142 2184 3205 cavendum
2221 3152 2258 3205 ot
2289 3140 2513 3205 christianum

1037 3259 1080 3322 de
1105 3257 1158 3322 his
1189 3258 1294 3321 rebus
1330 3255 1429 3340 quasi
1465 3258 1658 3320 secundum
1695 3255 1824 3320 litteras
1860 3255 2065 3321 christianas
2097 3257 2328 3340 loquentem¹
2365 3256 2513 3321 infidelis

1036 3371 1180 3438 audiat²
1203 3372 1249 3437 ita
1281 3371 1436 3451 delirare,
1464 3383 1501 3435 ut
1526 3371 1819 3455 quemadmodum
1845 3371 1969 3436 dicitur
1997 3383 2071 3436 toto
2102 3373 2199 3436 caelo
2225 3393 2349 3450 errare,
2374 3373 2513 3456 conspi-

1036 3487 1133 3554 ciens
1157 3488 1262 3552 risum
1294 3499 1414 3553 tenere
1449 3486 1504 3551 vix
1536 3487 1656 3572 possit,
1693 3499 1726 3551 et
1759 3509 1830 3550 non
1863 3500 1931 3551 tarn
1965 3489 2147 3552 inolestum
2179 3499 2233 3551 cst
2269 3489 2362 3571 quod
2393 3510 2513 3553 errans

1036 3607 1143 3669 homo
1175 3603 1351 3669 deridetur
1380 3604 1443 3667 sed
1472 3604 1567 3687 quod
1595 3613 1756 3667 auctores
1785 3603 1894 3667 nostri
1928 3605 1971 3667 ab
2001 3604 2051 3667 eis
2087 3603 2144 3687 qui
2173 3603 2257 3675 foris
2285 3616 2366 3669 sont
2397 3607 2401 3688 1
2433 3604 2513 3669 talia

1038 3720 1192 3786 sensisse
1229 3720 1417 3785 creduntur
1455 3730 1489 3785 et
1528 3740 1606 3784 cum
1647 3740 1777 3805 magno
1817 3718 1950 3783 illorum
1991 3719 2095 3783 exitio
2135 3721 2179 3783 de
2215 3741 2362 3804 quorum
2402 3721 2513 3786 salute

1036 3835 1228 3923 satagimus
1259 3847 1423 3919 tanquam
1456 3834 1585 3900 indocti
1625 3836 1930 3919 reprehenduntur
1968 3846 2002 3900 et
2033 3847 2254 3920 respuuntur.
2291 3838 2380 3901 Cum
2420 3836 2513 3901 enim

1037 3974 1245 4037 quemquam
1286 3952 1329 4017 de
1366 3972 1510 4016 numero
1546 3949 1812 4015 christianorum
1851 3950 1885 4014 in
1925 3973 1966 4016 ea
2001 3973 2038 4015 re
2076 3973 2178 4036 quarn
2219 3951 2348 4037 optime
2386 3963 2514 4017 norunt

1037 4090 1151 4135 errare
1176 4068 1443 4153 deprehendunt
1467 4077 1500 4132 et
1528 4088 1652 4130 vanam
1677 4087 1775 4131 suam
1800 4065 1979 4131 scientiam
2005 4068 2050 4132 de
2074 4067 2201 4132 nostris
2225 4067 2320 4132 libris
2345 4089 2512 4147 asserere,
2532 4098 2535 4104 ·

1037 4205 1107 4268 quo
1131 4194 1236 4269 pacto
1260 4182 1325 4248 illis
1357 4182 1451 4247 libris
1476 4181 1628 4247 creditur
1660 4181 1750 4248 sicut
1775 4183 1818 4246 de
1843 4182 2098 4248 resurrectione
2129 4195 2353 4262 mortuorum,
2380 4186 2424 4249 de
2449 4205 2513 4268 spe

1036 4300 1126 4365 vitae
1151 4311 1323 4378 aeternae,
1349 4299 1491 4383 quando
1516 4298 1559 4362 de
1584 4297 1637 4362 his
1662 4299 1767 4362 rebus
1792 4319 1879 4381 quas
1896 4298 2097 4363 indubitatis
2116 4299 2307 4364 rationibus
2332 4299 2514 4385 percipere

1037 4426 1225 4500 potuerunt
1270 4414 1437 4480 fallaciter
1482 4423 1693 4499 putaverunt
1739 4435 1818 4479 esse
1860 4414 2109 4500 conscriptos?
2155 4416 2248 4480 Idem
2290 4427 2406 4500 potest
2445 4415 2514 4482 dici

1036 4543 1197 4618 respectu
1231 4531 1365 4596 illorum
1401 4530 1554 4595 fidelium
1590 4529 1648 4614 qui
1684 4529 1717 4593 in
1754 4529 2007 4615 philosophicis
2044 4530 2211 4610 instructi,
2248 4532 2428 4597 venientes
2469 4533 2513 4597 ad

1037 4647 1260 4736 theologiam,
1284 4647 1365 4712 talia
1389 4647 1477 4710 forte
1513 4645 1658 4710 audiunt
1694 4647 1737 4709 ab
1774 4645 1956 4730 aliquibus.
1994 4647 2036 4710 lit
2070 4647 2150 4711 ideo
2186 4648 2302 4711 subdit
2320 4651 2366 4729 (2)
2403 4648 2447 4712 de
2475 4669 2514 4712 se

1036 4764 1135 4850 ipso:
1176 4783 1325 4849 cumque
1364 4764 1408 4827 de
1448 4761 1562 4827 verbis
1601 4763 1645 4826 ad
1683 4773 1837 4826 nostram
1877 4761 2159 4827 exercitationem
2200 4763 2322 4848 positis
2363 4765 2513 4829 obscure

1036 4879 1227 4945 sententias
1252 4878 1388 4965 protuli,
1412 4899 1485 4942 non
1518 4877 1646 4962 aliquid
1671 4900 1777 4941 unum
1814 4888 1943 4942 temere
1980 4879 2153 4943 affirmans
2187 4901 2265 4944 cum
2298 4878 2513 4963 praeiudicio

1037 4995 1176 5061 alterius
1201 4993 1429 5080 expositionis
1454 4993 1601 5058 fortasse
1626 4992 1787 5058 melioris.
1806 4993 1848 5057 Et
1865 4993 1953 5057 infra
1971 4992 2140 5080 vigesimo
2159 5006 2257 5059 sexto
2274 4995 2427 5080 capitulo
2441 4998 2487 5079 (3)
2506 5017 2513 5059 ε

1036 5111 1202 5196 quicquid
1244 5109 1415 5183 homines,
1456 5108 1513 5194 qui
1554 5108 1754 5174 calumniari
1787 5108 1881 5173 libris
1919 5109 2039 5173 salutis
2079 5120 2218 5175 nostrae
2254 5111 2429 5191 affectant,
2470 5113 2514 5177 de

1036 5240 1159 5294 natura
1182 5247 1295 5292 rerum
1320 5225 1504 5292 veracibus
1537 5225 1757 5291 documentis
1793 5225 2031 5290 demonstrare
2065 5238 2260 5311 potuerunt,
2287 5228 2514 5293 ostendamus

1036 5343 1163 5411 nostris
1188 5365 1260 5409 non
1285 5364 1364 5408 esse
1388 5341 1620 5420 contrariu1n3
1646 5340 1811 5426 quicquid
1836 5352 1950 5407 autem
1976 5342 2020 5406 de
2044 5342 2255 5426 quibuslibet
2279 5343 2513 5409 voluminibus

1037 5459 1110 5526 suis
1134 5457 1326 5527 catholicae
1363 5457 1441 5523 fidei
1478 5457 1689 5523 contrarium
1725 5456 1940 5543 protulerint,
1972 5469 2031 5522 aut
2066 5457 2179 5542 aliqua
2216 5458 2317 5524 etiam
2350 5460 2514 5525 facultate

1127 5772 1303 5844 ¹loquentes
1322 5771 1356 5824 V.
1378 5802 1410 5810 -
1430 5769 1561 5824 ²audeat
1581 5769 1614 5823 V.

1125 5983 1164 6046 (l)
1194 5977 1254 6033 Cir.
1279 5974 1509 6043 Augustinus,
1538 5974 1583 6028 De
1612 5973 1722 6029 Genesi
1749 5975 1766 6028 l.
1787 5974 1807 6035 Ι,
1832 5995 1856 6031 c.
1876 5976 1953 6040 XIX,
1979 5979 2014 6030 aa
2040 5976 2082 6031 (Γ.
2104 5977 2142 6042 la,
2164 5976 2219 6032 rol.
2240 5981 2282 6039 at,
2307 5978 2361 6032 col.
2380 5981 2453 6034 aon.
2480 6009 2513 6019 -

1036 6074 1075 6139 (Pl
1089 6068 1148 6124 cfr.
1164 6067 1242 6129 ibid,
1256 6083 1281 6120 c.
1295 6066 1357 6123 ΧΧ,
1370 6068 1412 6118 to.
1427 6094 1460 6103 -
1482 6064 1520 6123 tssl
1536 6061 1596 6117 cfr.
1610 6062 1691 6131 ibid,
1705 6082 1729 6117 c.
1744 6064 1821 6132 XXI,
1833 6068 1865 6120 tl
1884 6066 1949 6127 (col.
1963 6070 2035 6121 262).
