6700 7992
1335 1411 1552 1468 SECUNDUM
1578 1365 1877 1482 QUODLIBETUM,
1905 1413 1941 1484 Q.
1969 1413 1997 1467 11
2370 1416 2400 1465 61

927 1591 1039 1675 (aliter
1063 1591 1165 1657 etiam
1190 1614 1294 1676 quam
1319 1591 1482 1657 differunt
1506 1592 1540 1656 in
1564 1594 1641 1657 Deo
1657 1591 1810 1657 essentia
1827 1604 1861 1657 et
1878 1613 1957 1657 esse
1973 1593 2086 1657 solum
2101 1591 2246 1671 ratione,
2264 1604 2406 1678 propter

927 1708 1023 1792 quod
1041 1707 1143 1773 etiam
1160 1708 1254 1772 nulla
1271 1720 1427 1773 creatura
1446 1707 1491 1771 ita
1508 1706 1632 1772 dicitur
1649 1730 1750 1773 suum
1768 1729 1846 1773 esse
1864 1707 1953 1773 sicut
1970 1707 2094 1773 dicitur
2110 1709 2155 1773 de
2176 1708 2278 1790 Deo),
2297 1709 2404 1773 multo

927 1823 1039 1910 magis
1056 1834 1109 1888 est
1126 1822 1313 1888 dicendum
1331 1823 1426 1906 quod
1451 1822 1528 1907 ipsa
1552 1823 1705 1888 essentia
1729 1835 1909 1888 creaturae
1933 1823 2070 1888 realiter
2093 1846 2166 1887 non
2191 1823 2302 1909 possit
2327 1844 2405 1889 esse

927 1938 1130 2004 indifferens
1155 1940 1199 2002 ad
1225 1959 1303 2003 esse
1338 1950 1372 2002 et
1404 1959 1475 2002 non
1507 1959 1595 2003 esse.
1629 1940 1736 2003 Immo
1769 1960 1848 2004 cum
1880 1938 2083 2024 producitur
2114 1960 2170 2003 res
2202 1939 2246 2003 ab
2278 1949 2406 2026 agente

928 2055 971 2118 de
1004 2075 1074 2118 non
1107 2074 1187 2118 esse
1219 2052 1422 2118 existentiae
1451 2053 1495 2116 ad
1524 2074 1602 2118 esse
1631 2052 1845 2133 existentiae,
1875 2053 2077 2137 producitur
2103 2053 2204 2118 etiam
2239 2053 2299 2117 in¹
2327 2074 2406 2119 esse

929 2170 1103 2236 essentiae
1118 2169 1145 2248 23
1164 2180 1197 2235 et
1214 2192 1293 2235 cum
1311 2171 1542 2256 corrumpitur
1558 2172 1602 2235 de
1619 2190 1699 2235 esse
1716 2168 1918 2234 existentiae
1942 2169 1977 2234 in
2002 2191 2075 2234 non
2099 2191 2178 2234 esse
2203 2169 2406 2235 existentiae

928 2286 1159 2371 corrumpitur
1187 2286 1289 2351 etiam
1318 2287 1363 2352 de
1392 2309 1470 2353 esse
1495 2285 1669 2351 essentiae
1695 2285 1729 2348 in
1754 2306 1825 2349 non
1851 2306 1930 2350 esse
1960 2261 2134 2351 essentiae
2149 2285 2169 2350 ³.
2199 2286 2274 2352 Nec
2303 2286 2405 2351 etiarn

927 2414 1044 2488 potest
1070 2401 1223 2467 essentia
1247 2401 1313 2467 isto
1331 2404 1437 2467 modo
1459 2403 1581 2467 eadem
1599 2401 1737 2467 realiter
1754 2401 1907 2466 existens
1924 2422 2005 2466 cum
2021 2423 2085 2467 sua
2101 2401 2310 2467 existentia⁴
2327 2424 2406 2468 esse

928 2517 1130 2583 indifferens
1148 2539 1167 2581 a
1184 2539 1250 2581 suo
1269 2538 1348 2582 esse
1364 2517 1568 2582 existentiae
1586 2517 1781 2582 secundum
1799 2515 2116 2582 considerationem
2133 2529 2167 2582 et
2184 2517 2406 2598 intellectum,

927 2634 974 2698 ita
998 2634 1092 2717 quod
1120 2632 1231 2717 possit
1254 2631 1397 2720 intelligi
1422 2633 1558 2699 realiter
1582 2633 1616 2697 id
1642 2633 1737 2716 quod
1762 2653 1818 2697 res
1843 2632 1919 2717 ipsa
1936 2643 1988 2697 est
2005 2633 2200 2698 secundum
2219 2633 2407 2698 essentiam

927 2750 982 2814 vel
999 2750 1194 2814 secundum
1213 2769 1290 2814 esse
1309 2748 1383 2814 eius
1400 2748 1574 2814 essentiae
1591 2758 1625 2814 et
1642 2769 1713 2813 non
1731 2747 1942 2833 intelligatur
1958 2747 2094 2814 realiter
2111 2748 2145 2813 id
2163 2749 2257 2832 quod
2274 2771 2329 2814 res
2354 2762 2408 2815 est

927 2866 1123 2931 secundum
1141 2863 1357 2929 existentiam
1375 2865 1427 2929 vel
1447 2864 1640 2930 secundum
1657 2863 1668 2898 ⁶
1686 2885 1764 2928 esse
1780 2862 1993 2929 existentiae.
2013 2863 2102 2929 Cum
2120 2864 2212 2929 enim
2229 2867 2318 2931 haec
2335 2886 2406 2931 non

929 2980 998 3046 sint
1014 2979 1173 3045 diversae
1190 3002 1245 3045 res
1271 2981 1334 3045 sed
1359 3000 1439 3058 una,
1465 3001 1535 3044 non
1560 2990 1677 3065 potest
1701 2978 1769 3043 dici
1794 2980 1889 3063 quod
1914 2979 2125 3067 intelligatur
2148 2980 2300 3046 essentia
2324 2980 2407 3065 quin

929 3095 1031 3162 etiam
1049 3095 1260 3182 intelligatur
1277 3116 1365 3174 esse,
1384 3116 1462 3160 esse
1479 3094 1619 3179 quidem
1636 3094 1685 3159 rei
1702 3115 1821 3159 verum
1836 3094 1848 3128 ⁰
1864 3107 1898 3159 et
1914 3095 2006 3160 reale
2023 3107 2118 3160 extra
2140 3095 2175 3159 in
2202 3095 2318 3182 seipsa
2342 3097 2408 3162 sub

928 3211 1063 3277 ratione
1087 3210 1308 3295 incomplexi,
1334 3210 1414 3276 licet
1438 3231 1510 3274 non
1534 3230 1613 3275 esse
1638 3209 1845 3274 diminutum
1870 3211 1966 3294 quod
1992 3210 2117 3275 dicitur
2141 3233 2220 3277 esse
2236 3233 2356 3278 verum
2372 3211 2406 3277 in

929 3327 1044 3392 anima
1069 3340 1102 3392 et
1125 3328 1191 3391 sub
1216 3325 1350 3390 ratione
1374 3324 1560 3410 complexi3
1579 3337 1684 3410 prout
1707 3324 1791 3390 dicit
1815 3325 2137 3408 Commentator(l)
2155 3339 2278 3410 quarto
2302 3329 2407 3393 Meta·

929 3442 1106 3528 physicae,
1124 3442 1219 3527 quod
1243 3443 1313 3506 hoc
1337 3442 1595 3526 praedicatum:
1614 3451 1677 3520 est,
1696 3461 1775 3506 curn
1803 3446 1806 3523 l
1835 3440 1960 3506 dicitur
1983 3463 2039 3507 res
2063 3441 2179 3527 aliqua
2203 3453 2265 3524 est,
2291 3455 2407 3528 potest

930 3580 1007 3624 esse
1025 3570 1059 3623 et
1075 3557 1313 3643 praedicatum
1331 3557 1516 3622 essentiale
1534 3577 1596 3641 per
1612 3557 1755 3621 modum
1772 3556 1912 3644 generis
1929 3558 1984 3622 vel
2001 3557 2217 3624 accidentale
2239 3559 2312 3625 sive
2337 3561 2381 3625 de
2396 3559 2408 3594 ⁷

930 3673 1183 3741 accidenteaEt
1200 3672 1250 3738 sic
1266 3684 1434 3757 quantum
1451 3671 1653 3759 intelligitur
1670 3673 1715 3737 de
1732 3671 1886 3737 essentia
1903 3673 1962 3751 rei,
1980 3684 2114 3738 tantum
2139 3674 2339 3762 intelligitur
2363 3678 2406 3741 de

910 3827 912 3832 ·
930 3805 1008 3855 esse
1025 3789 1135 3874 ipsius
1152 3798 1186 3853 et
1203 3809 1222 3853 e
1239 3809 1425 3867 converso
1443 3786 1524 3872 quia
1541 3797 1709 3870 quantum
1727 3786 1829 3853 etiam
1847 3789 1956 3854 habet
1970 3809 2025 3852 res
2043 3790 2087 3854 de
2104 3789 2257 3854 essentia
2273 3801 2406 3857 tantum

929 3907 1036 3970 habet
1053 3906 1096 3969 de
1114 3925 1203 3983 esse,
1222 3914 1257 3967 ut
1275 3903 1303 3968 si
1320 3904 1427 3968 habet
1444 3901 1632 3968 essentiam
1656 3902 1692 3967 in
1717 3914 1798 3969 actu
1823 3912 1857 3968 et
1880 3902 2068 3968 formaliter
2091 3904 2126 3969 in
2150 3904 2277 3991 seipsa,
2302 3908 2408 3973 habet

929 4020 1032 4086 etiam
1049 4041 1127 4085 esse
1145 4019 1179 4083 in
1204 4030 1293 4098 actu,
1320 4018 1348 4082 si
1373 4030 1488 4084 autem
1512 4020 1618 4082 habet
1642 4017 1829 4083 essentiam
1853 4017 1887 4082 in
1913 4019 2069 4103 potentia
2097 4030 2131 4085 et
2157 4020 2345 4087 virtualiter
2372 4022 2407 4087 in

929 4136 1002 4201 suis
1026 4135 1152 4214 causis,
1178 4137 1284 4199 habet
1308 4133 1411 4199 etiam
1437 4155 1515 4199 esse
1539 4132 1574 4197 in
1600 4133 1775 4218 potentia;
1800 4145 1833 4199 et
1859 4155 1878 4198 e
1903 4155 2084 4213 converso
2109 4149 2146 4201 ut
2162 4136 2191 4201 si
2208 4137 2337 4221 aliquid
2354 4148 2408 4203 est

928 4254 1035 4318 homo
1052 4250 1254 4336 simpliciter
1270 4250 1343 4315 sive
1361 4249 1396 4314 in
1413 4261 1502 4328 actu,
1521 4249 1574 4314 est
1591 4249 1694 4314 etiam
1711 4249 1912 4335 simpliciter
1928 4262 1962 4316 et
1978 4250 2013 4316 in
2030 4261 2120 4331 actu,
2138 4252 2167 4318 si
2184 4253 2219 4317 in
2240 4254 2406 4339 potentia,

928 4368 964 4433 in
988 4366 1154 4453 potentia,
1173 4388 1215 4432 eo
1241 4367 1347 4450 quod,
1365 4377 1402 4429 ut
1418 4365 1549 4430 dictum
1566 4375 1628 4444 est,
1647 4386 1726 4430 esse
1744 4376 1778 4430 et
1795 4365 1947 4431 essentia
1964 4366 2100 4432 realiter
2116 4389 2188 4433 non
2207 4368 2370 4435 differunt
2385 4368 2406 4434 ⁸.

862 4469 865 4476 ¹
929 4484 972 4549 Et
988 4483 1039 4548 sic
1056 4504 1128 4548 non
1145 4493 1261 4567 potest
1277 4480 1346 4546 dici
1363 4480 1458 4566 quod
1484 4480 1588 4546 alicui
1613 4493 1793 4546 creaturae
1818 4480 2003 4546 conveniat
2028 4503 2107 4548 esse
2131 4483 2304 4551 essentiae
2329 4484 2406 4550 sim-

929 4598 1064 4685 pliciter
1087 4610 1121 4663 et
1145 4597 1180 4662 in
1204 4609 1295 4676 actu,
1321 4607 1442 4682 utpote
1467 4597 1561 4680 quod
1586 4595 1716 4680 aliquid
1741 4595 1784 4659 sit
1807 4597 1914 4661 homo
1938 4597 1993 4662 vel
2014 4597 2140 4662 animal
2158 4598 2357 4685 simpliciter
2374 4613 2408 4666 et

928 4715 964 4779 in
981 4726 1072 4793 actu,
1090 4725 1124 4778 et
1140 4711 1420 4778 nonconveniat
1444 4711 1474 4776 ei
1500 4733 1578 4776 esse
1603 4710 1806 4776 existentiae
1831 4711 2031 4797 simpliciter
2054 4725 2088 4778 et
2111 4713 2146 4778 in
2170 4727 2260 4796 actu,
2286 4727 2407 4801 utpote

930 4831 1024 4914 quod
1042 4851 1113 4894 non
1132 4829 1176 4894 sit
1192 4829 1247 4893 vel
1263 4827 1387 4893 existat
1404 4827 1438 4891 in
1456 4838 1536 4892 actu
1554 4837 1647 4891 extra
1664 4825 1698 4890 in
1717 4847 1829 4891 rerum
1848 4839 1980 4892 natura.

1019 4945 1214 5030 Loquendo
1245 4946 1249 5027 l
1279 4944 1323 5008 de
1351 4942 1405 5007 his
1434 4964 1580 5028 quorum
1609 4941 1761 5006 essentia
1785 4942 1841 5006 vel
1864 4953 1987 5008 natura
2014 4965 2085 5008 non
2111 4945 2270 5011 consistit
2293 4948 2405 5013 solum

929 5061 963 5126 in
983 5060 995 5095 ⁹
1018 5060 1162 5148 intelligi
1179 5062 1232 5125 vel
1250 5059 1284 5123 in
1302 5081 1380 5124 esse
1401 5057 1554 5146 cognito,
1572 5069 1606 5123 et
1623 5058 1717 5142 quod
1742 5078 1813 5122 non
1839 5060 1968 5124 habent
1993 5081 2072 5125 esse
2097 5060 2162 5125 nisi
2179 5060 2214 5125 in
2231 5062 2405 5130 intellectu

917 5177 984 5242 ¹vel
1012 5176 1113 5242 etiarn
1141 5175 1177 5240 in
1205 5174 1419 5262 cognitione,
1447 5174 1511 5238 sed
1543 5173 1644 5239 etiam
1678 5172 1713 5237 in
1734 5173 1869 5258 seipsis
1901 5173 1936 5238 in
1953 5174 1978 5209 ¹⁰
2004 5198 2041 5240 re
2073 5187 2178 5256 extra,
2207 5199 2325 5244 verum
2355 5194 2407 5246 est

930 5291 1069 5377 quidem
1088 5291 1110 5326 ¹¹
1136 5292 1231 5375 quod
1256 5289 1409 5356 essentia
1433 5289 1481 5354 rei
1506 5287 1686 5373 potissime
1714 5288 1899 5353 materialis
1927 5290 2080 5356 existens
2108 5291 2143 5356 in
2171 5304 2250 5358 actu
2279 5295 2406 5380 duplex

1021 5605 1028 5634 ¹
1043 5602 1087 5654 bis
1101 5603 1133 5655 V.
1148 5634 1180 5640 —
1195 5602 1205 5633 ¹
1218 5600 1392 5656 existentiae
1405 5601 1436 5653 P.
1450 5600 1505 5639 -⁸
1520 5597 1715 5670 corrumpitur
1728 5598 1816 5653 etiam
1830 5630 1863 5638 —
1877 5600 2033 5671 essentiae]
2048 5619 2103 5656 om.
2117 5603 2147 5656 P.
2162 5634 2195 5642 -
2210 5607 2220 5636 ⁴
2233 5606 2361 5660 essentia
2375 5606 2405 5660 P.

930 5722 963 5729 —
978 5689 1061 5743 leius
1074 5690 1143 5743 odd.
1154 5689 1185 5743 P.
1197 5720 1230 5728 -
1243 5690 1319 5742 ⁶om.
1331 5689 1361 5742 P.
1373 5720 1406 5726 —
1421 5690 1495 5740 ²om.
1510 5687 1540 5741 P.
1552 5719 1585 5725 -
1597 5690 1606 5717 ⁸
1616 5685 1734 5740 realiter
1746 5704 1804 5742 non
1818 5687 1966 5757 differunt]
1980 5704 2039 5742 non
2052 5688 2191 5744 differunt
2205 5691 2323 5746 realiter
2332 5693 2363 5746 P.
2372 5725 2406 5732 —

930 5777 1101 5830 οοηι.Ρ.-
1118 5777 1181 5830 ¹⁰et
1200 5767 1427 5830 P.-'¹¹0m.P.

1018 6017 1057 6082 (l)
1073 6012 1131 6068 Cfr.
1146 6012 1318 6067 Averrois
1332 6012 1543 6083 Metaphysica,
1556 6012 1573 6064 l.
1590 6011 1637 6078 lV,
1652 6030 1676 6065 c.
1693 6016 1705 6066 l
1720 6010 1872 6079 (VenetiiS,
1886 6014 1964 6078 1552,
1979 6011 2028 6065 sol.
2043 6015 2075 6067 31
2091 6019 2155 6085 sq.).

2463 4940 2528 4996 cod.
2540 4941 2563 4994 P

2433 5011 2483 5067 fol.
2495 5015 2544 5066 141
2556 5011 2597 5064 Va
