6700 7992
1348 1398 1523 1452 TERTIUM
1552 1398 1852 1467 QL'ODLlBE'lUbf,
1881 1398 1917 1467 Q.
1946 1398 1986 1451 IV
2179 1353 2181 1356 Ι
2355 1402 2403 1450 311

927 1578 1053 1648 sophum
1072 1580 1111 1643 (1)
1138 1575 1233 1648 primo
1260 1576 1296 1630 de
1322 1575 1533 1641 Generatione,
1553 1575 1660 1646 duplex
1681 1584 1726 1630 est
1746 1575 1908 1647 generati0,
1929 1575 2043 1630 scilicet
2065 1576 2217 1647 generatio
2237 1574 2409 1647 simpliciter

930 1688 1007 1744 quae
1036 1671 1208 1725 terminatur
1237 1672 1274 1725 ad
1304 1671 1508 1737 substantiam,
1536 1679 1567 1724 et
1595 1671 1748 1741 generatio
1779 1671 1940 1726 secundum
1968 1671 2039 1743 quid
2068 1689 2143 1742 quae
2173 1670 2343 1725 terminatur
2371 1671 2409 1724 ad

928 1767 1077 1822 accidens
1106 1767 1166 1821 Sed
1195 1767 1289 1822 omnis
1317 1769 1471 1835 generatio
1496 1768 1669 1821 terminatur
1694 1767 1732 1820 ad
1758 1766 1878 1838 aliquod
1903 1784 1978 1822 esse.
2001 1768 2080 1839 Ergo
2104 1777 2222 1839 praeter
2244 1766 2409 1837 essequod

927 1863 1119 1934 consequitur
1150 1864 1272 1917 formam
1305 1864 1528 1917 substantialem
1561 1873 1679 1933 oportet
1710 1880 1821 1934 ponere
1856 1863 1935 1918 aliud
1966 1881 2033 1918 esse
2067 1863 2147 1934 quod
2181 1863 2408 1933 consequatur¹

927 1957 1053 2014 formam
1087 1962 1091 2029 l
1126 1959 1339 2013 accidentalem
1359 1961 1377 2013 ¹.
1407 1991 1440 1997 -
1469 1958 1568 2012 Tertia
1597 1958 1664 2012 talis
1692 1967 1746 2012 est.
1776 1959 1848 2013 Esse
1877 1967 1922 2013 est
1953 1969 2036 2013 actus
2068 1960 2216 2013 essentiae
2246 1957 2409 2011 formaliter

927 2054 1085 2126 perficiens
1105 2072 1178 2109 earn.
1201 2055 1261 2108 Sed
1284 2055 1445 2110 secundum
1470 2072 1621 2108 numerum
1642 2053 1870 2125 perfectibilium
1894 2064 2011 2127 oportet
2034 2073 2145 2126 ponere
2168 2072 2319 2108 numerum
2343 2071 2410 2125 pro·

928 2151 1088 2222 priarum³
1115 2150 1339 2222 perfectionum.
1369 2151 1448 2218 Ergo
1478 2159 1548 2221 quot
1577 2157 1645 2204 sunt
1672 2149 1787 2204 formae
1812 2149 1841 2204 in
1867 2150 1982 2216 eodem,
2002 2160 2044 2204 tot
2067 2159 2185 2221 oportet
2207 2166 2317 2220 ponere
2343 2165 2410 2203 esse

928 2246 1113 2318 perficientia
1142 2247 1241 2317 ipsas;
1270 2247 1398 2317 alioquin
1427 2246 1482 2301 nisi
1510 2263 1707 2318 unaquaeque
1726 2246 1918 2317 perficeretur
1940 2263 1994 2299 suo
2017 2264 2092 2312 esse,
2111 2264 2169 2299 non
2189 2246 2356 2299 existerent.
2376 2276 2410 2284 -·

929 2339 1043 2412 Quarta
1075 2342 1141 2396 talis
1172 2350 1225 2398 est.
1257 2342 1548 2396 Transsubstantiata
1579 2341 1744 2396 substantia
1776 2341 1870 2413 panis,
1902 2350 2021 2395 manent
2049 2342 2213 2396 accidentia
2242 2349 2271 2394 et
2302 2341 2411 2394 babent

928 2453 1004 2492 esse.
1025 2438 1085 2492 Sed
1104 2456 1162 2492 non
1181 2446 1281 2508 potest
1301 2437 1358 2493 dici
1379 2439 1457 2508 quod
1478 2446 1546 2492 tunc
1567 2438 1716 2507 quantitas
1729 2441 1739 2469 ⁴
1753 2455 1819 2492 cum
1833 2437 1898 2491 aliis
1912 2438 2114 2491 accidentibus
2128 2438 2235 2491 habeat
2253 2454 2328 2504 esse,
2343 2435 2411 2507 quia

929 2533 1023 2588 estin
1043 2534 1187 2589 existente
1207 2535 1364 2595 substratu,
1379 2552 1444 2588 cum
1465 2534 1520 2588 hoc
1541 2535 1578 2587 sit
1597 2534 1763 2587 substantia
1783 2550 1858 2604 quae
1878 2551 1936 2586 non
1956 2543 2062 2588 manet.
2079 2534 2156 2602 Ergo
2177 2541 2295 2605 oportet
2312 2532 2411 2586 dicere

929 2630 1009 2701 quod
1038 2637 1107 2684 tunc
1133 2630 1281 2701 quantitas
1308 2631 1416 2684 habeat
1445 2647 1511 2682 esse
1534 2648 1587 2701 per
1609 2637 1707 2683 actum
1731 2629 1849 2683 essendi
1873 2629 2035 2683 formaliter
2058 2629 2258 2700 perficientem
2284 2629 2376 2701 ipsam
2391 2627 2411 2679 ⁵.

929 2726 1009 2797 Ergo
1038 2735 1068 2780 et
1096 2726 1254 2780 similiter¹
1281 2727 1409 2779 habebat
1437 2726 1526 2779 talem
1555 2734 1651 2779 actum
1674 2725 1792 2779 essendi
1816 2744 1881 2779 cum
1905 2734 1984 2779 esset
2006 2725 2035 2778 in
2058 2725 2201 2779 subiecto.
2223 2725 2306 2778 -Si
2329 2727 2412 2784 dicas

929 2820 1011 2892 quod
1039 2840 1105 2888 non,
1134 2823 1202 2893 quia
1231 2822 1311 2893 prius
1339 2830 1403 2875 erat
1431 2829 1541 2875 tanturn
1571 2838 1624 2892 per
1652 2838 1719 2875 esse
1747 2821 1929 2875 substantiae
1952 2830 1981 2874 et
2004 2829 2109 2891 postea
2133 2821 2222 2874 babet
2244 2838 2310 2875 esse
2331 2822 2411 2877 aliud

930 2916 1011 2988 quod
1031 2934 1096 2980 eam
1116 2917 1278 2971 formaliter
1298 2917 1422 2990 perficit,
1443 2934 1501 2971 non
1526 2917 1622 2985 valet;
1651 2916 1720 2988 quia
1740 2925 1851 2970 mutato
1874 2934 1940 2970 esse
1959 2917 2128 2971 necessario
2151 2926 2279 2971 mutatur
2298 2935 2345 2972 res
2364 2920 2411 2973 vel

929 3013 1092 3067 secundum
1120 3013 1250 3084 speciem
1279 3016 1326 3067 vel
1356 3012 1516 3068 secundum
1545 3030 1707 3080 numerum,
1726 3021 1756 3066 et
1775 3012 1817 3066 sic
1840 3030 1897 3066 non
1920 3021 2052 3067 maneret
2075 3013 2152 3068 idem
2173 3012 2312 3067 accidens
2331 3015 2410 3084 quod

929 3116 976 3163 est
995 3108 1215 3163 inconveniens

1019 3205 1055 3258 Et
1084 3205 1151 3258 ideo
1180 3205 1264 3259 aliter
1280 3214 1336 3278 ⁴est
1365 3205 1531 3271 dicendum,
1559 3204 1673 3258 scilicet
1703 3204 1782 3275 quod
1805 3205 1834 3257 in
1857 3204 1987 3258 eodem¹
2009 3222 2068 3258 non
2091 3214 2135 3258 est
2157 3205 2212 3258 nisi
2233 3222 2320 3259 unum
2346 3223 2412 3260 esse

928 3299 1101 3371 simpliciter
1124 3302 1203 3371 quod
1226 3310 1271 3355 est
1293 3319 1359 3354 esse
1382 3300 1575 3354 substantiale
1598 3311 1626 3354 et
1650 3300 1730 3370 quod
1754 3310 1876 3353 vocatur
1898 3317 1963 3353 esse
1987 3300 2203 3367 subsistentiae,
2222 3300 2277 3354 sed
2296 3311 2413 3371 praeter

928 3395 987 3450 hoc
1014 3414 1079 3450 esse
1107 3405 1174 3450 sunt
1203 3398 1286 3467 plura
1315 3414 1381 3450 esse
1410 3396 1571 3450 secundum
1595 3395 1674 3466 quid,
1694 3404 1723 3449 et
1742 3403 1786 3449 tot
1806 3403 1877 3466 quot
1898 3404 1965 3449 sunt
1985 3395 2024 3448 ibi
2045 3394 2157 3450 formae
2181 3395 2380 3450 accidentales
2394 3399 2412 3449 ¹.

928 3491 967 3545 Et
992 3492 1060 3563 quia
1075 3493 1181 3546 omnia
1212 3492 1294 3546 alia¹
1316 3493 1475 3546 innituntur
1500 3492 1557 3563 ipsi
1575 3493 1594 3523 ¹⁰
1618 3509 1684 3545 esse
1706 3491 1879 3562 simpliciter
1901 3491 1964 3546 sive
1987 3491 2150 3564 accipiatur
2171 3508 2238 3546 esse
2266 3492 2412 3546 essentiae

929 3586 993 3642 sive
1023 3605 1089 3642 esse
1118 3588 1302 3655 existentiae,
1327 3588 1394 3641 ideo
1422 3587 1495 3641 illud
1525 3604 1591 3641 esse
1619 3587 1793 3658 simpliciter
1818 3596 1863 3641 est
1888 3586 1986 3658 aliquo
2012 3587 2101 3642 modo
2127 3605 2194 3643 esse
2220 3588 2358 3651 omnium,
2383 3595 2412 3641 et

929 3691 1070 3754 quantum
1099 3684 1137 3736 ad
1165 3685 1220 3739 boc
1250 3685 1385 3738 dicuntur
1414 3683 1511 3736 omnia
1540 3683 1695 3737 existentia
1724 3683 1752 3736 in
1782 3701 1840 3737 uno
1869 3701 1934 3737 esse
1958 3700 2044 3737 unum
2068 3683 2229 3738 secundum
2256 3700 2321 3738 esse
2347 3684 2376 3737 in
2393 3687 2411 3715 ¹¹

929 3787 1070 3850 quantum
1091 3782 1128 3833 ab
1148 3798 1215 3834 esse
1234 3780 1286 3833 tali
1306 3779 1403 3833 omnia
1423 3779 1609 3850 dependent,
1628 3788 1658 3832 et
1678 3780 1753 3833 sicut
1772 3797 1839 3833 esse
1859 3780 1896 3833 ab
1916 3797 1991 3845 esse,
2009 3778 2049 3834 ita
2067 3780 2197 3834 essentia
2217 3780 2255 3833 ab
2275 3779 2411 3833 essentia.

929 3875 966 3928 Et
995 3892 1030 3928 ex
1060 3877 1116 3929 ista
1148 3876 1346 3947 dependentia
1375 3875 1521 3929 invenitur
1550 3874 1688 3946 analogia
1717 3876 1745 3928 in
1774 3875 1898 3941 entibus,
1920 3893 1979 3928 non
1999 3884 2097 3929 autem
2117 3883 2239 3948 propter
2256 3876 2313 3928 hoc
2333 3875 2412 3946 quod

928 3987 987 4024 non
1016 3970 1053 4024 sit
1082 3979 1193 4024 tantum
1223 3971 1277 4024 nisi
1306 3990 1380 4025 unus
1410 3981 1493 4025 actus
1521 3970 1639 4025 essendi
1673 3970 1924 4042 qualitercumque
1954 3971 1981 4024 in
2011 3971 2124 4024 eodem.
2154 3971 2191 4024 Et
2218 3970 2287 4024 ideo
2316 3971 2412 4024 anima

928 4075 1066 4139 separata
1087 4085 1144 4120 non
1164 4069 1270 4120 retinet
1290 4085 1406 4121 omnem
1423 4069 1443 4099 ¹¹
1463 4076 1559 4121 actum
1574 4067 1691 4121 essendi
1713 4067 1762 4138 qui
1782 4066 1892 4121 eratin
1912 4067 2030 4119 bomine
2051 4066 2134 4120 cuius
2154 4081 2217 4120 erat
2237 4068 2339 4130 tonna,
2358 4066 2411 4120 sed

928 4168 1041 4215 tantum
1070 4180 1136 4216 esse
1165 4164 1280 4216 actuale
1309 4163 1501 4216 substantiale
1525 4171 1554 4218 et
1576 4180 1642 4216 esse
1666 4163 1860 4216 accidentalia
1886 4161 1999 4215 illorum
2025 4161 2222 4216 accidentium
2247 4179 2323 4233 quae
2345 4169 2413 4215 sunt

929 4257 1021 4311 solius
1041 4259 1154 4311 animae
1176 4267 1204 4312 et
1222 4276 1282 4312 non
1302 4259 1459 4312 coniuncti.
1480 4260 1515 4312 Et
1535 4276 1588 4329 per
1607 4259 1662 4312 hoc
1684 4268 1766 4330 patet
1786 4258 1823 4311 ad
1843 4257 1985 4311 rationem
2006 4258 2185 4329 opponentis
2200 4259 2227 4312 ¹⁸.

1020 4354 1067 4407 Ad
1087 4354 1212 4425 primum
1233 4371 1304 4425 ergo
1325 4354 1404 4425 quod
1424 4354 1463 4407 illi
1484 4353 1520 4408 de
1541 4353 1597 4407 alia
1620 4354 1759 4425 opinione
1782 4353 1931 4419 inducunt,
1954 4353 2111 4407 dicendum
2135 4354 2215 4425 quod
2237 4353 2307 4407 illud
2327 4371 2412 4424 argu·

923 4457 1059 4507 ,mentum
1080 4467 1139 4503 non
1160 4450 1318 4515 concludit,
1337 4449 1391 4503 nisi
1413 4449 1492 4521 quod
1511 4449 1540 4503 in
1560 4449 1664 4504 eodem
1686 4467 1743 4503 non
1763 4450 1800 4503 sit
1821 4450 1875 4503 nisi
1896 4468 1984 4503 unum
2008 4466 2074 4502 esse
2094 4450 2210 4503 actuale
2233 4449 2412 4521 simpliciter,

928 4563 988 4600 non
1008 4554 1105 4599 autern
1126 4546 1275 4599 concludit
1295 4545 1363 4616 quin
1384 4563 1450 4600 cum
1470 4546 1520 4599 tali
1534 4563 1600 4600 esse
1615 4545 1672 4600 sint
1693 4546 1783 4599 multa
1804 4564 1870 4598 esse
1889 4545 2050 4599 secundum
2071 4545 2150 4616 quid,
2171 4562 2245 4617 quae
2265 4554 2332 4599 sunt
2345 4562 2412 4599 esse

929 4641 1133 4707 accidentalia,
1162 4644 1230 4712 quia
1256 4642 1327 4696 illud
1352 4659 1418 4695 esse
1441 4641 1613 4713 simpliciter
1635 4650 1680 4695 est
1709 4642 1788 4712 quod
1817 4642 2008 4712 consequitur
2030 4639 2153 4695 formam
2179 4640 2410 4695 substantialem.

929 4769 962 4778 -
986 4736 1034 4790 Ad
1052 4738 1214 4791 secundum
1233 4746 1315 4808 patet
1334 4755 1370 4791 ex
1393 4737 1480 4791 dictis
1494 4741 1521 4804 ¹⁴,
1547 4740 1551 4805 l
1578 4738 1645 4807 quia
1665 4746 1828 4808 quaesunt
1852 4736 1879 4789 in
1899 4753 1958 4789 uno
1981 4736 2116 4790 dicuntur
2138 4754 2226 4791 unum
2249 4736 2409 4790 secundum

928 4849 1004 4900 esse,
1018 4832 1047 4885 in
1066 4841 1206 4904 quantum
1226 4850 1292 4886 esse
1311 4833 1483 4903 simpliciter
1496 4841 1541 4886 est
1554 4832 1774 4903 quodammodo
1793 4849 1859 4886 esse
1879 4833 2008 4885 omnium
2029 4831 2150 4887 aliorum
2170 4831 2197 4886 ei
2217 4831 2410 4887 innitentium.

929 4959 963 4969 —
983 4927 1031 4981 Ad
1050 4928 1168 4982 tertium
1188 4927 1320 4981 similiter
1342 4936 1432 4999 patet,
1452 4928 1520 4999 quia
1535 4930 1557 4960 ¹¹⁵
1578 4928 1743 4983 accidentia
1766 4946 1824 4981 non
1848 4929 1983 4981 dicuntur
2002 4944 2069 4982 esse
2087 4927 2143 4981 nisi
2162 4927 2230 5001 quia
2250 4938 2317 4982 sunt
2336 4929 2412 4983 entis

927 5033 1052 5095 propter
1070 5025 1127 5077 hoc
1153 5024 1231 5094 quod
1257 5042 1341 5077 suum
1366 5024 1516 5094 proprium
1539 5041 1605 5078 esse
1627 5042 1686 5078 non
1709 5032 1832 5095 possunt
1853 5025 1964 5078 habere
1985 5022 2040 5077 nisi
2064 5033 2095 5077 ut
2117 5023 2245 5077 innixum
2268 5023 2324 5095 ipsi
2347 5042 2413 5079 esse

928 5119 1101 5192 simpliciter
1115 5120 1194 5190 quod
1209 5129 1254 5173 est
1268 5137 1332 5173 esse
1347 5120 1547 5173 substantiale.
1568 5152 1601 5158 --
1615 5120 1662 5173 Ad
1681 5129 1814 5191 quartum
1835 5120 1993 5173 dicendum
2014 5120 2093 5190 quod
2112 5119 2188 5174 sicut
2207 5138 2264 5173 una
2284 5121 2413 5174 essentia

1276 5414 1282 5426 o

1280 5452 1290 5465 ἰ

1022 5417 1028 5445 ¹
1049 5415 1237 5484 consequitur
1259 5417 1271 5467 (
1312 5445 1344 5452 —
1366 5414 1376 5444 ²
1395 5432 1466 5484 ergo
1487 5423 1514 5467 et
1530 5423 1628 5467 cetera
1648 5415 1717 5467 add.
1738 5415 1770 5467 C.
1791 5446 1825 5453 -
1845 5415 1856 5444 ³
1874 5433 1930 5467 om.
1946 5415 1978 5468 C.
2000 5445 2033 5453 —
2050 5417 2056 5445 ¹
2071 5432 2126 5467 om.
2147 5413 2180 5469 C.
2194 5445 2226 5452 —
2248 5415 2365 5484 ⁵ipsum
2381 5414 2412 5468 P.

928 5541 963 5551 —
983 5512 994 5541 ¹
1013 5511 1041 5581 ip
1061 5504 1130 5564 beat
1150 5512 1217 5563 add.
1241 5515 1269 5562 et
1286 5516 1411 5580 uxpunx.
1433 5511 1465 5563 tf.
1486 5541 1520 5549 —
1541 5511 1549 5540 ¹
1569 5509 1705 5563 subiecto
1724 5511 1793 5562 rull.
1817 5509 1849 5563 C.
1871 5542 1903 5549 —
1927 5509 1996 5562 ¹¹ibi
2017 5542 2049 5549 —
2070 5509 2279 5578 accidentales]
2299 5509 2412 5564 formae

929 5598 1129 5651 accidentales
1150 5598 1189 5650 ibi
1205 5599 1236 5651 C.
1259 5629 1289 5635 --
1312 5601 1321 5627 ¹
1341 5616 1406 5649 esse
1426 5599 1494 5650 add.
1516 5598 1548 5650 (f.
1571 5629 1601 5635 -
1620 5600 1639 5628 ¹⁰
1654 5598 1717 5668 ipsa
1733 5599 1763 5649 iu
1779 5597 1833 5668 ipsi
1848 5616 1925 5651 corr.
1940 5598 1973 5651 C.
1987 5629 2020 5637 —
2037 5600 2056 5629 ¹¹
2071 5615 2126 5652 om,
2140 5597 2178 5664 S;
2192 5599 2260 5650 add.
2276 5611 2310 5650 aa
2329 5616 2367 5651 m.
2382 5600 2412 5652 S.

929 5716 963 5725 —
980 5686 1000 5717 ¹¹
1013 5703 1100 5738 unurn
1117 5685 1148 5739 tl.
1164 5718 1196 5724 —
1215 5687 1237 5757 ¹³·
1247 5686 1454 5755 respondentis
1468 5686 1491 5737 t?
1495 5727 1500 5737 .
1519 5718 1548 5722 ψ
1568 5689 1586 5716 ¹⁴
1601 5704 1635 5738 ex
1652 5685 1749 5753 dictis]
1764 5704 1818 5738 om.
1834 5686 1866 5738 C.
1881 5717 1913 5725 —
1931 5688 1951 5716 ¹⁵
1964 5685 2097 5739 similiter
2111 5718 2143 5725 —
2158 5686 2236 5756 quia]
2255 5685 2412 5740 dicendum

929 5773 1009 5845 quod
1030 5773 1062 5827 C.

1018 5998 1138 6069 (ller.
1158 6019 1185 6070 p.
1209 6004 1267 6065 loa,
1286 6018 1313 6052 n.
1336 6004 1384 6066 (1).

2470 4723 2535 4777 cod.
2549 4724 2570 4776 S

2444 4795 2493 4848 fol.
2507 4798 2543 4849 44
2556 4795 2600 4848 Vb
