6700 7992
1110 1470 1306 1545 Quaerunt
1335 1470 1633 1545 Quoomssaruu,
1662 1470 1797 1546 Q.x111
2140 1471 2192 1526 275

711 1654 873 1741 litigiosa,
900 1654 1015 1738 etqui
1040 1676 1117 1719 earn
1142 1656 1244 1719 talem
1281 1664 1456 1740 reputaret
1487 1653 1521 1718 in
1546 1656 1615 1719 hoc
1640 1655 1775 1734 stultus
1808 1675 1879 1718 non
1916 1654 2082 1740 magister
2109 1675 2191 1718 vere

713 1780 815 1834 esset.
854 1768 1089 1851 Quaestiones
1126 1768 1217 1833 enirn
1252 1767 1424 1855 litigiosae
1459 1780 1540 1833 sunt
1576 1790 1665 1853 quae
1706 1778 1787 1833 sunt
1826 1768 1951 1833 stultae
1984 1778 2017 1833 et
2052 1768 2192 1833 inutiles

713 1894 747 1947 et
771 1881 847 1947 sine
871 1881 1056 1967 disciplina
1080 1882 1222 1958 t‘Glossa
1251 1886 1323 1964 (l):
1361 1882 1546 1965 inquibus
1583 1904 1654 1946 non
1691 1893 1744 1947 est
1779 1894 1970 1967 proventus
1999 1882 2192 1964 scientiae),

713 2008 750 2060 ut
785 1995 910 2061 dicitur
948 1997 1105 2060 secunda
1141 1996 1185 2059 ad
1219 1995 1440 2061 Timotheum
1469 1999 1526 2078 (2),
1562 1998 1747 2075 secundo;
1783 1996 1864 2080 quia
1900 1997 1986 2061 tales
2021 2007 2192 2081 generant

713 2108 800 2189 lites,
826 2132 898 2175 non
931 2109 1221 2189 aedificationem,
1247 2122 1282 2174 ut
1308 2110 1353 2174 ihi
1379 2109 1502 2174 dicitur
1519 2114 1587 2192 (3);
1612 2131 1750 2175 servum
1775 2121 1890 2175 autern
1917 2110 2085 2174 Domini¹
2120 2131 2191 2174 non

712 2234 850 2308 oportet
885 2223 1029 2309 litigare,
1066 2224 1100 2287 id
1133 2234 1186 2288 est
1213 2235 1351 2307 ternpus
1379 2223 1495 2287 litibus
1525 2224 1734 2307 expendere,
1765 2237 1801 2287 ut
1834 2222 1879 2287 ihi
1912 2222 2014 2288 etiarn
2047 2222 2191 2301 dicitur;

712 2336 779 2401 Titi
796 2336 896 2402 tertio
914 2340 980 2419 (llz
1007 2337 1126 2401 stultas
1152 2337 1376 2421 quaestiones
1402 2337 1517 2401 devita
1542 2336 1706 2410 tt‘llossa:
1732 2337 1790 2401 uhi
1809 2358 1875 2402 nec
1899 2338 1992 2401 salus
2018 2359 2084 2401 nec
2102 2337 2192 2401 utilis

713 2450 859 2516 scientia
884 2461 960 2526 est).

801 2564 967 2630 Secundo
1007 2576 1122 2629 autern
1159 2566 1264 2629 modo
1293 2564 1480 2651 litigiosam
1517 2564 1758 2648 quaestionem
1800 2586 1964 2629 recusare
2003 2564 2191 2649 aliquando

712 2690 745 2742 et
770 2677 804 2742 in
834 2678 949 2762 aliquo
975 2700 1059 2742 casu
1084 2690 1200 2763 potest
1225 2678 1398 2766 magister.
1428 2679 1516 2743 Cum
1543 2679 1633 2743 enirn
1652 2678 1777 2742 veritas
1804 2679 1927 2742 odiosa
1952 2678 1995 2742 sit
2018 2678 2191 2762 aliquibus

669 2798 670 2802 ’
712 2792 923 2856 habentibus
956 2792 1147 2877 appetitum
1173 2804 1385 2877 corruptum,
1411 2792 1501 2856 sicut
1537 2793 1647 2856 oculis
1681 2792 1795 2879 aegris
1826 2793 2019 2856 secundum
2053 2793 2192 2878 Augus·

711 2904 819 2969 tinum
845 2905 968 2970 odiosa
1004 2918 1056 2971 est
1087 2907 1155 2985 lux,
1188 2907 1351 2990 eoquod
1377 2928 1455 2971 curn
1483 2906 1596 2989 aliqua
1622 2906 1795 2990 scriptura
1820 2905 2004 2990 exponitur
2029 2905 2110 2970 vitia
2134 2904 2191 2969 ali·

711 3041 857 3103 quormn
875 3020 1140 3085 manifestantur
1164 3023 1218 3085 vel
1236 3021 1279 3084 ab
1305 3022 1529 3104 assequendo
1554 3022 1649 3085 hono
1676 3021 1793 3104 aliquo
1819 3020 1890 3084 utili
1915 3021 1969 3084 vel
1995 3020 2190 3084 delectabili

711 3133 805 3217 quod
830 3134 994 3198 affectant
1019 3134 1263 3218 impediuntur,
1282 3174 1322 3179 —
1341 3155 1448 3198 sanae
1466 3133 1677 3218 expositioni
1702 3134 1867 3198 resistunt
1884 3147 1917 3197 et
1937 3117 2190 3212 contradicunt,

712 3257 746 3311 et
769 3248 903 3331 absque
928 3247 1062 3312 ratione
1087 3248 1297 3312 contrarium
1328 3250 1458 3312 docent
1482 3249 1535 3311 rel
1568 3247 1783 3332 praedicant,
1809 3257 1842 3311 et
1867 3257 1988 3312 contra
2012 3247 2191 3313 veritatem

712 3360 880 3425 docentes
905 3360 1090 3447 insurgunt
1107 3373 1141 3425 et
1165 3383 1203 3425 se
1228 3373 1421 3446 opponunt.
1447 3362 1490 3425 Et
1514 3363 1582 3426 hoc
1607 3361 1740 3425 utinam
1766 3362 1872 3426 modo
1904 3383 1976 3425 non
2009 3361 2192 3447 contingat

711 3484 745 3538 et
769 3473 952 3558 impleatur
975 3474 1058 3538 illud
1083 3475 1262 3540 secundae
1286 3476 1331 3539 nd
1354 3475 1574 3539 Timotheum
1600 3479 1658 3558 (ὁ),
1684 3485 1836 3558 quarto:
1862 3474 1926 3539 erit
1949 3484 2087 3559 tempus
2111 3495 2190 3539 curn

711 3608 832 3652 sanam
858 3588 1051 3652 doctrinam
1086 3611 1158 3654 non
1191 3588 1423 3666 sustinehunt,
1449 3590 1512 3653 sed
1549 3590 1593 3652 ad
1624 3610 1689 3652 sua
1724 3588 1897 3653 desideria
1933 3590 2192 3654 coacervabunt

710 3700 775 3765 sibi
793 3702 979 3787 magistros
996 3702 1192 3787 prurientes
1210 3702 1352 3767 auribus
1373 3703 1517 3777 (Glossa
1530 3706 1587 3785 (tt),
1606 3702 1799 3767 secundum
1819 3701 1991 3767 desideria
2005 3711 2038 3767 et
2051 3711 2190 3767 cetera:
2230 3723 2232 3727 ·

710 3814 768 3899 qui
793 3836 834 3879 ea
859 3817 1010 3881 doceant
1035 3838 1125 3900 quae
1148 3818 1279 3881 volunt.
1305 3816 1493 3902 Prophetia
1525 3830 1574 3882 est
1609 3816 1722 3881 sancti
1746 3815 1896 3900 apostoli
1929 3815 1986 3899 qui
2011 3814 2191 3901 praescius

711 3929 903 3994 futurorum
935 3929 970 3993 in
1007 3930 1166 3995 doctrina
1196 3930 1375 4016 praecepit
1411 3951 1489 3994 esse
1526 3929 1726 3994 instandum
1763 3941 1799 3994 ut
1834 3939 1955 3995 contra
1991 3931 2061 3995 hoc
2096 3930 2191 4013 quod

710 4043 863 4110 futurum
898 4055 971 4108 erat
1007 4056 1232 4129 praeparetur
1267 4044 1435 4109 Ecclesia.
1472 4044 1575 4108 Tales
1612 4042 1705 4108 enirn
1741 4043 1824 4108 dicit
1859 4043 1994 4107 futuros
2030 4043 2089 4127 qui
2127 4065 2191 4129 pro

709 4154 891 4222 desideriis
912 4156 985 4221 suis
1009 4157 1128 4223 doceri
1152 4159 1282 4236 volunt,
1308 4169 1345 4222 ut
1368 4180 1388 4221 a
1412 4157 1585 4242 magistris
1611 4156 1853 4222 constantibus
1879 4168 1912 4221 et
1935 4157 2119 4222 veracibus
2144 4158 2189 4221 ad

709 4271 773 4334 hos
798 4282 1046 4335 convertantur
1069 4272 1127 4355 qui
1143 4274 1231 4336 haec
1257 4271 1331 4336 illos
1356 4272 1507 4336 doceant
1524 4293 1614 4355 quae
1631 4272 1779 4336 libenter
1795 4270 1947 4350 audiant,
1965 4269 2047 4355 quia
2063 4268 2190 4335 veritas

709 4382 772 4448 illis
797 4405 921 4469 aspera
941 4385 1122 4450 videbitur.
1151 4386 1347 4451 l’rurientes
1373 4385 1514 4450 auribus
1532 4388 1604 4470 (7);
1631 4384 1815 4450 Desiderio
1840 4385 1921 4449 talia
1945 4384 2122 4466 audiendi)
2148 4424 2189 4429 —

709 4496 744 4561 in
767 4499 846 4578 hoc,
872 4497 1024 4582 inquam,
1049 4499 1234 4585 prophetia
1259 4500 1389 4563 utinam
1407 4500 1513 4563 inodo
1539 4521 1609 4563 non
1629 4498 1821 4584 impleatur.
1845 4499 1916 4564 Sed
1934 4507 2071 4564 constat
2095 4498 2190 4582 quod

707 4611 761 4676 vel
785 4610 968 4697 impleatur
991 4614 1046 4677 vel
1071 4613 1277 4699 implebitur.
1304 4614 1375 4678 Sed
1401 4634 1465 4678 vae
1491 4612 1555 4677 illis
1580 4634 1642 4697 per
1665 4634 1754 4697 quos
1779 4622 1813 4678 et
1837 4623 1962 4677 cetera.
1988 4612 2042 4676 De
2062 4612 2189 4677 talibus

708 4745 793 4810 ergo
828 4736 880 4790 est
912 4725 1063 4810 litigiosa
1098 4727 1257 4810 quaestio
1292 4728 1360 4792 hoc
1384 4727 1501 4806 modo,
1534 4747 1606 4790 non
1639 4746 1682 4790 ex
1713 4735 1836 4790 natura
1868 4725 1917 4791 rei
1941 4726 2004 4790 sed
2034 4747 2077 4791 ex
2108 4725 2190 4791 resi-

708 4837 834 4903 stentia
859 4838 1062 4924 aliquorum.
1088 4841 1130 4904 Et
1155 4842 1234 4905 ideo
1271 4841 1465 4905 secundum
1491 4862 1529 4904 se
1554 4861 1626 4904 non
1652 4841 1756 4905 debet
1780 4839 1932 4925 litigiosa
1956 4838 2099 4904 iudicari
2123 4859 2190 4905 nec

708 4950 813 5016 debet
851 4966 994 5038 propter
1032 4954 1237 5018 scandalum
1277 4953 1328 5018 sic
1367 4975 1405 5018 se
1445 4952 1700 5038 opponentium
1739 4953 1859 5033 omitti,
1900 4952 2005 5018 immo
2030 4953 2188 5018 absolute

706 5064 884 5149 loquendo
917 5066 1093 5131 efficacius
1118 5067 1312 5152 praedicari
1339 5089 1442 5151 quam
1468 5067 1497 5131 si
1521 5068 1615 5132 nulla
1640 5078 1734 5133 esset
1759 5066 1965 5146 resistentia,
1991 5066 2057 5131 nisi
2098 5067 2188 5132 forte

706 5198 769 5263 per
792 5178 957 5244 accidens
983 5181 1170 5265 aliquando
1196 5180 1420 5260 omitteretur,
1446 5203 1518 5246 non
1554 5193 1696 5266 propter
1732 5181 1938 5246 scandalum
1964 5180 2093 5260 talium,
2125 5181 2188 5245 sed

706 5292 908 5376 pusillorum
935 5293 1067 5359 scilicet
1093 5294 1310 5379 popularium
1343 5305 1377 5360 et
1412 5294 1619 5380 simplicium
1655 5294 1715 5379 qui
1745 5295 1835 5359 sorte
1867 5293 2189 5359 scandalizarentur

706 5425 749 5469 ex
772 5405 831 5471 tali
855 5407 1099 5473 contrarietate
1132 5431 1235 5491 quani
1273 5409 1390 5472 vident
1426 5408 1460 5472 in
1497 5408 1701 5472 doctoribus
1733 5408 1825 5486 fidei,
1850 5419 1884 5472 et
1917 5430 1958 5472 ex
1986 5409 2057 5472 hoc
2088 5407 2187 5491 quasi

798 5715 916 5769 ¹Deum
938 5716 971 5770 V.

795 5920 834 5985 (1)
859 5918 964 5972 Glossa
987 5920 1093 5986 interl,
1120 5939 1147 5974 v.
1170 5920 1362 5991 disciplina:
1386 5942 1397 5970 <r
1419 5920 1446 5974 in
1477 5921 1584 5992 quibus
1607 5940 1665 5975 non
1692 5930 1736 5976 est
1763 5920 1913 5993 profectus
1939 5922 2112 5995 disciplinae
2140 5922 2187 5977 vel

704 6006 880 6071 scientiaea
898 6041 930 6047 —
949 6015 990 6076 (2)
1002 6010 1038 6061 II
1052 6010 1127 6062 Tim.
1142 6010 1178 6076 ΙΙ,
1192 6013 1234 6063 233.
1250 6043 1281 6049 —
1297 6014 1336 6078 (3)
1351 6010 1435 6077 Ibid,
1448 6014 1491 6064 at.
1511 6043 1544 6051 —
1565 6015 1604 6079 (4)
1625 6012 1680 6065 Tit.
1696 6012 1748 6077 ΙΙΙ,
1760 6015 1786 6065 9.
1806 6042 1839 6052 -
1860 6015 1900 6079 (b)
1913 6012 1949 6065 II
1964 6012 2038 6067 Tim.
2052 6013 2101 6079 lV,
2114 6015 2139 6066 3.
2155 6044 2186 6051 -

705 6098 745 6162 (6)
759 6094 863 6149 Glossu
875 6096 1009 6149 ordinin
1020 6097 1072 6153 h.l.
1088 6130 1121 6136 -
1137 6101 1176 6164 (7)
1188 6099 1292 6152 Glossa
1308 6098 1447 6166 interim.
1456 6100 1647 6170 prurientes:
1656 6123 1667 6149 e
1677 6099 1733 6171 ipsi
1746 6117 1839 6171 pravo
1854 6100 2001 6155 desiderio
2016 6101 2185 6155 audiendi.»
