6700 7992
1287 1422 1462 1478 TERTIUM
1492 1423 1794 1493 QuootlssETUM,
1822 1424 1859 1494 Q
1888 1425 1913 1476 V
2291 1427 2343 1476 313

859 1622 918 1659 una
947 1604 1041 1658 forma
1069 1601 1272 1657 substantialis
1301 1602 1401 1674 specie
1430 1602 1458 1654 in
1487 1619 1612 1672 corpore
1641 1601 1749 1656 Christi
1779 1610 1894 1655 mortuo
1915 1609 1945 1655 et
1976 1619 2100 1674 corpore
2132 1603 2343 1673 cuiuscumque

848 1701 982 1756 alterius
1000 1699 1134 1766 hominis¹
1153 1717 1209 1753 nec
1230 1718 1282 1771 per
1307 1717 1493 1770 consequens
1523 1699 1629 1754 Christi
1660 1718 1768 1771 corpus
1796 1698 1851 1754 fuit
1879 1678 1988 1771 corpus
2016 1709 2160 1754 mortuum
2187 1703 2191 1769 Ι
2216 1701 2343 1754 univoce
2398 1690 2503 1747 C0d·C

780 1788 783 1793 ’
861 1817 928 1855 curn
948 1816 1073 1871 corpore
1092 1806 1208 1852 mortuo
1229 1797 1438 1869 cuiuscumque
1459 1797 1577 1852 alterius
1596 1798 1722 1851 bominis
1739 1801 1755 1851 ¹.
2340 1783 2342 1789 ⁸
2376 1762 2533 1818 f⁰l9⁶V⁸

867 1929 873 1939 ·
950 1896 1137 1968 Respondeo.
1152 1896 1239 1951 Circa
1259 1895 1345 1949 istam
1360 1896 1561 1966 quaestionem
1576 1896 1618 1949 sic
1632 1904 1677 1949 est
1691 1896 1920 1967 procedendum.
1937 1898 2034 1950 Primo
2048 1906 2194 1968 ponentur
2207 1896 2343 1951 diversae

860 1994 1016 2067 opiniones
1035 1994 1073 2048 de
1095 1994 1207 2048 unitate
1230 1993 1351 2047 formae.
1381 1994 1519 2048 Secundo
1541 1994 1703 2064 inquiretur
1730 2011 1805 2064 quae
1827 1995 1940 2048 illarum
1955 1996 1966 2025 ’
1984 2003 2029 2048 est
2049 1994 2143 2048 minus
2164 1995 2343 2048 conveniens

860 2092 1024 2148 secundum
1043 2091 1142 2146 fidem.
1161 2093 1198 2146 Et
1218 2092 1305 2145 tertio
1326 2092 1518 2146 concludetur
1537 2091 1565 2144 in
1586 2092 1769 2163 quaestione.

951 2193 1099 2262 Quantum
1121 2193 1218 2261 ergo³
1238 2189 1274 2243 ad
1296 2190 1430 2260 primum,
1450 2189 1601 2243 sciendum
1623 2190 1700 2260 quod
1721 2189 1759 2243 de
1777 2190 1890 2244 unitate
1909 2189 2021 2244 formae
2041 2200 2087 2244 est
2106 2191 2213 2262 triplex
2232 2191 2342 2262 opinio.

862 2322 896 2330 -
921 2290 1018 2344 Prima
1043 2296 1089 2343 est
1114 2292 1214 2359 quae⁴
1248 2289 1332 2359 ponit
1363 2306 1450 2341 uuam
1482 2287 1606 2341 formam
1632 2287 1660 2341 in
1681 2287 1826 2351 omnibus
1850 2288 1891 2341 ita
1917 2289 1996 2359 quod
2017 2307 2071 2342 nec
2092 2291 2120 2342 in
2145 2289 2262 2344 Christo
2287 2306 2344 2343 nec

860 2387 889 2442 in
910 2389 967 2443 alio
987 2386 1104 2441 homine
1127 2404 1181 2439 nec
1204 2386 1232 2439 in
1256 2386 1312 2439 alia
1336 2404 1366 2439 re
1389 2403 1574 2457 quacumque
1599 2393 1712 2456 ponunt
1731 2385 1786 2439 nisi
1809 2404 1896 2439 unam
1917 2387 2039 2440 formam
2060 2387 2293 2454 substantialem,
2312 2395 2343 2442 et

861 2494 974 2559 ponunt
993 2484 1072 2557 quod
1094 2494 1153 2538 tam
1173 2484 1201 2538 in
1226 2483 1343 2538 Christo
1364 2502 1450 2556 quam
1471 2483 1499 2536 in
1519 2500 1706 2554 quocumque
1726 2484 1784 2537 alio
1803 2484 1921 2538 bomine
1940 2485 2133 2539 introducitur
2153 2504 2228 2539 nova
2249 2486 2344 2540 forma

861 2586 890 2639 in
916 2586 1035 2639 morte⁵
1065 2582 1094 2638 in
1120 2582 1298 2637 materiam⁰
1327 2600 1413 2653 quam
1445 2581 1622 2635 informabat
1652 2583 1731 2653 prius
1764 2582 1868 2635 anima.
1896 2616 1929 2623 —
1955 2583 2022 2636 Alia
2054 2584 2162 2655 positio
2194 2594 2239 2638 est
2266 2603 2343 2656 quae

861 2683 945 2755 ponit
970 2692 1000 2737 et
1026 2683 1055 2736 iu
1080 2682 1198 2736 homine
1223 2690 1253 2735 et
1278 2681 1306 2733 in
1338 2680 1404 2734 aliis
1435 2681 1541 2734 saltem
1572 2680 1705 2752 exceptis
1736 2681 1891 2735 elementis
1910 2682 2009 2752 plures
2041 2681 2159 2746 formas,
2192 2684 2231 2736 ita
2264 2682 2343 2755 quod

859 2780 1026 2853 posteriore
1052 2789 1189 2852 separata
1214 2780 1260 2833 vel
1287 2788 1425 2850 corrupta
1454 2787 1585 2832 remanet
1604 2778 1653 2831 illa
1681 2796 1757 2849 quae
1783 2779 1863 2850 prior
1888 2779 2057 2833 advenerat.
2087 2781 2123 2834 Et
2148 2780 2171 2833 si
2198 2782 2345 2835 obiciatur

859 2890 964 2933 contra
989 2896 1042 2933 eos
1069 2878 1147 2950 quod
1174 2895 1240 2931 cum
1265 2886 1368 2930 natura
1394 2895 1452 2930 non
1478 2876 1611 2929 intendat
1635 2876 1837 2948 principaliter
1856 2878 2084 2949 corruptionem,
2110 2879 2162 2932 sed
2185 2897 2220 2932 ex
2241 2898 2344 2934 conse·

861 2976 972 3048 quenti,
998 2976 1090 3048 quia⁷
1118 2976 1231 3030 scilicet
1256 2975 1443 3045 disponendo
1470 2974 1507 3027 ad
1539 2975 1625 3028 aliam
1651 2973 1775 3027 formam
1802 2975 2043 3030 introducendam
2071 2977 2166 3030 reddit
2192 2976 2344 3031 materiam

859 3074 1066 3146 indispositam
1086 3074 1175 3145 priori
1194 3073 1306 3127 formae
1321 3078 1339 3137 ³,
1359 3081 1388 3126 et
1407 3090 1461 3143 per
1480 3090 1665 3143 consequens
1685 3073 1880 3146 corrumpitur
1909 3074 1989 3144 prior
2013 3074 2107 3127 forma
2130 3093 2182 3145 per
2206 3075 2344 3130 accidens

859 3181 890 3226 et
914 3172 1108 3227 introducitur
1127 3171 1266 3237 secunda,
1287 3204 1318 3210 —
1340 3179 1438 3241 potest
1466 3170 1523 3224 dici
1553 3172 1714 3224 secundum
1735 3188 1787 3224 eos
1814 3171 1894 3242 quod
1920 3190 2012 3243 agens
2038 3191 2230 3243 corrumpens
2256 3192 2342 3227 unam

859 3271 985 3325 somnam
1005 3269 1135 3342 disponit
1165 3270 1318 3323 materiam
1348 3269 1385 3322 ad
1417 3268 1504 3322 aliam
1535 3287 1594 3322 non
1625 3268 1739 3322 statim*
1757 3269 2011 3335 introducendam,
2040 3270 2093 3324 sed
2126 3281 2230 3342 postea
2264 3271 2343 3326 facta

798 3414 801 3420 ,
844 3368 998 3423 ‘ulteriore
1026 3368 1206 3423 resolutione
1235 3378 1322 3438 prout
1351 3368 1500 3437 completa
1529 3366 1746 3437 putrefactione
1775 3376 1934 3437 generatur
1959 3369 2068 3421 vermis
2093 3371 2139 3422 vel
2167 3370 2343 3424 elementum

858 3467 906 3523 vel
920 3466 1031 3539 aliquid
1045 3466 1293 3521 aliud-Tertia
1319 3464 1420 3536 opinio
1447 3475 1491 3519 est
1517 3468 1618 3536 quael
1638 3466 1666 3518 in
1692 3467 1829 3519 omnibus
1849 3466 1913 3520 aliis
1933 3467 1971 3519 ab
1991 3468 2108 3520 homine
2129 3469 2211 3538 ponit
2230 3476 2344 3522 tantum

858 3582 947 3619 uuam
975 3563 1100 3619 formam
1125 3564 1358 3626 substantialem,
1379 3563 1412 3616 'in
1441 3560 1560 3617 ho'mine
1585 3572 1683 3616 autem
1711 3563 1794 3635 ponit
1819 3564 1928 3634 plures,
1954 3582 2041 3618 unam
2067 3565 2180 3620 scilicet
2207 3566 2343 3621 eductam

859 3662 898 3718 de
922 3663 1057 3734 potentia
1080 3662 1221 3717 materiae
1247 3671 1275 3716 et
1302 3662 1389 3715 aliam
1415 3670 1543 3715 creatam
1565 3663 1602 3714 ab
1629 3671 1717 3716 extra.
1744 3663 1779 3715 Et
1804 3662 1888 3732 ponit
1913 3663 1969 3716 ista
1995 3664 2104 3734 positio
2130 3663 2209 3735 quod
2226 3666 2246 3696 ¹⁰
2267 3664 2344 3719 duae

858 3760 973 3816 formae
995 3761 1080 3816 simul
1099 3760 1271 3815 naturaliter
1287 3763 1305 3792 ¹¹
1333 3760 1565 3825 introducuntur,
1591 3768 1620 3813 et
1645 3760 1732 3815 simul
1757 3778 1823 3814 cum
1846 3778 1905 3814 una
1930 3760 2043 3815 scilicet
2069 3762 2166 3815 anima
2191 3762 2345 3817 rationalis

845 3867 1021 3931 separatur,
1035 3860 1092 3913 alia
1111 3858 1306 3930 corrumpitur
1325 3858 1349 3910 si
1370 3857 1531 3911 dimittatur
1550 3875 1621 3911 suae
1639 3867 1760 3912 naturae
1777 3859 1805 3911 ¹¹.
1825 3859 1911 3915 Unde
1928 3858 1984 3929 ipsi
2000 3866 2112 3930 ponunt
2131 3860 2211 3930 quod
2230 3860 2259 3913 in
2279 3860 2345 3915 aliis

859 3956 1027 4012 hominibus
1055 3973 1072 4011 a
1099 3957 1217 4013 Christo
1248 3956 1404 4027 praedicta
1436 3954 1530 4008 forma
1563 3955 1671 4010 educta
1703 3956 1741 4010 de
1766 3958 1901 4027 potentia
1931 3959 2072 4011 materiae
2102 3959 2132 4011 in
2157 3958 2346 4031 separatione

859 4055 977 4110 animae
1001 4055 1214 4127 corrumpitur;
1240 4055 1268 4108 in
1290 4053 1408 4109 Christo
1435 4062 1533 4107 autem
1553 4063 1665 4125 ponunt
1691 4055 1771 4125 quod
1796 4053 1851 4109 fuit
1871 4056 2046 4109 miraculose
2073 4064 2195 4110 retenta.
2222 4057 2257 4110 Et
2276 4056 2345 4111 ideo

859 4162 974 4225 ponunt
992 4153 1022 4208 in
1047 4153 1112 4208 aliis
1132 4152 1299 4207 hominibus
1322 4171 1339 4205 a
1362 4151 1480 4206 Christo
1500 4169 1559 4205 non
1580 4170 1647 4206 esse
1667 4152 1744 4206 idem
1765 4165 1873 4224 corpus
1892 4153 1991 4207 vivum
2011 4162 2041 4207 et
2060 4162 2223 4221 mortuum;
2243 4153 2346 4209 sedin

861 4250 979 4306 Christo
1007 4260 1121 4324 ponunt
1149 4268 1257 4324 corpus
1286 4251 1385 4304 vivum
1408 4260 1437 4303 et
1462 4259 1608 4303 mortuum
1632 4269 1699 4304 esse
1722 4250 1800 4304 idem
1824 4269 1956 4317 numer0,
1982 4270 2040 4306 non
2067 4260 2177 4306 tantum
2205 4261 2345 4323 quantum

863 4347 900 4401 ad
920 4350 1114 4422 suppositum,
1134 4349 1187 4404 sed
1207 4349 1296 4403 etiam
1317 4356 1457 4418 quantum
1478 4348 1515 4401 ad
1535 4346 1659 4402 formam
1680 4349 1913 4404 substantialem.

954 4446 1022 4501 Alia
1047 4455 1145 4502 autem
1162 4448 1182 4479 ¹³
1209 4446 1309 4517 opinio
1337 4463 1413 4517 quae
1440 4447 1522 4519 ponit
1554 4448 1652 4517 plures
1677 4446 1787 4500 formas
1812 4456 1842 4501 et
1868 4449 1995 4519 priorem
2024 4466 2143 4502 manere
2174 4450 2347 4505 naturaliter

845 4553 1002 4618 'corrupta
1032 4546 1078 4599 vel
1105 4553 1244 4617 separata
1272 4546 1445 4615 posteriore,
1474 4556 1587 4616 ponunt
1616 4545 1696 4615 quod
1724 4546 1829 4599 eodem
1858 4546 1947 4600 modo
1976 4555 2094 4619 oportet
2124 4565 2236 4618 ponere
2267 4547 2345 4603 idem

862 4662 972 4716 corpus
984 4647 1004 4677 ¹⁴
1024 4661 1145 4698 nurnero
1159 4651 1299 4715 quantum
1307 4644 1352 4697 'ad
1372 4643 1496 4697 formam
1516 4643 1739 4698 substantialem
1753 4645 1780 4697 in
1795 4644 1859 4697 aliis
1872 4644 2039 4698 bominibus
2052 4647 2073 4676 ¹⁵
2085 4644 2161 4699 sicut
2175 4646 2203 4699 in
2218 4645 2346 4715 Christo,

861 4752 891 4797 et
911 4751 1023 4813 ponunt
1038 4741 1117 4814 quod
1130 4741 1170 4795 ita
1184 4742 1222 4796 sit
1235 4760 1392 4795 erroneum
1412 4759 1522 4813 ponere
1541 4760 1601 4795 non
1620 4760 1686 4796 esse
1700 4742 1776 4795 idem
1792 4759 1900 4814 corpus
1912 4760 2033 4796 numero
2047 4743 2075 4796 in
2096 4743 2160 4797 aliis
2179 4744 2347 4799 hominibus

861 4840 939 4895 sicut
957 4839 987 4894 in
1007 4840 1134 4908 Christ0,
1154 4849 1183 4894 et
1212 4841 1266 4894 hoc
1296 4849 1437 4911 quantum
1465 4839 1503 4893 ad
1532 4839 1656 4895 formam
1674 4841 1701 4893 ¹⁰.
1730 4841 1767 4893 Et
1786 4840 1842 4894 hoc
1861 4848 1944 4912 patet
1966 4859 2019 4912 per
2034 4843 2054 4872 ¹²
2076 4859 2165 4897 unum
2191 4842 2345 4895 articulum

858 4938 912 5010 qui
932 4938 1145 5018 condemnatus
1165 4946 1210 4992 est
1229 4937 1258 4991 in
1279 4938 1450 5009 Angliass),
1478 4938 1528 4991 ubi
1554 4937 1661 4992 dicitur
1681 4939 1759 5009 quod
1783 4955 1891 5009 corpus
1917 4938 2147 5009 uniuscuiusque
2176 4939 2270 4994 sancti
2298 4940 2347 4995 vel

861 5035 997 5101 hominis,
1022 5044 1179 5108 antequam
1205 5035 1242 5090 sit
1262 5054 1315 5108 per
1342 5036 1589 5107 putrefactionem
1616 5045 1758 5089 mutatum
1775 5037 1796 5068 ¹⁸
1815 5036 1842 5089 in
1863 5053 1950 5090 auras
1975 5038 2022 5092 vel
2047 5038 2202 5103 elementa,
2222 5056 2281 5092 non
2301 5045 2347 5094 est

947 5307 962 5345 ·¹
975 5322 1048 5376 ergo
1061 5312 1092 5359 et
1104 5312 1203 5359 cetera
1217 5305 1287 5357 add.
1302 5304 1335 5359 C.
1356 5336 1388 5344 —
1403 5306 1413 5336 ²
1426 5304 1541 5359 illorum
1556 5304 1588 5360 C.
1609 5336 1641 5344 —
1662 5306 1743 5358 ³om.
1756 5304 1789 5359 C.
1809 5337 1842 5345 —
1863 5307 1873 5337 ⁴
1892 5313 1938 5360 est
1957 5308 2043 5375 quael
2063 5324 2118 5360 om.
2139 5306 2172 5361 C.
2192 5339 2226 5347 -
2246 5309 2347 5361 ‘nova

861 5423 896 5432 -
910 5394 1016 5463 morte]
1035 5392 1064 5447 in
1083 5400 1177 5447 morte
1197 5408 1275 5447 nova
1288 5391 1382 5447 forma
1404 5392 1436 5448 C.
1456 5424 1490 5432 -
1503 5393 1515 5424 ⁸
1529 5393 1651 5447 materia
1672 5392 1705 5447 C.
1726 5425 1759 5431 —
1780 5394 1839 5447 ⁷ex
1852 5426 1886 5433 -
1901 5392 1979 5464 quia]
1999 5393 2136 5449 existenti
2155 5394 2238 5466 quasi
2259 5394 2292 5450 C.
2312 5427 2346 5435 —

859 5478 982 5535 'forma
1001 5479 1034 5536 C.
1054 5512 1088 5520 -
1107 5480 1119 5512 ⁹
1138 5480 1210 5534 dicit
1229 5481 1308 5552 quod
1331 5481 1400 5534 add.
1421 5479 1454 5535 C.
1473 5512 1507 5520 -
1530 5482 1550 5511 ¹⁰
1569 5480 1642 5534 istae
1662 5481 1732 5533 add.
1752 5480 1785 5535 C.
1806 5512 1839 5519 —
1861 5483 1881 5513 ¹¹
1900 5498 1955 5534 om.
1976 5479 2009 5536 C.
2030 5514 2061 5520 —
2085 5483 2108 5514 ¹’
2123 5500 2195 5537 suae
2214 5474 2354 5559 naturael

853 5576 985 5623 ¹naturae
1004 5585 1076 5623 suae
1096 5567 1128 5624 C.
1142 5600 1176 5609 -
1198 5569 1219 5602 ¹⁸
1231 5586 1287 5623 om.
1308 5568 1341 5624 C.
1362 5601 1394 5607 —
1417 5571 1437 5601 ¹⁸
1450 5576 1568 5641 oportet
1583 5601 1613 5607 —
1629 5571 1748 5639 corpus]
1767 5586 1880 5641 ponere
1898 5576 2017 5640 oportet
2036 5569 2114 5623 idem
2132 5587 2240 5643 corpus
2260 5569 2292 5625 C.
2313 5602 2347 5610 -

863 5656 886 5688 ¹⁸
898 5654 964 5709 aliis
982 5655 1162 5725 homiuibus]
1178 5656 1314 5711 omnibns
1334 5656 1500 5710 hominibus
1521 5656 1585 5709 aliis
1605 5656 1637 5711 C.
1653 5689 1684 5695 —
1704 5658 1724 5688 ¹⁶
1736 5656 1960 5710 substantialem
1976 5657 2045 5710 odd.
2061 5657 2093 5711 C.
2107 5691 2139 5697 —
2157 5660 2178 5689 '¹
2190 5676 2245 5711 om.
2260 5658 2293 5713 C.
2313 5688 2347 5697 —

852 5744 887 5776 ⁴⁸
899 5752 1095 5815 permutatum
1117 5742 1150 5798 C.

951 5950 992 6013 (l)
1013 5945 1075 6001 Cfr.
1088 5963 1116 6017 p.
1129 5949 1192 6014 205,
1205 5963 1231 5999 n.
1247 5953 1257 6014 (
1278 5957 1295 6009 l.
