6700 7992
1061 1397 1096 1446 26
1426 1393 1615 1448 MAGISTRI
1645 1393 1865 1447 GODEFRIDI
1894 1393 1946 1446 DE
1974 1392 2171 1449 FONTIBUS

1061 1571 1182 1638 ordine
1207 1583 1322 1638 tarnen
1347 1573 1391 1637 ad
1415 1574 1545 1637 bonum
1571 1593 1757 1638 commune
1786 1583 1820 1638 et
1847 1573 1891 1637 ad
1916 1571 1982 1637 Dei
2005 1571 2151 1659 gloriam
2177 1583 2211 1638 et
2234 1573 2416 1638 honorem.
2434 1573 2533 1640 Haec

1061 1698 1176 1753 autem
1194 1687 1382 1774 praecipue
1400 1688 1573 1772 pertinent
1589 1687 1597 1723 ¹
1615 1688 1658 1752 ad
1685 1687 1868 1753 amicitiam
1893 1687 2053 1753 caritatis,

1148 1804 1255 1869 lmmo
1279 1803 1415 1869 videtur
1439 1825 1517 1869 esse
1535 1803 1722 1869 dicendum
1747 1804 1841 1888 quod
1866 1803 1956 1869 sicut
1981 1803 2124 1883 amicus
2150 1825 2221 1869 non
2245 1815 2361 1870 tamen
2385 1804 2534 1871 amicitia

1060 1919 1199 2005 proprie
1224 1919 1326 1999 dicta,
1351 1918 1504 2004 seipsum
1530 1930 1672 2004 propter
1696 1939 1877 1984 excessum
1903 1918 2030 1984 amoris
2055 1941 2157 2003 quem
2182 1920 2289 1984 habet
2312 1921 2356 1984 ad
2380 1920 2534 2006 seipsum

1060 2057 1142 2120 prae
1181 2034 1342 2101 omnibus
1375 2035 1447 2098 vult
1477 2033 1542 2099 sibi
1575 2033 1724 2099 maxima
1758 2035 1862 2114 bona,
1894 2034 1940 2099 ita
1972 2033 2073 2099 etiam
2110 2055 2186 2100 cum
2225 2034 2340 2120 post²
2378 2035 2533 2121 seipsum

1059 2150 1206 2216 maxime
1241 2150 1361 2238 diligat
1397 2149 1545 2215 amicum
1570 2150 1765 2215 secundum
1790 2149 1973 2215 amicitiam
1999 2149 2137 2235 proprie
2162 2149 2299 2229 dictam,
2325 2150 2406 2235 quia
2422 2151 2534 2239 diligit

1059 2266 1151 2330 illum
1171 2265 1183 2300 ³
1206 2265 1305 2350 quasi
1334 2265 1436 2330 alium
1462 2287 1510 2345 se,
1532 2264 1578 2330 illi
1611 2287 1693 2350 prae
1718 2264 1881 2330 omnibus
1905 2264 1979 2330 aliis
2008 2287 2028 2329 a
2055 2286 2094 2330 se
2125 2265 2214 2350 ip80,
2232 2266 2356 2332 ceteris
2381 2267 2532 2352 paribus

1058 2382 1130 2446 vult
1157 2381 1305 2446 maxima
1329 2382 1433 2461 bona,
1450 2382 1485 2446 in
1510 2392 1676 2465 quantum
1702 2380 1942 2446 vehementius
1967 2379 2078 2468 diligit
2108 2381 2221 2466 ipsum
2247 2381 2377 2467 duplici
2403 2404 2533 2470 genere

1058 2496 1238 2575 amicitiae,
1270 2496 1402 2562 scilicet
1430 2496 1568 2582 proprie
1597 2496 1709 2562 dictae
1734 2518 1803 2581 qua
1834 2495 1928 2561 illum
1969 2497 2081 2561 solum
2114 2496 2169 2562 vel
2194 2517 2273 2563 cum
2311 2497 2433 2583 paucis
2458 2498 2532 2564 aliis

1059 2612 1176 2700 diligit,
1209 2624 1242 2679 et
1273 2612 1502 2678 communiter
1542 2612 1655 2678 dictae
1689 2611 1781 2697 per⁴
1814 2634 1917 2696 quam
1950 2633 2073 2677 omnes
2097 2612 2305 2700 generaliter
2337 2611 2466 2702 diligit3
2500 2626 2534 2680 et

1057 2715 1309 2794 inconveniens
1334 2728 1470 2794 videtur
1501 2728 1595 2812 quod
1628 2727 1751 2813 aliquis
1783 2727 1945 2792 omnibus
1981 2726 2211 2793 consideratis
2247 2729 2420 2794 extraneis
2451 2729 2534 2796 velit

1057 2843 1187 2909 maiora
1218 2845 1312 2909 bona
1343 2865 1446 2928 quam
1478 2843 1597 2909 amicis
1629 2843 1822 2909 secundum
1857 2841 2041 2908 amicitiam
2081 2843 2220 2928 proprie
2259 2843 2397 2925 dictam,
2430 2855 2533 2930 prout

1057 2958 1209 3047 tangitur
1236 2959 1271 3024 in
1300 2969 1507 3047 argumento
1532 2958 1643 3044 primo
1660 2958 1815 3024 inducto.

1144 3075 1201 3140 Ad
1227 3074 1436 3141 evidentiam
1462 3087 1577 3140 autem
1594 3074 1777 3139 solutionis
1801 3073 1949 3140 secundi
1974 3072 2169 3161 argumenti
2194 3084 2248 3140 est
2264 3073 2530 3164 intelligendum

1056 3192 1162 3274 quod,
1193 3191 1387 3256 secundum
1415 3191 1664 3276 Philosophum
1690 3193 1736 3273 (1)
1766 3201 1799 3256 et
1824 3189 2142 3256 Commentatorem
2167 3193 2214 3273 (2)
2245 3189 2280 3254 in
2311 3213 2407 3257 nono
2438 3191 2531 3258 Ethi-

1055 3327 1185 3386 corum‚
1218 3327 1290 3372 non
1323 3308 1483 3372 obstante
1517 3306 1611 3390 quod
1647 3305 1823 3370 virtuosus
1851 3304 1962 3371 velit⁶
1997 3305 2063 3370 sibi
2094 3304 2244 3370 maxima
2274 3307 2378 3386 bona,
2412 3319 2530 3374 tamen

1056 3433 1198 3507 propter
1225 3423 1417 3508 perfectum
1446 3433 1560 3488 actum
1586 3421 1719 3487 virtutis
1748 3420 1896 3487 sustinet
1921 3431 2077 3500 mortem,
2106 3442 2184 3485 cum
2214 3421 2355 3506 expedit
2388 3435 2532 3509 propter

1055 3538 1166 3603 maius
1190 3540 1332 3618 bonurn,
1350 3537 1429 3604 licet
1453 3537 1541 3603 sciat
1564 3559 1602 3603 se
1631 3559 1674 3602 ex
1703 3539 1773 3603 hoc
1803 3535 1930 3622 privari
1953 3536 2022 3601 vita
2047 3541 2260 3622 qua'posset
2284 3537 2387 3602 etiam
2412 3538 2529 3605 vivere

1054 3654 1217 3733 virtuose,
1243 3654 1322 3720 licet
1351 3675 1424 3719 non
1457 3653 1503 3718 ita
1540 3654 1695 3739 perfecta
1719 3652 1854 3718 virtute.
1883 3652 1926 3718 Et
1949 3652 2010 3731 sic,
2038 3652 2119 3718 licet
2147 3663 2184 3718 ut
2210 3655 2317 3719 homo
2345 3666 2380 3719 et
2407 3653 2529 3743 diligat

1054 3769 1200 3835 naturali
1225 3769 1411 3835 dilectione
1436 3768 1540 3834 vitam
1564 3769 1757 3834 naturalem
1774 3767 1830 3834 etl
1857 3789 1928 3834 non
1953 3767 2065 3853 possit
2088 3768 2177 3834 velle
2202 3769 2288 3834 mori
2313 3780 2347 3835 et
2370 3769 2528 3836 amittere

1053 3887 1184 3950 bonum
1210 3885 1299 3950 vitae
1328 3884 1502 3965 naturalis,
1531 3894 1646 3950 tamen
1675 3896 1713 3949 ut
1739 3886 1846 3950 homo
1870 3883 2045 3949 virtuosus
2073 3894 2210 3969 potest:
2236 3884 2283 3949 ita
2310 3885 2423 3964 etiarn,
2449 3886 2530 3952 licet
2591 3898 2595 3906 '

1053 4001 1185 4066 amicus
1213 4000 1353 4086 propria
1381 4000 1540 4080 amicitia,
1558 4000 1592 4064 in
1616 4010 1784 4085 quantum
1807 3999 1884 4065 talis
1912 4001 2078 4066 habendo
2101 4011 2299 4084 respectum
2327 4002 2371 4065 ad
2395 4003 2528 4066 bonum

1053 4116 1224 4182 amicitiae
1240 4116 1379 4203 proprie
1397 4115 1510 4181 dictae
1534 4138 1637 4200 quarn
1656 4114 1667 4148 ⁷
1690 4116 1763 4181 vult
1787 4115 1987 4182 conservari
2012 4137 2083 4180 non
2101 4115 2183 4181 velit
2206 4137 2273 4182 nec
2289 4117 2377 4182 velle
2402 4118 2530 4183 debeat

1052 4232 1164 4298 amico
1188 4232 1336 4297 maxima
1353 4234 1457 4312 bona,
1474 4243 1590 4296 tamen
1615 4231 1650 4296 in
1667 4243 1835 4316 quantum
1860 4252 1982 4296 amans
1999 4233 2130 4296 bonum
2147 4231 2348 4317 simpliciter
2365 4243 2399 4298 et
2423 4235 2527 4298 abso·

1052 4349 1132 4427 lute‚
1150 4358 1184 4413 et
1208 4347 1241 4412 in
1267 4358 1432 4432 quantum
1451 4369 1571 4411 amans
1588 4349 1720 4412 bonum
1745 4348 1938 4432 perfectum
1962 4367 2159 4425 commune,
2178 4357 2212 4412 et
2237 4359 2377 4432 propter
2394 4349 2528 4433 perfec·

1050 4462 1173 4529 tiorem
1197 4475 1312 4528 actum
1338 4462 1553 4548 perfectioris
1575 4462 1708 4528 virtutis
1732 4484 1835 4546 quern
1860 4474 2038 4528 exerceret
2061 4461 2096 4527 in
2121 4463 2273 4527 volendo
2299 4473 2342 4541 et,
2361 4475 2527 4548 quantum

1052 4579 1087 4643 in
1118 4600 1157 4644 se
1181 4590 1243 4658 est,
1276 4578 1460 4644 efficiendo
1488 4578 1582 4663 quod
1614 4578 1747 4644 amicus
1777 4579 1921 4644 haberet
1950 4578 2098 4642 maxima
2132 4579 2236 4657 hona,
2262 4600 2332 4644 non
2365 4581 2528 4645 obstante

1051 4695 1145 4778 quod
1170 4716 1212 4759 ex
1229 4694 1286 4759 illo
1311 4704 1514 4779 sequeretur
1538 4694 1632 4779 quod
1657 4694 1827 4760 amitteret
1851 4693 2000 4759 amicum
2025 4705 2059 4759 et
2083 4716 2184 4759 usum
2207 4694 2340 4759 virtutis
2358 4694 2528 4760 amicitiae

1123 5036 1129 5065 ¹
1144 5033 1272 5104 pertinet
1281 5033 1315 5085 V.
1329 5064 1362 5071 -
1376 5033 1387 5065 ²
1399 5050 1489 5104 posse
1499 5032 1532 5086 V.
1543 5064 1576 5072 —
1590 5033 1706 5102 ³ipsum
1718 5032 1748 5085 P.
1764 5063 1797 5071 —
1808 5034 1817 5063 ⁴
1831 5048 1887 5085 om.
1897 5033 1967 5085 V.—
1976 5034 1987 5063 ⁵
1996 5032 2088 5086 om.V.
2100 5064 2132 5071 -
2143 5034 2154 5064 ⁸
2165 5033 2266 5086 addid.
2280 5063 2312 5071 -
2325 5033 2334 5064 ⁷
2345 5040 2484 5104 quantum
2496 5033 2526 5087 P.

1137 5315 1176 5378 (lt
1197 5309 1411 5364 Aristotelis
1429 5309 1524 5361 Ethic.
1545 5307 1726 5370 Nicomach„
1746 5306 1763 5359 l.
1778 5306 1827 5370 IX,
1847 5310 1903 5362 0.ss
1922 5307 1968 5376 [al.
1982 5309 2018 5376 91,
2039 5306 2096 5375 (ed.
2111 5307 2236 5373 Beklrer‚
2256 5308 2312 5361 vol.
2334 5307 2369 5374 ΙΙ,
2388 5326 2416 5379 p.
2438 5310 2526 5374 1169).

1048 5397 1155 5463 'Alata
1175 5396 1203 5450 δὲ
1223 5398 1284 5467 περὶ
1305 5401 1351 5450 τοῦ
1373 5393 1518 5450 σπουδαίου
1538 5394 1582 5447 καὶ
1602 5392 1633 5445 τὸ
1651 5398 1704 5445 τῶν
1723 5391 1805 5462 pilon
1823 5392 1899 5447 ἕνεκα
1916 5394 2005 5446 πολλὰ
2016 5391 2141 5463 πράττειν
2153 5395 2198 5447 καὶ
2209 5399 2256 5459 τῆς
2268 5392 2404 5463 πατρίδος,
2418 5391 2467 5446 κᾶν
2479 5390 2526 5466 δέῃ

1047 5479 1297 5552 ὑπεροποθνήοκειν,
1314 5514 1345 5520 -
1361 5485 1400 5547 12)
1419 5478 1594 5533 Averrois
1615 5476 1859 5532 Cordubensis
1872 5478 1909 5530 In
1923 5478 2055 5531 Mortalia
2068 5478 2266 5531 Nicomaclzia
2279 5478 2429 5548 expositio,
2443 5479 2460 5532 l.
2477 5479 2526 5546 lx,

1048 5590 1072 5624 c.
1086 5576 1103 5625 8
1118 5570 1270 5637 (Venetiis,
1286 5573 1362 5633 1550,
1376 5587 1404 5640 p.
1418 5571 1521 5631 tlt-(tat.
1536 5587 1548 5618 ο
1566 5566 1747 5637 Competens
1766 5572 1863 5619 autem
1877 5573 1923 5619 est
1942 5573 1971 5619 et
1991 5564 2130 5632 debitum,
2149 5573 2182 5618 ut
2200 5565 2288 5618 homo
2309 5573 2378 5637 agat
2394 5566 2526 5620 actiones

1048 5659 1153 5712 multas
1167 5657 1262 5728 gratia
1276 5657 1445 5723 amicorum,
1465 5663 1494 5709 et
1514 5654 1676 5708 vicinorum
1696 5662 1726 5708 et
1740 5652 1923 5708 concivium:
1937 5660 1966 5706 et
1981 5652 2006 5706 si
2025 5652 2174 5706 incumbat
2194 5652 2219 5706 ei
2239 5652 2268 5706 in
2289 5654 2345 5706 hoc
2363 5653 2526 5707 necessitas

1047 5745 1190 5800 moriendi
1204 5764 1257 5817 pro
1271 5745 1370 5816 ipsis...
1383 5743 1517 5797 Forsitan
1531 5741 1608 5796 enim
1623 5742 1687 5796 viro
1700 5742 1791 5796 nobili
1811 5749 1879 5813 post
1892 5739 2060 5811 eligendum
2074 5748 2121 5794 est
2139 5740 2269 5811 gaudere
2283 5739 2392 5811 gaudio
2409 5740 2525 5795 intenso

1047 5834 1075 5887 in
1096 5841 1230 5904 tempore
1250 5831 1377 5896 modico,
1398 5849 1484 5901 quam
1504 5829 1634 5901 gaudere
1653 5829 1762 5900 gaudio
1782 5829 1905 5883 remisso
1925 5836 2058 5899 tempore
2078 5828 2184 5899 longo:
2205 5835 2236 5882 ut
2256 5828 2334 5898 quod
2354 5828 2435 5882 vivat
2448 5846 2525 5882 anno

1046 5939 1103 5975 uno
1118 5938 1263 5992 peragens
1277 5920 1408 5973 actiones
1421 5918 1536 5973 nobiles
1556 5925 1704 5984 venustas
1718 5934 1804 5987 quam
1825 5915 1904 5987 quod
1917 5915 2000 5969 vivat
2013 5915 2097 5968 annis
2116 5915 2214 5969 multis
2232 5933 2324 5985 agens
2338 5915 2525 5987 operationes

1046 6009 1153 6063 multas
1168 6030 1191 6062 ο.
