6700 7992
1028 1463 1064 1515 98
1394 1458 1586 1514 MAGISTRI
1615 1458 1835 1515 GODEFRlDI
1864 1459 1916 1513 DE
1944 1458 2143 1515 FONTIBUS

1030 1651 1128 1706 actus
1146 1642 1340 1727 completus
1357 1641 1411 1707 vel
1427 1638 1460 1705 in
1486 1650 1566 1705 actu
1585 1641 1772 1726 complete,
1798 1651 1831 1705 et
1855 1661 1926 1706 non
1952 1639 1996 1705 de
2020 1638 2074 1704 his
2099 1661 2246 1725 quorum
2272 1661 2377 1705 unum
2401 1616 2507 1707 habet

1030 1756 1199 1822 rationem
1224 1767 1323 1822 actus
1347 1755 1547 1843 incompleti
1571 1767 1734 1842 respectu
1751 1756 1901 1822 alterius.
1923 1756 2037 1821 Prima
2057 1766 2172 1821 autem
2190 1757 2312 1836 forma,
2337 1755 2507 1841 quianon

1030 1873 1089 1938 dat
1106 1894 1184 1939 esse
1209 1883 1243 1939 et
1267 1872 1500 1939 actualitatem
1524 1894 1587 1959 per
1612 1894 1714 1958 quam
1739 1872 1972 1959 compositum
1997 1874 2125 1938 habeat
2148 1893 2227 1939 esse
2250 1871 2451 1959 simpliciter
2465 1883 2508 1940 -et

1029 1989 1213 2074 complete,
1238 1987 1318 2054 ideo
1343 1989 1538 2055 secundum
1562 1987 1646 2053 illud
1671 2011 1749 2055 esse
1774 1990 1827 2054 vel
1844 1988 2038 2055 secundum
2056 1987 2257 2054 huiusmodi
2273 1987 2508 2055 actualitatem

1030 2127 1103 2171 non
1120 2106 1227 2171 habet
1242 2126 1321 2172 esse
1337 2104 1372 2170 in
1389 2126 1520 2193 genere
1539 2107 1593 2170 vel
1607 2105 1616 2140 ¹
1631 2105 1666 2170 in
1684 2105 1803 2190 specie
1829 2105 2033 2191 simpliciter
2049 2115 2083 2171 et
2101 2104 2285 2191 complete.
2303 2105 2357 2171 De
2374 2105 2508 2172 ratione

1030 2220 1122 2288 enim
1154 2221 1228 2287 eius
1256 2223 1351 2306 quod
1379 2232 1432 2286 est
1459 2220 1493 2286 in
1521 2221 1679 2309 genere¹
1706 2221 1921 2288 substantiae
1949 2220 2151 2307 simpliciter
2177 2232 2230 2287 est
2258 2221 2354 2306 quod
2381 2222 2509 2288 habeat

1030 2338 1133 2404 esse²
1160 2337 1359 2423 simpliciter
1386 2336 1509 2403 stabile
1533 2349 1567 2403 et
1591 2337 1745 2423 quietum
1770 2338 1825 2403 vel
1849 2338 1954 2403 lixum
1979 2349 2013 2404 et
2037 2339 2250 2423 completum
2275 2359 2338 2425 per
2362 2339 2508 2404 formam

1030 2453 1240 2539 specificam.
1269 2454 1372 2520 Unde
1396 2454 1507 2520 forma
1532 2452 1698 2540 specifica
1722 2455 1896 2538 complete
1921 2446 2079 2520 consistit
2103 2475 2176 2520 non
2201 2455 2313 2520 solum
2338 2453 2373 2520 in
2398 2455 2508 2520 forma

1030 2569 1256 2650 differentiae,
1277 2570 1340 2635 sed
1358 2569 1461 2635 etiarn
1477 2568 1512 2634 in
1530 2570 1642 2635 forma
1658 2569 1808 2657 generis.
1830 2571 1896 2636 Per
1920 2571 2066 2635 formam
2091 2569 2184 2635 enim
2209 2569 2508 2636 substantialitatis

1031 2687 1086 2752 vel
1110 2685 1350 2771 corporeitatis
1376 2696 1456 2751 ante
1480 2686 1668 2752 adventum
1693 2686 1826 2752 formae
1851 2686 2038 2772 specificae
2063 2687 2168 2751 habet
2193 2686 2331 2772 species
2348 2688 2508 2752 substan·

1031 2802 1099 2868 tiae
1131 2802 1306 2886 quendam
1338 2803 1480 2867 modum
1513 2802 1730 2869 substantiae
1762 2803 1815 2867 vel
1848 2802 2006 2889 corporis
2039 2803 2288 2888 incompletum
2318 2814 2446 2882 tamen,
2475 2813 2510 2869 et

1031 2919 1225 3004 completur
1257 2917 1331 2984 eius
1359 2918 1633 2984 substantialitas
1661 2930 1696 2985 et
1723 2918 1937 3005 corporeitas
1966 2940 2028 3005 per
2055 2919 2200 2984 formam
2230 2918 2442 3004 specificam.
2471 2917 2509 2986 Si

1031 3034 1123 3101 enim
1142 3035 1209 3101 tale
1226 3034 1458 3120 compositum
1483 3036 1628 3100 haberet
1652 3057 1731 3101 esse
1755 3036 1966 3121 completum
1992 3035 2027 3101 in
2052 3056 2183 3121 genere
2207 3034 2423 3101 substantiae
2447 3055 2510 3121 per

1031 3150 1122 3217 illam
1147 3150 1291 3237 primam
1317 3152 1475 3231 formam,
1500 3152 1611 3216 forma
1636 3151 1802 3237 specifica
1826 3162 1920 3217 esset
1943 3163 2038 3217 extra
2062 3151 2231 3217 rationem
2260 3162 2294 3217 et
2321 3151 2509 3217 essentiam

1032 3266 1108 3349 talis
1137 3265 1322 3352 compositi
1351 3277 1385 3332 et
1412 3278 1506 3332 esset
1529 3266 1765 3346 accidentalis,
1791 3278 1825 3332 et
1848 3288 1887 3333 se
1912 3269 2056 3333 haberet
2080 3269 2186 3333 homo
2211 3269 2255 3332 ad
2279 3266 2509 3332 substantiam

1032 3382 1122 3448 sicut
1154 3384 1260 3448 homo
1289 3383 1389 3447 albus
1417 3382 1462 3447 ad
1492 3382 1680 3449 hominem.
1710 3384 1776 3449 l‘er
1803 3383 2046 3449 intellectivam
2077 3405 2164 3471 ergo
2192 3385 2298 3450 horno
2327 3383 2362 3448 in
2391 3382 2510 3469 specie

1032 3498 1221 3586 reponitur,
1240 3510 1272 3563 et
1290 3498 1392 3563 etiam
1409 3499 1563 3584 perfecte
1580 3520 1643 3584 per
1660 3499 1771 3584 ipsam
1788 3500 1894 3565 habet
1919 3520 1998 3565 esse
2015 3499 2049 3564 in
2069 3521 2209 3587 genere,
2228 3521 2300 3565 non
2317 3500 2377 3565 dat
2394 3510 2509 3565 tamen

1031 3614 1165 3682 homini
1183 3636 1261 3681 esse
1278 3614 1518 3695 substantiam,
1536 3615 1599 3680 sed
1615 3616 1910 3701 complementum
1927 3614 2153 3695 substantiae,
2168 3637 2234 3682 nec
2252 3637 2331 3682 esse
2352 3615 2510 3702 eorporis

1033 3732 1096 3798 sed
1120 3731 1414 3816 complementum
1439 3730 1688 3816 corporeitatis.
1714 3731 1757 3795 lit
1785 3732 1874 3796 sicut
1902 3730 2044 3796 materia
2072 3732 2177 3797 habet
2205 3753 2267 3816 per
2295 3753 2333 3798 se
2361 3733 2509 3820 gradum

1033 3845 1333 3912 substantialitatis
1358 3846 1606 3931 incompletum
1630 3857 1747 3913 tamen
1773 3847 1884 3926 valde,
1902 3846 1949 3912 ita
1974 3847 2055 3911 illud
2080 3847 2314 3932 compositum
2339 3868 2382 3914 ex
2400 3849 2511 3914 forma

1033 3964 1267 4050 praecedente
1284 3962 1506 4048 specilieam³
1522 3973 1574 4028 est
1590 3962 1786 4028 substantia
1803 3963 2024 4049 incompleta,
2049 3962 2128 4028 licet
2146 3965 2290 4028 multum
2305 3963 2512 4050 completior

1033 4101 1137 4165 quam
1161 4077 1312 4144 materia.
1338 4080 1418 4144 Non
1444 4056 1606 4144 obstante
1631 4100 1717 4167 ergo
1747 4079 1942 4165 pluralitate
1969 4081 2168 4159 formarum,
2197 4099 2276 4144 etun
2303 4102 2372 4145 una
2402 4080 2445 4146 sit
2475 4091 2511 4147 ut

1034 4192 1175 4259 materia
1199 4203 1361 4277 respectu
1386 4191 1526 4257 alterius
1551 4204 1584 4257 et
1608 4192 1675 4258 alia
1699 4194 1757 4260 det
1778 4193 1908 4278 primae
1925 4215 2004 4259 esse
2021 4194 2160 4279 comple
2188 4197 2191 4276 l
2220 4207 2304 4275 tum,
2321 4192 2384 4260 erit
2400 4216 2510 4260 unum

1034 4330 1151 4395 perse
1168 4307 1222 4374 vel
1239 4329 1302 4393 per
1326 4311 1513 4374 essentiam
1538 4329 1580 4374 ex
1604 4308 1666 4387 eiS,
1683 4308 1773 4374 sieut
1797 4330 1840 4374 ex
1864 4308 2006 4375 materia
2031 4331 2120 4394 quae
2145 4311 2341 4376 secundum
2368 4309 2511 4375 istorum

1035 4424 1238 4511 opinionem
1256 4423 1338 4489 dicit
1354 4423 1484 4509 aliquid
1501 4424 1708 4490 actualitatis
1726 4437 1759 4491 et
1776 4425 1895 4505 forma,
1910 4447 1982 4491 non
1999 4427 2161 4492 obstante
2178 4425 2379 4492 huiusmodi
2396 4436 2512 4492 actua·

1033 4541 1128 4606 litate
1148 4539 1277 4626 duplici
1300 4540 1337 4606 fit
1362 4561 1468 4605 unum
1494 4562 1557 4626 per
1580 4541 1777 4606 essentiam.
1802 4541 1845 4606 Et
1870 4542 1960 4606 sieut
1983 4553 2106 4606 natura
2131 4564 2319 4626 numquam
2341 4553 2513 4628 permutat

1034 4656 1212 4722 materiam
1236 4654 1311 4721 sine
1335 4655 1447 4721 forma
1470 4657 1515 4721 ad
1539 4678 1642 4741 quam
1667 4657 1778 4722 estin
1803 4656 1969 4742 potentia,
1987 4657 2043 4722 ut⁴
2060 4680 2122 4743 per
2145 4657 2257 4743 ipsam
2280 4660 2408 4724 habeat
2433 4679 2512 4724 esse

1036 4773 1261 4858 completum,
1278 4771 1324 4837 ita
1349 4771 1451 4837 etiam
1476 4794 1665 4858 numquam
1690 4772 1778 4838 sistit
1802 4775 1867 4838 sub
1892 4773 2002 4858 prima
2019 4774 2141 4853 forma,
2159 4775 2221 4840 sed
2244 4773 2411 4839 continue
2434 4796 2513 4859 pro·

1037 4888 1129 4954 cedit
1152 4899 1274 4954 natura
1300 4890 1344 4953 ad
1369 4888 1514 4953 formam
1539 4889 1748 4974 completam
1773 4888 1973 4974 specificam
1998 4890 2169 4974 adquam
2194 4888 2306 4954 estin
2331 4889 2513 4975 potentia⁴

1035 5016 1069 5071 et
1097 5004 1291 5091 completur
1319 5026 1381 5090 per
1408 5025 1494 5069 eam.
1513 5005 1616 5071 Unde
1644 5005 1845 5071 huiusmodi
1869 5005 2103 5090 compositum
2131 5006 2347 5091 praecedens
2372 5016 2514 5072 nonest

1035 5119 1269 5208 principaliter
1299 5119 1496 5186 intentum⁶
1522 5141 1542 5185 a
1570 5132 1703 5201 natura,
1733 5122 1796 5187 sed
1821 5134 1874 5187 est
1906 5121 2033 5206 quasi⁰
2060 5122 2236 5207 quoddam
2256 5121 2407 5187 medium
2442 5143 2512 5207 quo

1034 5248 1157 5303 natura
1184 5236 1356 5323 incipiens
1382 5258 1402 5301 a
1428 5236 1540 5322 primo
1569 5237 1797 5303 fundamento
1822 5248 1965 5303 naturae
1997 5238 2137 5303 devenit
2172 5237 2217 5302 ad
2241 5238 2453 5323 completum
2479 5248 2514 5303 et

1035 5352 1238 5440 specificum
1266 5374 1330 5418 ens
1363 5353 1457 5437 quod
1487 5350 1642 5418 intendit.
1673 5392 1714 5400 —
1743 5353 1792 5418 lta
1823 5353 1926 5419 etiam
1955 5353 1988 5418 in
2022 5353 2235 5419 resolutione
2263 5364 2407 5419 naturae
2441 5374 2513 5419 non

1036 5469 1184 5556 quiescit
1213 5471 1329 5534 donec
1359 5468 1540 5536 resolverit
1571 5469 1604 5533 in
1638 5469 1838 5534 huiusmodi
1875 5470 2022 5555 primum
2059 5470 2326 5535 fundamentum
2358 5480 2512 5535 naturae.

1036 5585 1139 5652 Unde
1171 5596 1307 5651 mortuo
1342 5583 1509 5650 homine⁷
1538 5606 1610 5649 non
1642 5584 1871 5650 introducitur
1901 5607 1992 5651 nova
2026 5587 2137 5651 forma
2166 5585 2344 5671 specifica,
2373 5586 2437 5651 sed
2462 5595 2515 5652 est

1037 5701 1225 5767 continuus
1249 5722 1439 5787 processus
1467 5700 1701 5786 corruptionis
1731 5702 1957 5767 resolutorius
1981 5702 2026 5767 ad
2057 5702 2118 5766 fun
2150 5706 2155 5787 Ι
2189 5702 2390 5767 damentum
2416 5722 2515 5788 prae·

1128 5988 1195 6040 ¹vel
1210 6020 1242 6026 -
1256 5990 1375 6058 genere]
1396 6004 1451 6040 ont.
1466 5986 1496 6040 P.
1516 6019 1549 6025 -
1570 5988 1580 6018 ²
1599 6005 1653 6040 ortt.
1668 5987 1700 6041 l'.
1715 6019 1747 6026 -
1767 5986 1931 6057 ³speeilicu
1951 5989 1981 6040 l‘.
2002 6019 2035 6025 -
2056 5990 2110 6040 ‘ut
2129 6004 2182 6057 per
2202 5987 2295 6057 ipsum
2315 6018 2348 6026 -—
2368 5985 2513 6058 potentia}

1036 6091 1091 6129 om.
1112 6074 1142 6129 Ρ.
1161 6106 1194 6114 -
1215 6077 1268 6130 let
1286 6075 1354 6128 add.
1375 6074 1405 6128 P.
1421 6106 1453 6113 —
1473 6074 1551 6128 οοηι.
1572 6074 1602 6130 P.
1624 6106 1656 6113 -
1679 6076 1816 6131 'mortuo
1830 6074 1957 6147 homine}
1972 6074 2089 6129 homine
2109 6083 2224 6132 mortuo
2244 6075 2275 6129 P.
