6700 7992
1272 1459 1468 1540 Qunmun
1497 1449 1795 1538 ouoousssruu,
1824 1468 1860 1539 Q.
1889 1450 1931 1522 m
2286 1459 2338 1521 aa·

859 1643 953 1713 aliud
977 1657 1167 1713 extremum
1192 1647 1226 1713 in
1251 1646 1432 1728 infinitum,
1446 1661 1587 1733 propter
1611 1648 1707 1733 quod
1724 1648 1894 1735 contingit
1916 1650 1961 1712 ad
1978 1648 2092 1733 ipsum
2116 1649 2287 1714 accedere
2304 1659 2338 1715 et

858 1785 1038 1848 nunquam
1056 1763 1226 1851 contingit
1243 1763 1356 1848 ipsum
1381 1763 1562 1851 attingere,
1587 1785 1629 1829 eo
1655 1765 1750 1849 quod
1775 1764 1909 1830 ratione
1926 1786 2011 1829 suae
2029 1764 2182 1829 infinitae
2205 1765 2337 1849 perfec-

858 1878 963 1944 tionis
988 1878 1143 1945 continet
1169 1879 1204 1943 in
1229 1900 1268 1944 se
1292 1879 1391 1964 quasi
1416 1878 1570 1944 infinitos
1594 1882 1725 1965 gradus
1750 1879 2002 1965 perfectionum
2028 1882 2223 1945 secundum
2240 1882 2337 1945 intel-

858 1994 984 2070 lectum
1011 1994 1046 2060 in
1071 1994 1149 2079 ipso
1174 1994 1451 2079 acceptabilium,
1477 1996 1670 2060 secundum
1696 2016 1785 2079 quos
1809 1995 1844 2060 in
1869 1995 2039 2060 infinitum
2065 2007 2117 2060 est
2142 1997 2336 2061 secundum

859 2109 1014 2175 diversas
1030 2110 1266 2196 perfectiones
1283 2110 1413 2176 entium
1431 2111 1613 2175 imitabilis.
2036 2191 2039 2197 Ι

946 2226 1019 2292 Sed
1033 2226 1117 2291 nihil
1134 2227 1226 2292 circa
1242 2228 1311 2292 hoc
1326 2227 1590 2292 determinando
1615 2228 1678 2293 sed
1695 2227 1919 2313 probabiliter
1943 2230 2227 2308 coniecturand0,
2244 2229 2336 2294 vide·

856 2353 911 2407 tur
927 2364 1034 2429 posse
1051 2342 1134 2429 poni
1157 2342 1367 2408 contrarium
1392 2342 1513 2427 primu,
1536 2344 1669 2408 ratione
1695 2344 1911 2409 determinati
1929 2356 1962 2409 et
1987 2345 2136 2409 ordinati
2161 2346 2336 2430 appetitus

856 2459 1021 2524 naturalis
1037 2459 1143 2524 totius
1160 2459 1249 2525 entis
1267 2458 1371 2523 creati
1388 2459 1442 2523 vel
1460 2459 1628 2524 creabilis.
1648 2461 1737 2524 Cum
1762 2460 1852 2524 enim
1876 2460 2043 2545 perfectio
2068 2471 2101 2525 et
2124 2461 2243 2539 forma,
2262 2461 2335 2525 sive

856 2586 955 2640 actus
979 2597 999 2639 a
1023 2596 1093 2659 quo
1118 2586 1176 2640 est·
1187 2595 1266 2640 esse
1283 2575 1379 2658 quod
1396 2574 1514 2639 omnia
1531 2587 1711 2660 appetunt,
1729 2575 1772 2640 sit
1788 2575 1824 2640 id
1841 2577 1885 2640 ad
1902 2578 1996 2661 quod
2014 2588 2136 2641 natura
2159 2577 2334 2641 universa-

854 2690 930 2756 liter
960 2690 1115 2777 appetitu
1144 2690 1303 2756 ordinato
1332 2712 1395 2776 per
1421 2713 1459 2756 se
1483 2691 1604 2771 tendit,
1628 2713 1699 2756 non
1724 2691 1860 2756 videtur
1884 2692 2060 2776 possibilis
2085 2714 2274 2777 processus
2299 2693 2333 2757 in

834 2827 838 2835 ’
854 2806 1026 2872 infinitum
1044 2807 1088 2872 de
1105 2808 1215 2871 forma
1229 2806 1274 2888 ,in
1299 2807 1456 2887 formam,
1482 2807 1540 2891 qui
1564 2829 1743 2890 nunquam
1760 2808 1871 2891 possit
1887 2808 2006 2872 reduci
2024 2809 2058 2871 in
2076 2820 2189 2873 actum
2207 2808 2334 2894 simpli-

854 2922 939 2988 citer
965 2934 1000 2989 et
1027 2924 1247 3008 completum.
1277 2924 1384 2988 Immo
1414 2944 1492 2988 cum
1520 2922 1612 2988 entia
1642 2923 1798 3007 perfecta
1826 2923 1937 3010 magis
1967 2924 2035 2988 sint
2067 2926 2111 2989 de
2138 2924 2333 2991 intentione

853 3050 996 3104 naturae
1013 3051 1047 3105 et
1070 3039 1182 3126 magis
1207 3060 1269 3125 per
1292 3060 1331 3104 se
1355 3061 1376 3103 a
1399 3050 1522 3103 natura
1546 3050 1755 3123 appetantur
1779 3039 1927 3104 maiores
1945 3040 2189 3124 perfectiones,
2214 3040 2333 3106 incon-

852 3156 996 3222 veniens
1025 3155 1160 3220 videtur
1187 3156 1283 3239 quod
1309 3155 1352 3219 sit
1377 3166 1488 3219 status
1513 3153 1546 3218 in
1576 3154 1715 3219 entibus
1739 3154 1960 3241 imperfectis
1987 3167 2020 3221 et
2044 3157 2139 3241 quod
2164 3170 2331 3241 quantum

852 3273 897 3338 ad
924 3272 981 3336 illa
1005 3271 1117 3357 possit
1140 3271 1315 3356 appetitus
1339 3270 1505 3336 naturalis
1530 3270 1706 3336 terminari
1730 3270 1780 3336 sic
1804 3272 1899 3355 quod
1924 3283 2040 3357 potest
2065 3293 2143 3338 esse
2168 3273 2235 3338 tale
2260 3295 2330 3357 quo

2386 3368 2452 3421 cod.
2468 3370 2491 3421 V

852 3388 896 3453 im
919 3391 923 3473 l
944 3388 1133 3474 perfectius
1158 3408 1238 3452 esse
1262 3409 1333 3451 non
1358 3398 1484 3471 potest,
1501 3398 1535 3451 et
1550 3409 1620 3452 non
1646 3387 1690 3452 sit
1706 3399 1816 3452 status
1834 3388 1868 3451 in
1894 3387 2066 3472 perfectis,
2083 3388 2130 3452 ita
2147 3390 2242 3472 quod
2259 3411 2329 3454 non
2353 3437 2401 3493 fol.
2417 3443 2470 3494 283
2485 3441 2525 3495 R,

852 3504 894 3570 sit
919 3525 1051 3590 ponere
1075 3504 1122 3568 ita
1145 3504 1336 3590 perfectum
1362 3502 1445 3587 quin
1470 3513 1551 3568 nata
1575 3504 1618 3568 sit
1642 3524 1721 3568 esse
1746 3503 1940 3588 perfectior.
1965 3504 2009 3569 Et
2036 3507 2071 3568 in
2101 3506 2169 3570 hoc
2196 3504 2331 3571 videtur

851 3621 996 3686 fundata
1013 3620 1157 3686 intentio
1175 3618 1373 3685 Aristotelis
1391 3622 1436 3702 (1)
1455 3619 1602 3699 dicentis
1620 3620 1715 3702 quod
1733 3640 1805 3684 non
1830 3631 1883 3684 est
1899 3641 2088 3705 processus
2105 3620 2140 3685 in
2158 3620 2329 3686 infinitum

851 3736 886 3801 in
904 3736 1110 3821 corporibus
1134 3757 1197 3822 per
1220 3747 1456 3823 augmentum.
1482 3734 1541 3800 Sic
1558 3734 1651 3799 enim
1675 3744 1770 3800 esset
1793 3755 1923 3820 corpus
1948 3746 2027 3801 actu
2052 3735 2233 3817 infinitum,
2251 3757 2330 3802 cum

851 3853 920 3917 hoc
948 3852 993 3917 sit
1021 3851 1069 3917 ire
1098 3852 1142 3916 ad
1169 3852 1315 3916 formam
1343 3860 1377 3916 et
1401 3849 1652 3935 perfectionem
1678 3860 1712 3915 et
1736 3871 1815 3916 esse
1843 3851 2044 3936 simpliciter
2067 3873 2157 3935 quae
2184 3866 2264 3918 sunt
2289 3854 2332 3919 de

851 3967 1044 4033 intentione
1062 3967 1237 4053 appetitus
1254 3965 1455 4052 principalis
1473 3977 1626 4047 naturae,
1652 3987 1757 4051 quem
1786 3987 1990 4052 processum
2011 3978 2134 4032 natura
2153 3990 2331 4053 nunquam

851 4083 1042 4163 inchoaret,
1060 4082 1126 4147 nisi
1150 4082 1244 4147 illum
1262 4082 1429 4167 perlicere
1446 4093 1570 4167 potest.
1589 4082 1617 4145 E
1635 4092 1766 4162 contra,
1787 4093 1840 4147 est
1863 4103 2052 4168 processus
2073 4082 2108 4147 in
2126 4084 2332 4169 corporibus

851 4199 887 4265 in
903 4199 1073 4265 infinitum
1091 4200 1285 4264 secundum
1304 4198 1550 4265 deductionem
1567 4200 1621 4263 vel
1639 4197 1796 4264 continui
1813 4197 2030 4278 divisionem,
2047 4219 2114 4264 nec
2131 4211 2246 4265 tamen
2270 4200 2332 4265 erit

851 4336 979 4401 corpus
996 4326 1076 4381 actu
1100 4314 1248 4379 divisum
1274 4314 1309 4379 in
1332 4314 1515 4394 infinitum,
1532 4335 1599 4380 nec
1623 4313 1823 4380 huiusmodi
1847 4314 2002 4400 potentia
2024 4325 2140 4400 potest
2157 4316 2331 4381 terminari

850 4432 1024 4517 complete
1048 4431 1204 4514 eoquod
1228 4451 1365 4515 semper
1390 4441 1443 4495 est
1466 4441 1566 4495 actus
1590 4430 1780 4515 permixtus
1804 4431 1993 4516 potentiae,
2011 4431 2057 4496 ita
2072 4432 2167 4515 quod
2192 4453 2332 4518 semper

850 4570 958 4612 unum
975 4557 1009 4613 et
1024 4547 1117 4613 idem
1133 4569 1280 4612 numero
1296 4556 1451 4612 remanet
1468 4544 1502 4610 in
1520 4545 1675 4632 potentia
1693 4558 1730 4611 ut
1745 4546 1887 4611 ulterius
1905 4546 2085 4612 dividatur.
2110 4547 2182 4613 Sed
2200 4547 2235 4613 in
2252 4570 2330 4634 pro-

850 4683 953 4728 cessu
971 4663 1015 4728 ad
1033 4684 1112 4729 esse
1129 4663 1173 4728 ad
1190 4662 1336 4727 formam
1360 4662 1636 4746 unumquodque
1656 4661 1701 4726 ita
1718 4662 1912 4748 completur
1927 4684 1990 4747 per
2007 4674 2122 4727 actum
2144 4665 2240 4747 quod
2257 4686 2330 4729 non

849 4789 1006 4845 remanet
1029 4778 1186 4865 potentia
1210 4779 1254 4843 ad
1280 4777 1475 4843 ulteriorem
1500 4776 1723 4842 additionem.
1749 4778 1853 4843 Unde
1877 4778 1960 4843 dicit
1984 4778 2204 4865 Augustinus
2223 4783 2269 4863 (2)
2294 4780 2329 4845 in

849 4893 1020 4981 principio
1046 4896 1090 4961 de
1113 4895 1205 4960 Vera
1229 4893 1437 4981 Religione:
1469 4894 1567 4959 Deus
1592 4905 1645 4958 est
1668 4892 1876 4979 principium
1905 4893 2060 4958 omnium
2084 4905 2284 4960 naturarum
2310 4918 2330 4960 a

849 5031 919 5095 quo
946 5010 1153 5076 universitas
1177 5021 1211 5077 et
1234 5010 1420 5075 inchoatur
1443 5019 1477 5074 et
1511 5010 1689 5095 perficitur
1712 5020 1746 5075 et
1774 5008 1980 5075 continetur.
2017 5011 2088 5075 Sed
2116 5012 2160 5075 ab
2189 5032 2232 5076 eo
2256 5033 2329 5077 non

848 5136 971 5212 posset
987 5125 1195 5192 universitas
1210 5125 1330 5211 perfici
1347 5126 1376 5190 si
1394 5146 1532 5211 semper
1548 5136 1642 5191 esset
1658 5146 1846 5212 processus
1860 5125 1894 5190 in
1912 5125 2082 5191 infinitum
2100 5126 2194 5191 dicto
2212 5128 2327 5192 modo.

840 5310 841 5314 ,
936 5242 1016 5307 Hoc
1033 5241 1137 5307 etiam
1160 5241 1295 5307 videtur
1319 5240 1454 5307 ratione
1477 5240 1691 5306 limitationis
1708 5263 1799 5325 quae
1816 5241 2042 5326 consequitur
2070 5242 2329 5309 denominative

848 5378 1132 5442 unamquamque
1148 5367 1342 5423 creaturam
1367 5367 1401 5422 et
1429 5356 1531 5423 etiam
1557 5356 1815 5422 universitatem
1841 5357 2006 5422 omnium.
2025 5359 2115 5422 Cum
2140 5358 2231 5423 enim
2256 5358 2328 5423 uni·

847 5472 992 5540 versitas
1017 5472 1147 5539 entium
1173 5486 1368 5539 creatorum
1385 5473 1440 5538 vel
1457 5472 1657 5537 creabilium
1683 5473 1749 5537 sub
1774 5472 2010 5537 determinatis
2026 5474 2215 5559 generibus
2237 5475 2328 5540 clau·

847 5590 959 5671 datur,
974 5589 1110 5655 videtur
1133 5591 1228 5674 quod
1252 5588 1464 5674 possibilitas
1489 5601 1724 5654 creaturarum
1748 5589 1792 5652 ad
1818 5588 1971 5653 infinitos
1993 5600 2026 5654 et
2042 5589 2328 5656 indeterminatos

846 5706 978 5793 gradus
995 5703 1193 5771 nullatenus
1210 5726 1248 5771 se
1271 5706 1443 5770 extendat.
1463 5704 1585 5769 Genus
1610 5703 1712 5769 enim'
1720 5713 1893 5789 potestate
1918 5704 2129 5770 differentias
2150 5705 2327 5787 continet;

935 5991 974 6055 (1)
996 5986 1055 6042 Cfr.
1075 5987 1307 6054 Aristoteles,
1328 5987 1440 6056 Physic.
1460 5987 1478 6040 l.
1492 5990 1517 6053 3,
1537 6004 1561 6040 c.
1575 5990 1593 6040 4
1613 5985 1653 6053 (in
1668 5986 1736 6053 sm),
1757 6004 1781 6039 c.
1794 5989 1811 6039 b
1825 5994 1853 6040 et
1867 6004 1891 6040 c.
1905 5988 1921 6039 7
1934 5987 2019 6054 (init.)
2038 5992 2078 6059 (p.
2092 5991 2145 6043 204
2158 5997 2187 6043 et
2200 5991 2273 6058 207).
2293 6020 2326 6031 -

845 6079 885 6147 (2)
905 6074 1099 6149 Augustini
1112 6077 1158 6130 De
1170 6094 1241 6131 vera
1255 6077 1400 6148 religione
1413 6093 1437 6129 c.
1453 6080 1466 6130 1
1481 6076 1524 6143 (P.
1535 6076 1576 6143 L.,
1589 6075 1646 6129 vol.
1660 6078 1705 6143 34,
1718 6075 1773 6128 col.
1789 6077 1840 6129 122
1853 6085 1917 6146 sq).
