6700 7992
1113 1418 1165 1468 272
1475 1412 1667 1468 MAGISTRI
1697 1412 1918 1468 GODEFRIDI
1947 1413 1998 1467 DE
2027 1411 2226 1468 FONTlBUS

1115 1598 1195 1660 dum
1232 1617 1280 1674 se,
1317 1594 1449 1660 scilicet
1484 1596 1565 1659 dare
1596 1593 1656 1659 uni
1687 1595 1785 1679 plura
1820 1602 1854 1659 et
1882 1593 1996 1658 minus
2031 1594 2126 1657 bono
2158 1593 2279 1658 maius
2306 1593 2377 1659 Sed
2407 1613 2488 1659 curn
2521 1613 2591 1657 una

921 1685 1091 1812 sofffflf„
1115 1712 1272 1778 eminens
1297 1714 1301 1794 l
1334 1732 1484 1797 persona
1508 1711 1587 1795 plus
1612 1709 1748 1795 potest¹
1772 1709 1941 1795 prolicere
1966 1708 2001 1773 in
2026 1710 2163 1775 duabus
2181 1732 2290 1794 quam
2309 1711 2399 1775 duae
2417 1729 2591 1796 personae

1115 1827 1319 1906 mediocres,
1355 1827 1408 1892 vel
1444 1848 1522 1891 cum
1559 1825 1682 1910 aliquis
1718 1825 1904 1891 universali
1939 1824 2120 1891 Ecclesiae
2155 1828 2233 1911 plus
2269 1836 2386 1911 potest
2421 1825 2590 1911 prolicere

1113 1945 1309 2009 nechabet
1340 1943 1495 2019 redditus
1521 1941 1746 2022 sufficientes
1779 1953 1862 2006 tunc
1899 1944 2030 2006 bonum
2063 1952 2116 2008 est
2151 1942 2247 2027 quod
2279 1941 2338 2007 tali
2373 1942 2473 2027 plura
2508 1962 2591 2006 con·

1116 2061 1268 2125 ferantur
1292 2058 1461 2124 beneficia
1487 2070 1520 2124 et
1537 2060 1631 2143 quod
1649 2080 1768 2123 secum
1794 2057 1826 2122 in
1853 2060 1921 2123 hoc
1945 2057 2176 2143 dispensetur.
2204 2058 2305 2124 Unde
2330 2059 2530 2123 Bernardus
2543 2061 2590 2141 (1)

1116 2176 1160 2240 ad
1206 2176 1448 2240 Theobaldum
1496 2174 1683 2239 comitem:
1730 2177 1883 2239 honores
1924 2185 1958 2239 et
1997 2174 2183 2262 dignitates
2230 2174 2491 2240 ecclesiasticae
2536 2174 2590 2239 his

1116 2293 1287 2357 debentur
1322 2291 1379 2375 qui
1416 2314 1475 2355 eas
1511 2290 1617 2376 digne
1653 2301 1687 2355 ct
1726 2292 1919 2355 secundum
1959 2291 2073 2355 Deum
2112 2289 2351 2356 administrare
2390 2289 2527 2377 possint
2557 2301 2591 2356 et

1115 2407 1230 2472 velint.
1267 2407 1348 2471 Non
1391 2406 1554 2491 cuiquam
1602 2407 1718 2492 plures
1755 2406 1788 2470 in
1836 2407 1992 2491 pluribus
2039 2405 2197 2472 ecclesiis
2229 2407 2358 2472 habere
2397 2407 2478 2472 licet
2523 2407 2590 2472 nisi

1115 2522 1380 2608 dispensatione
1419 2525 1464 2587 ob
1505 2544 1667 2605 inagnam
1707 2523 1760 2587 vel
1801 2521 1972 2587 ccclesiae
2023 2523 2267 2588 necessitatem
2316 2525 2369 2588 vel
2417 2544 2591 2608 personae
2639 2525 2642 2531 '

1116 2639 1294 2705 utilitatem
1319 2662 1390 2703 non
1415 2638 1589 2724 propriam
1625 2639 1688 2702 sed
1725 2659 1946 2703 communem
1980 2638 2161 2717 ecclesiae,
2187 2648 2224 2703 ut
2256 2638 2385 2703 dictum
2422 2649 2484 2704 est.
2511 2639 2591 2705 Alio

1115 2776 1200 2841 ergo
1226 2756 1332 2819 modo
1357 2766 1409 2820 est
1433 2756 1561 2819 malma
1586 2755 1715 2819 habere
1740 2754 1839 2839 plura
1864 2753 2034 2818 beneficia
2060 2766 2093 2818 et
2118 2756 2304 2819 comedere
2327 2776 2451 2819 carnes
2475 2755 2591 2839 aliqua

1115 2870 1172 2934 die
1211 2883 1304 2935 certa
1343 2870 1526 2955 prohibita,
1563 2882 1596 2935 et
1632 2870 1697 2934 alia
1734 2871 1838 2934 debet
1874 2893 1952 2934 esse
1989 2870 2075 2935 ratio
2115 2869 2343 2954 dispensandi
2379 2870 2461 2935 hinc
2498 2871 2589 2937 inde.

1115 2987 1203 3050 Nam
1228 2986 1256 3049 si
1277 3009 1368 3071 papa
1387 2997 1562 3051 amoveret
1580 2998 1744 3050 statutum
1769 2987 1933 3072 gencrale
1951 3009 2020 3070 quo
2046 2986 2274 3071 prohibentur
2298 2987 2397 3071 plura
2415 2987 2587 3052 beneficia

1114 3103 1222 3166 teneri
1248 3102 1358 3177 simul,
1384 3114 1498 3166 tamen
1532 3101 1757 3166 nihilominus
1792 3103 1908 3166 adhuc
1943 3113 2037 3167 esset
2062 3103 2188 3167 malum
2225 3102 2260 3166 in
2285 3102 2417 3167 eisdem
2449 3102 2591 3168 casibus

1113 3217 1300 3300 inquibus
1335 3239 1429 3282 nunc
1462 3219 1589 3281 malum
1615 3229 1676 3282 est.
1705 3217 1776 3282 Sed
1813 3239 1906 3282 nunc
1941 3217 2067 3282 malum
2101 3227 2153 3283 est
2188 3229 2222 3282 et
2257 3219 2451 3283 secundum
2488 3239 2527 3284 se
2558 3230 2592 3284 et

1114 3333 1247 3398 ratione
1273 3333 1529 3418 prohibitionis3
1554 3345 1638 3398 tunc
1662 3345 1775 3398 autem
1794 3335 1907 3398 solum
1932 3334 2127 3398 secundum
2152 3355 2200 3398 se.
2227 3334 2298 3399 Sed
2315 3334 2344 3398 si
2369 3345 2590 3400 amoveretur

1113 3461 1340 3534 praeceptum
1375 3470 1445 3533 quo
1482 3450 1710 3534 prohibentur
1742 3470 1866 3514 carnes
1901 3449 2016 3533 aliqua
2041 3462 2135 3514 certa
2171 3449 2236 3527 die,
2262 3449 2464 3535 simpliciter
2496 3462 2591 3517 esset

1113 3564 1243 3630 licitum
1269 3567 1464 3631 comedere.
1491 3566 1527 3629 ln
1554 3566 1664 3650 primo
1690 3588 1774 3651 ergo
1800 3587 1883 3629 casu
1909 3565 2125 3650 dispensatio
2151 3587 2222 3630 non
2252 3565 2334 3631 facit
2358 3566 2499 3657 licitum,
2526 3568 2590 3632 sed

1119 3680 1154 3747 in
1179 3683 1337 3746 secundo
1362 3702 1446 3747 casu
1470 3681 1561 3747 facit.
1588 3682 1624 3745 ln
1657 3703 1726 3745 una
1757 3694 1873 3746 tamen
1899 3681 2048 3746 ccclesia
2072 3681 2170 3745 simul
2203 3683 2303 3766 plura
2327 3694 2490 3747 tenentur
2514 3682 2591 3748 sine

1115 3821 1208 3864 nova
1232 3799 1285 3862 vel
1310 3796 1453 3882 speciali
1478 3797 1740 3881 dispensatione
1759 3809 1793 3861 ut
1818 3798 2020 3882 praebenda
2045 3807 2078 3862 et
2094 3797 2400 3862 archidiaconatus
2417 3809 2451 3865 et
2475 3812 2590 3865 cetera
2633 3845 2635 3848 -

1115 3935 1204 3999 quae
1229 3924 1345 3978 tamen
1370 3912 1497 3977 alicubi
1522 3912 1792 3999 distinguuntur,
1818 3923 1851 3978 et
1876 3913 2062 3997 aliquando
2088 3913 2121 3977 in
2148 3913 2292 3978 diversis
2326 3925 2361 3978 ut
2386 3916 2587 3999 praebenda

1114 4052 1193 4096 curn
1218 4028 1332 4112 aliqua
1366 4028 1533 4116 dignitate
1569 4029 1708 4093 alterius
1745 4029 1914 4095 ecclesiae
1949 4028 2139 4113 antiquitus
2170 4051 2316 4094 annexa.
2350 4029 2448 4096 Sicut
2473 4040 2589 4096 autem

1112 4145 1243 4210 licitum
1291 4155 1343 4209 est
1389 4156 1506 4209 tenere
1553 4144 1653 4209 simul
1702 4146 1937 4230 praebendam
1986 4156 2019 4208 et
2066 4145 2387 4233 archidiaconatum
2431 4147 2589 4212 eiusdem

1113 4260 1284 4327 ecclesiae
1322 4260 1397 4325 sine
1437 4282 1528 4325 nova
1568 4260 1841 4345 dispensatione,
1881 4262 1932 4325 vol
1974 4261 2210 4346 praebendam
2258 4261 2292 4326 in
2331 4284 2400 4326 uua
2439 4263 2590 4328 ecclesia

1113 4387 1148 4443 et
1184 4376 1486 4462 praeposituram²
1522 4376 1555 4440 in
1588 4377 1664 4456 alia,
1690 4376 1736 4440 ita
1771 4378 1871 4442 ctiam
1909 4399 1986 4441 cum
2013 4399 2105 4442 nova
2141 4377 2405 4463 dispensatione
2439 4389 2590 4463 possunt

1114 4494 1203 4562 haec
1228 4492 1405 4580 coniungi.

1202 5451 1209 5482 ¹
1223 5459 1325 5521 posset
1344 5451 1378 5504 V.
1400 5482 1431 5489 -
1452 5450 1721 5521 'praepositorium
1735 5453 1769 5504 V.

1199 5686 1238 5741 tl)
1272 5682 1444 5735 Bernardi
1475 5683 1613 5753 Epistula
1640 5682 1785 5736 Ct'LXXl
1811 5685 1851 5736 od
1879 5684 2023 5737 Comitem
2052 5683 2240 5754 Compam'ae
2266 5684 2465 5737 Theobaldum
2487 5684 2529 5745 (P.
2550 5685 2590 5750 L.‚

1110 5772 1167 5824 vol.
1190 5774 1250 5835 18¹2,
1270 5770 1325 5822 col.
1341 5772 1425 5835 itm:
1448 5792 1459 5815 ι’
1512 5770 1585 5822 Nam
1606 5772 1732 5823 honoros
1752 5779 1781 5823 ct
1801 5771 1960 5841 dignitates
1979 5771 2197 5824 ecclesiasticas
2212 5789 2270 5824 non
2291 5770 2395 5839 ignoro
2415 5771 2517 5825 deberi
2537 5772 2590 5837 his,

1110 5860 1159 5932 qui
1179 5877 1230 5912 eas
1250 5858 1339 5928 digne
1353 5859 1514 5912 secundum
1536 5860 1629 5911 llcum
1644 5858 1846 5911 administrare
1861 5867 1890 5912 et
1904 5859 1993 5911 velint
2007 5869 2035 5912 et
2050 5858 2189 5929 possint...
2208 5859 2282 5911 Nam
2303 5877 2358 5912 nec
2378 5859 2524 5929 cuiquam,
2542 5859 2590 5913 vel

1110 5948 1219 6010 adulto,
1239 5946 1338 6017 plures
1358 5946 1386 5999 in
1407 5946 1538 6017 pluribus
1559 5945 1693 5999 ecclesiis
1713 5946 1822 5999 habere
1841 5946 1917 6011 licet,
1937 5946 1991 5998 nisi
2012 5945 2226 6016 dispensatoria
2247 5945 2374 6016 quidem,
2394 5947 2432 6000 ob
2452 5963 2589 6018 magnam

1110 6034 1156 6095 vel
1177 6033 1328 6091 Ecclesiae
1348 6034 1565 6099 necessitatem,
1585 6033 1631 6089 vel
1651 6050 1841 6103 personarum
1862 6032 2051 6098 utilitatem»
2507 6018 2514 6028 “
