6700 7992
1037 1477 1086 1529 192
1399 1472 1591 1530 MAGISTRI
1620 1473 1841 1530 GODEFRlDl
1870 1473 1922 1528 DE
1950 1472 2148 1530 FONTlBUS

1036 1654 1205 1735 existenti,
1238 1664 1377 1742 oportet
1407 1654 1503 1740 quod
1534 1654 1635 1721 simul
1667 1676 1747 1722 cum
1776 1654 1862 1741 ipsis
1889 1656 2017 1722 habeat
2047 1654 2122 1721 fieri
2154 1654 2208 1720 vel
2241 1676 2319 1723 esse
2351 1655 2385 1721 id
2417 1654 2513 1741 quod

1036 1783 1088 1839 est
1127 1770 1283 1838 extensio
1324 1769 1562 1852 essentialiter,
1602 1791 1674 1837 non
1714 1771 1855 1856 quidem
1886 1782 1923 1837 ut
1962 1770 2038 1856 ipsa
2068 1770 2260 1837 informans
2292 1771 2355 1837 sed
2387 1782 2424 1837 ut
2463 1771 2513 1837 eis

1036 1889 1208 1954 substrata
1240 1887 1334 1973 si[n]t
1367 1896 1401 1953 et
1435 1886 1668 1954 substernitur
1696 1908 1776 1953 cum
1808 1889 1939 1954 habent
1971 1909 2048 1953 esse
2079 1887 2114 1952 in
2146 1888 2352 1953 substantia.
2385 1888 2457 1954 Sed
2484 1888 2514 1952 si

1036 2003 1231 2070 accidentia
1247 2024 1490 2089 quaecumque
1507 2025 1597 2088 quae
1625 2002 1788 2070 dicuntur
1815 2005 1944 2070 habere
1969 2025 2048 2070 esse
2072 2003 2152 2090 quia
2176 2003 2309 2070 suntin
2334 2004 2513 2085 existente,

1035 2121 1119 2187 fiant
1144 2121 1200 2186 vel
1227 2121 1380 2186 habeant
1408 2140 1487 2186 esse
1514 2119 1590 2186 sine
1618 2119 1824 2201 substantia,
1853 2129 1991 2206 oportet
2019 2121 2115 2205 quod
2146 2120 2206 2185 fiat
2237 2141 2317 2186 cum
2350 2120 2400 2186 eis
2432 2141 2513 2186 esse

1035 2258 1105 2322 quo
1136 2235 1214 2302 sint.
1244 2236 1317 2302 Sed
1347 2256 1420 2301 non
1451 2245 1569 2322 potest
1599 2257 1639 2303 se
1669 2237 1800 2302 habere
1832 2237 1878 2301 ad
1909 2236 2097 2303 essentiam
2129 2236 2247 2302 talium
2280 2226 2513 2302 accidentium

1036 2364 1074 2418 ut
1101 2352 1184 2437 quid
1218 2354 1430 2418 substratum
1458 2351 1493 2417 in
1521 2373 1591 2437 quo
1619 2350 1840 2438 recipiantur,
1869 2350 1949 2436 quia
1978 2373 2057 2419 esse
2092 2354 2303 2418 substratum
2332 2353 2515 2438 quantitati

1035 2481 1069 2534 et
1110 2469 1274 2534 omnibus
1313 2467 1555 2536 accidentibus
1594 2469 1790 2535 secundum
1829 2468 1915 2534 istos
1955 2479 2008 2535 est
2046 2490 2125 2534 esse
2168 2468 2385 2535 substantiae
2424 2491 2515 2554 quae

1035 2585 1176 2671 ponitur
1199 2606 1271 2650 non
1296 2606 1375 2652 esse
1399 2583 1462 2653 sed
1487 2596 1524 2650 ut
1550 2583 1741 2651 formalitas
1766 2586 1938 2670 quaedam
1967 2584 2120 2671 ipsorum
2151 2585 2394 2651 accidentium.
2420 2584 2514 2673 Ergo

1035 2701 1148 2781 etiam,
1181 2720 1260 2767 cum
1295 2702 1428 2767 habent
1458 2699 1658 2767 huiusmodi
1690 2699 1885 2767 accidentia
1917 2723 1996 2767 esse
2028 2701 2062 2766 in
2090 2701 2260 2782 subiect0,
2288 2723 2359 2767 non
2383 2703 2516 2767 habent

1035 2839 1114 2885 esse
1153 2838 1216 2904 per
1255 2816 1397 2902 aliquod
1436 2838 1515 2884 esse
1553 2819 1766 2884 substratum
1806 2817 1856 2885 eis
1896 2818 1977 2902 quia
2014 2818 2146 2883 scilicet
2186 2830 2325 2903 receptu
2369 2817 2437 2882 sint
2480 2817 2514 2882 in

1036 2933 1214 3014 existente,
1240 2935 1304 3001 sed
1327 2955 1391 3020 per
1413 2954 1493 3001 esse
1517 2935 1612 3018 quod
1637 2944 1689 3001 est
1713 2945 1751 2999 ut
1774 2934 1857 3018 quid
1882 2934 2026 2999 formale
2051 2934 2214 3018 ipsorum.

1124 3049 1214 3116 Sunt
1247 3071 1331 3138 ergo
1367 3049 1499 3116 inuno
1534 3051 1631 3137 plura
1664 3071 1744 3117 esse
1778 3050 1982 3116 existentiae
2016 3049 2105 3115 sieut
2129 3051 2246 3136 plures
2275 3050 2419 3129 formae,
2451 3051 2514 3115 sed

1035 3165 1125 3231 sicut
1156 3152 1209 3231 est
1240 3187 1311 3231 una
1343 3166 1453 3233 forma
1483 3187 1573 3252 quae
1605 3178 1659 3232 est
1690 3167 1801 3232 forma
1832 3179 1867 3232 et
1901 3178 2000 3232 actus
2032 3165 2231 3252 simpliciter
2267 3178 2300 3232 et
2334 3188 2423 3251 quae
2456 3167 2516 3231 dat

1035 3302 1115 3348 esse
1139 3281 1343 3350 existentiae
1374 3280 1584 3369 simpliciter,
1609 3294 1643 3349 et
1675 3282 1763 3348 aliae
1799 3305 1870 3349 non
1902 3294 1984 3348 sunt
2006 3283 2206 3348 naturaliter
2241 3282 2275 3348 id
2305 3283 2400 3367 quod
2434 3294 2515 3347 sunt

1035 3397 1101 3463 nisi
1134 3397 1214 3483 quia
1245 3410 1326 3464 sunt
1358 3397 1432 3464 sive
1467 3410 1548 3465 nata
1580 3411 1661 3465 sunt
1692 3420 1771 3465 esse
1802 3399 1835 3464 in
1869 3400 1937 3480 illo,
1965 3439 2005 3446 -
2036 3399 2081 3465 ita
2113 3399 2214 3464 etiam
2247 3420 2319 3464 non
2359 3410 2411 3464 est
2446 3397 2512 3463 nisi

1035 3536 1142 3579 unum
1171 3535 1249 3581 esse
1277 3513 1481 3582 existentiae
1507 3514 1717 3601 simpliciter,
1750 3536 1817 3583 nec
1848 3515 1913 3581 alia
1948 3537 2027 3582 esse
2059 3515 2263 3581 existentiae
2299 3525 2380 3580 sunt
2412 3514 2514 3580 etiam
2563 3497 2565 3499 ’

1035 3628 1102 3695 nisi
1127 3630 1208 3716 quia
1235 3641 1316 3697 sunt
1343 3630 1378 3697 in
1406 3630 1475 3698 illo.
1500 3632 1572 3698 Sed
1599 3634 1669 3698 hoc
1697 3654 1768 3698 non
1797 3632 1910 3720 arguit
1939 3632 2014 3718 ipsa
2039 3654 2110 3697 non
2135 3654 2214 3698 esse
2238 3632 2410 3716 quaedam
2436 3652 2515 3697 esse

1034 3746 1210 3832 specialia,
1234 3746 1298 3813 sed
1322 3757 1456 3814 tantum
1479 3747 1648 3815 diminuta
1672 3759 1706 3815 et
1723 3748 1926 3834 imperfecta
1943 3761 2104 3834 respectu
2127 3749 2225 3813 illius.
2242 3747 2303 3814 Sic
2319 3747 2515 3813 substantia

1035 3862 1159 3929 dicitur
1191 3863 1338 3931 existere
1369 3863 1451 3950 quia
1480 3863 1515 3931 in
1546 3887 1586 3932 ea
1625 3865 1789 3952 recipitur
1821 3865 1968 3931 existere
1999 3877 2034 3930 et
2065 3863 2096 3929 ei
2129 3864 2294 3949 competit
2326 3865 2421 3948 quod
2453 3886 2516 3949 per

1035 4001 1074 4045 se
1105 3982 1232 4046 habeat
1264 3981 1332 4047 tale
1359 3980 1518 4062 existere,
1551 3991 1667 4048 cetera
1702 4002 1786 4047 vero
1816 3982 1849 4047 in
1880 3992 2013 4046 tantum
2042 3980 2193 4046 existunt
2221 3980 2255 4044 in
2287 3990 2454 4064 quantum
2481 3979 2515 4044 in

1035 4095 1204 4163 existente
1235 4096 1458 4185 recipiuntur,
1482 4118 1554 4164 non
1579 4097 1660 4183 quia
1692 4098 1759 4163 alia
1789 4097 1939 4184 propriis
1972 4097 2120 4163 existere
2152 4119 2222 4161 non
2255 4096 2416 4176 existunt,
2453 4097 2516 4161 sed

1035 4211 1116 4298 quia
1144 4235 1211 4280 nec
1235 4234 1299 4279 sua
1327 4213 1475 4281 existere
1499 4225 1648 4300 possunt
1676 4214 1832 4300 recipere
1860 4214 1915 4280 vel
1942 4215 2072 4278 habere
2098 4234 2176 4278 esse
2201 4212 2265 4277 nisi
2286 4212 2342 4277 illo
2367 4212 2516 4278 existere

1035 4329 1218 4416 principali
1249 4329 1434 4417 supposito
1471 4341 1506 4397 et
1535 4330 1570 4396 in
1603 4329 1661 4396 illo
1694 4342 1727 4397 et
1756 4340 1882 4396 cetera.
1919 4329 1963 4395 Et
1995 4342 2135 4415 propter
2164 4331 2231 4394 hoe
2263 4329 2365 4393 etiam
2391 4328 2516 4395 dicitur

1035 4447 1131 4531 quod
1159 4445 1354 4514 accidentia
1385 4467 1458 4513 non
1490 4458 1573 4512 sunt
1611 4446 1705 4512 entia
1732 4445 1798 4511 nisi
1826 4446 1907 4531 quia
1936 4458 2016 4511 sunt
2041 4445 2141 4524 entis,
2173 4466 2244 4509 non
2277 4445 2357 4529 quia
2390 4444 2516 4510 entitas

1035 4583 1155 4628 eorum
1186 4584 1259 4628 non
1291 4562 1336 4629 sit
1366 4561 1433 4628 alia
1462 4584 1537 4628 non
1567 4564 1679 4628 solum
1704 4573 1871 4646 quantum
1902 4564 1945 4627 ad
1979 4584 2057 4627 esse
2086 4561 2299 4641 existentiae,
2324 4562 2388 4627 sed
2413 4560 2516 4626 etiam

1035 4663 1264 4745 essentialiter
1294 4681 1339 4744 ab
1371 4677 1514 4745 entitate
1542 4678 1757 4745 substantiae
1786 4683 1879 4761 (cum
1907 4690 1941 4744 et
1969 4678 2098 4743 dictum
2127 4679 2209 4743 illud
2237 4678 2448 4764 intelligatur
2472 4679 2516 4742 de

1035 4795 1120 4882 ipsis
1151 4796 1347 4862 secundum
1379 4817 1462 4862 suas
1494 4794 1675 4874 essentias,
1711 4816 1792 4860 nam
1825 4807 1859 4861 et
1898 4817 2016 4861 verum
2049 4807 2101 4860 est
2139 4795 2235 4878 quod
2275 4795 2402 4860 albedo
2442 4815 2516 4858 non

1034 4915 1147 4978 solum
1179 4934 1250 4978 non
1294 4922 1348 4979 est
1380 4913 1435 4980 vel
1475 4933 1546 4979 non
1587 4910 1701 4977 existit
1739 4911 1806 4976 nisi
1845 4911 1926 4996 quia
1968 4923 2020 4977 est
2053 4912 2086 4976 in
2129 4911 2288 4977 existenti
2329 4910 2426 4998 ligno
2462 4910 2516 4975 vel

1035 5029 1247 5109 huiusmodi)
1273 5028 1336 5095 sed
1354 5027 1457 5095 etiam
1482 5029 1608 5094 albedo
1625 5049 1699 5093 non
1724 5039 1776 5094 est
1800 5030 1927 5095 albedo
1952 5030 2005 5094 vel
2031 5028 2065 5093 id
2090 5029 2185 5113 quod
2210 5038 2262 5093 est
2287 5026 2518 5093 essentialiter

1034 5145 1102 5211 nisi
1134 5145 1215 5230 quia
1251 5156 1305 5211 est
1339 5144 1469 5230 aliquid
1504 5145 1721 5211 substantiae
1754 5155 1791 5210 ut
1826 5145 1901 5210 eius
1928 5144 2112 5230 dispositio
2147 5146 2201 5210 vel
2232 5143 2441 5209 huiusmodi.
2476 5144 2517 5207 Et

1035 5274 1174 5328 constat
1197 5262 1294 5348 quod
1317 5264 1387 5329 hoc
1410 5283 1483 5328 non
1517 5263 1679 5328 obstante
1703 5272 1785 5327 sunt
1817 5264 1934 5347 plures
1963 5261 2149 5330 essentiae.
2183 5261 2276 5348 Ergo
2308 5260 2411 5325 etiam
2444 5283 2516 5326 non

1035 5381 1197 5446 obstante
1222 5379 1281 5446 illo
1304 5390 1386 5445 sunt
1409 5380 1508 5466 plura
1533 5398 1613 5444 esse
1637 5377 1843 5444 existentiae
1868 5388 1901 5445 et
1925 5390 2051 5444 cetera.

1125 5496 1214 5563 Cum
1250 5507 1365 5565 autem
1402 5517 1481 5563 esse
1520 5494 1564 5560 sit
1602 5494 1637 5561 id
1674 5494 1788 5580 ipsum
1828 5496 1923 5580 quod
1964 5495 2074 5559 forma
2113 5496 2168 5560 vel
2208 5495 2361 5561 essentia
2399 5496 2451 5560 vel
2478 5516 2517 5559 se

1035 5615 1171 5680 habens
1196 5615 1242 5679 ad
1265 5613 1377 5702 ipsam
1402 5612 1496 5679 dicto
1520 5614 1638 5692 modo,
1671 5611 1763 5679 sieut
1785 5634 1857 5678 non
1883 5623 1935 5678 est
1960 5610 2213 5677 inconveniens
2242 5633 2344 5675 unam
2371 5611 2515 5675 formam

1036 5732 1069 5796 in
1095 5730 1162 5796 alia
1198 5751 1276 5798 esse
1312 5740 1345 5795 et
1381 5730 1425 5795 ab
1461 5729 1537 5816 ipsa
1572 5729 1772 5816 participari
1804 5729 1876 5795 sive
1901 5729 1935 5794 in
1972 5728 2168 5814 composito
2204 5728 2237 5793 in
2270 5749 2340 5812 quo
2371 5738 2425 5793 est
2451 5727 2517 5792 alia

1035 5849 1157 5929 forma,
1182 5846 1229 5913 ita
1263 5845 1365 5914 etiam
1400 5867 1473 5912 non
1508 5856 1561 5912 est
1595 5845 1849 5913 inconveniens
1884 5847 1929 5912 de
1965 5847 2042 5932 ipso
2071 5867 2159 5925 esse,
2196 5866 2263 5910 nec
2297 5846 2366 5911 hoc
2401 5854 2518 5929 potest

1036 5966 1185 6033 evadere
1215 5966 1338 6033 dicens
1367 5966 1463 6052 quod
1494 5975 1628 6032 tantum
1660 5977 1714 6031 est
1744 5986 1851 6030 unum
1884 5983 1973 6029 esse.
2010 5963 2099 6028 Nam
2136 5984 2214 6029 cum
2250 5961 2334 6027 illud
2370 5960 2413 6027 sit
2437 5981 2516 6027 esse

1036 6089 1264 6174 substantiae,
1288 6089 1483 6167 substantia
1507 6102 1622 6158 autem
1646 6112 1719 6159 non
1744 6100 1798 6156 est
1822 6088 2016 6156 subiectum
2041 6087 2214 6175 recipiens
2240 6097 2273 6153 et
2305 6082 2517 6173 participans
