6700 7992
1372 1430 1523 1497 mrnon
1544 1441 1843 1511 Quommmuu,
1862 1440 1898 1510 Q.
1918 1435 1958 1493 v1
2369 1423 2400 1489 n

927 1625 1048 1691 tertio:
1078 1647 1154 1689 carru
1172 1626 1391 1707 apparuerit,
1415 1624 1548 1687 similes
1572 1627 1603 1686 er'
1627 1622 1769 1700 enimam,
1795 1623 1960 1705 quoniam
1979 1618 2172 1684 videbimus
2195 1638 2273 1682 eum
2296 1617 2402 1681 sicuti

926 1747 987 1816 est.
1006 1780 1046 1788 -
1064 1740 1110 1804 ita
1135 1739 1531 1805 etiamconcedendum
1549 1751 1601 1802 est
1619 1739 1713 1820 quod
1731 1736 1924 1801 intellectus
1948 1734 2066 1798 finitus
2084 1731 2269 1821 cognoscit
2285 1732 2401 1798 obiec-

927 1869 1000 1922 tum
1018 1856 1189 1921 infinitum
1207 1866 1400 1939 peractum
1418 1853 1477 1938 qui
1493 1876 1564 1917 non
1591 1866 1643 1917 est
1668 1851 1834 1930 infinitus
1859 1849 2083 1915 similitudine
2106 1847 2402 1934 repraesentativa

929 1972 1005 2037 talis
1023 1971 1150 2038 obiecti
1167 1970 1264 2035 finita
1281 1992 1324 2034 eo
1342 1971 1436 2054 quod
1454 1981 1507 2034 est
1523 1969 1558 2033 in
1576 1969 1735 2032 subiecto
1754 1969 1761 2002 ¹
1777 1967 1876 2032 finito
1894 1977 2045 2051 recepta.

1503 2354 1742 2438 Quaestio
1767 2354 1822 2418 v1.

1060 2582 1201 2658 Utrum
1232 2581 1295 2654 lex
1321 2581 1464 2654 lrabeat
1479 2580 1624 2682 facere
1652 2579 1831 2652 lzomines
1859 2579 1979 2651 bonos
2007 2583 2044 2651 et
2070 2577 2277 2653 virtuosos

1019 2911 1146 2974 Postea
1170 2909 1401 2993 quaerebatur
1425 2907 1518 2971 aliud
1543 2908 1638 2991 quod
1663 2921 1735 2971 erat
1759 2905 1936 2991 pertinens
1957 2907 2001 2971 ad
2022 2904 2178 2970 habitum
2201 2906 2403 2991 practicum,

928 3025 1089 3091 videlicet
1117 3036 1228 3089 utrum
1253 3025 1308 3089 lex
1332 3025 1460 3088 habeat
1484 3024 1599 3087 facere
1625 3022 1784 3087 homines
1808 3024 1922 3087 bonos
1947 3031 1981 3088 et
2004 3020 2189 3087 virtuosos.
2215 3022 2258 3087 Et
2281 3044 2404 3111 argue-

929 3144 1030 3207 batur
1061 3141 1156 3225 quod
1187 3140 1241 3205 lex
1274 3160 1344 3204 non
1378 3140 1505 3203 habeat
1537 3139 1652 3203 facere
1683 3137 1844 3202 homines
1875 3139 1991 3203 bonos
2019 3149 2053 3202 et
2083 3136 2258 3203 virtuosos
2273 3137 2295 3218 ²,
2324 3138 2405 3223 quia

929 3257 1124 3323 secundum
1149 3255 1399 3339 Philosophum
1419 3256 1465 3337 (l)
1491 3254 1649 3318 secundo
1674 3252 1887 3334 Ethicorum‚
1904 3252 2012 3318 virtus
2036 3265 2090 3318 est
2110 3274 2200 3338 quae
2216 3255 2404 3320 habentem

931 3372 1063 3458 perficit
1089 3383 1122 3436 et
1146 3393 1236 3455 opus
1261 3370 1335 3434 eius
1360 3371 1490 3434 bonum
1520 3368 1611 3434 facit.
1641 3368 1712 3435 Sed
1742 3380 1844 3454 prout
1872 3368 2043 3457 colligitur
2071 3390 2113 3435 ex
2140 3369 2255 3435 verbis
2283 3372 2404 3459 Augu-

930 3488 1010 3552 stini
1023 3490 1069 3572 (2)
1087 3486 1246 3552 secundo
1263 3486 1351 3550 libro
1369 3485 1412 3549 de
1429 3484 1539 3550 libero
1554 3484 1705 3563 arbitrio,
1723 3484 1830 3549 virtus
1847 3495 1900 3550 est
1916 3487 2010 3550 bona
2027 3486 2175 3570 qualitas
2194 3486 2319 3553 mentis
2336 3508 2406 3571 qua

930 3617 1023 3670 recte
1041 3602 1165 3667 vivitur
1181 3614 1215 3667 et
1232 3623 1334 3686 quam
1360 3602 1458 3665 Deus
1482 3599 1517 3664 in
1542 3599 1643 3665 nobis
1668 3599 1744 3665 sine
1768 3600 1871 3665 nobis
1896 3611 2069 3686 operatur.
2086 3603 2181 3691 Ergo
2202 3623 2281 3670 cum
2298 3602 2405 3669 virtus

931 3741 1021 3804 quae
1045 3718 1222 3783 hominem
1246 3718 1379 3782 bonum
1403 3715 1486 3782 facit
1509 3716 1553 3780 sit
1572 3738 1592 3780 a
1613 3716 1690 3780 solo
1715 3715 1820 3802 Deo³
1843 3727 1877 3783 et
1900 3738 1972 3782 non
1994 3739 2014 3783 a
2034 3718 2124 3807 lege,
2144 3719 2233 3807 legis
2256 3740 2329 3785 non
2353 3730 2407 3785 est

931 3834 1092 3900 homines
1117 3834 1234 3898 facere
1258 3834 1384 3898 bonos.

1021 3950 1161 4015 Contra.
1186 3947 1334 4014 Intentio
1359 3946 1566 4036 legislatoris
1590 3946 1626 4011 in
1650 3947 1838 4012 statuendo
1862 3948 1961 4036 leges
1985 3950 2092 4015 fertur
2116 3950 2160 4015 ad
2185 3971 2407 4017 communem

933 4065 1052 4151 populi
1077 4065 1266 4144 utilitatem,
1299 4084 1370 4128 non
1407 4064 1451 4127 ad
1483 4061 1660 4149 proprium
1686 4064 1920 4145 commodum,
1945 4066 2140 4131 secundum
2165 4065 2334 4132 Isidorum
2360 4068 2406 4150 (3)

932 4181 1042 4267 primo
1069 4179 1375 4267 Etymologiarum.
1405 4178 1477 4245 Sed
1501 4180 1545 4242 ad
1570 4199 1792 4244 communem
1820 4179 1942 4264 populi
1967 4180 2145 4247 utilitatem
2173 4181 2408 4268 principaliter

933 4297 1081 4382 pertinet
1097 4297 1192 4379 quod
1210 4294 1278 4359 sint
1293 4294 1378 4360 boni
1398 4305 1432 4359 et
1447 4293 1600 4359 virtuosi.
1627 4292 1721 4381 Ergo
1745 4293 1857 4382 legis⁴
1881 4307 1934 4360 est
1956 4296 2073 4362 facere
2097 4296 2258 4363 homines
2281 4299 2407 4364 bonos

1022 4412 1235 4497 Respondeo
1261 4410 1448 4476 dicendum
1473 4410 1578 4494 quod,
1603 4430 1683 4475 curn
1707 4411 1762 4475 lex
1787 4410 1830 4475 sit
1854 4412 2026 4495 quaedam
2043 4435 2207 4478 mensura
2231 4426 2265 4479 et
2288 4415 2407 4501 regula

933 4537 1072 4592 actuum
1108 4526 1339 4589 humanorum
1379 4525 1573 4588 secundum
1610 4544 1714 4607 quarn
1746 4523 1903 4612 dirigitur
1943 4528 2048 4591 homo
2088 4538 2122 4591 et
2158 4527 2333 4594 inducitur
2363 4529 2408 4594 ad

933 4642 1110 4728 agendum
1132 4660 1185 4706 .ea
1215 4661 1304 4724 quae
1343 4640 1538 4704 secundum
1577 4649 1707 4704 rectam
1743 4639 1911 4705 rationem
1954 4653 2035 4706 sunt
2073 4643 2213 4729 agenda
2251 4644 2309 4726 (ad
2341 4646 2409 4710 hoc

1024 4925 1031 4955 ¹
1045 4922 1163 4977 obiecto
1175 4923 1205 4978 P.
1216 4954 1249 4962 —
1265 4923 1276 4954 ²
1289 4929 1318 4976 et
1332 4922 1510 4993 arguebatur
1524 4953 1556 4961 —
1567 4920 1725 4991 virtuosos]
1740 4941 1794 4975 om.
1806 4923 1836 4976 P.
1853 4955 1886 4963 -
1896 4924 1908 4957 ⁸
1920 4925 1984 4979 solo
1999 4927 2073 4998 Deo]
2090 4928 2153 4982 Deo
2167 4928 2232 4982 solo
2242 4928 2273 4982 P.
2285 4961 2318 4969 —
2329 4933 2339 4962 ⁴
2352 4947 2411 4984 non

932 5011 1002 5064 add.
1017 5011 1050 5064 V.

1024 5244 1062 5309 (1)
1077 5241 1289 5296 Aristotelis
1307 5241 1484 5294 Ethicorum
1498 5240 1774 5306 Nicomacheorum,
1788 5243 1805 5295 l.
1820 5245 1856 5311 11,
1870 5262 1894 5297 c.
1909 5248 1925 5298 5
1938 5246 1995 5312 (ed.
2011 5245 2136 5317 Bekker,
2155 5250 2213 5303 vol.
2230 5249 2265 5318 11,
2279 5269 2307 5322 p.
2322 5255 2411 5321 1106).

933 5322 1039 5394 Ῥητέον
1050 5324 1096 5380 οὐν
1108 5326 1149 5381 ὅτι
1159 5334 1232 5382 πᾶσα
1243 5325 1334 5397 ἀρετή,
1345 5326 1377 5381 οὔ
1386 5325 1417 5380 ἂν
1426 5323 1444 5396 ᾖ
1454 5325 1545 5396 ἀρετή,
1559 5323 1623 5379 αὐτό
1633 5345 1661 5380 τε
1671 5324 1700 5380 εὖ
1710 5320 1773 5399 ἔχον
1786 5327 1910 5384 ἀποτελεῖ
1922 5333 1967 5385 καὶ
1978 5332 2010 5385 τὸ
2023 5329 2101 5405 ἔργον
2113 5332 2194 5390 αὐτοῦ
2204 5334 2233 5390 εὗ
2242 5336 2409 5395 ἀποδίδωσιν.

935 5444 966 5451 -
979 5417 1018 5479 (2)
1032 5411 1225 5483 Augustini
1238 5412 1284 5464 De.
1294 5411 1385 5465 libero
1394 5411 1530 5477 arbitrio,
1542 5412 1558 5463 l.
1577 5412 1613 5476 11,
1624 5430 1648 5465 c.
1662 5415 1694 5466 lu
1705 5413 1762 5478 ted.
1774 5415 1881 5484 Migne,
1891 5416 1923 5468 P.
1935 5417 1974 5481 L.‚
1985 5419 2041 5471 vol.
2050 5423 2093 5484 52,
2104 5421 2159 5474 col.
2171 5424 2240 5476 1267
2250 5430 2315 5494 sq).
2327 5443 2340 5475 ι
2351 5423 2413 5480 Sed

935 5499 1101 5553 meminisse
1121 5506 1150 5555 te
1169 5507 1294 5570 oportet,
1308 5516 1366 5551 non
1386 5498 1480 5552 solum
1500 5516 1615 5569 magua,
1628 5499 1682 5552 sed
1695 5499 1783 5552 etiam
1804 5500 1922 5555 minima
1937 5504 2015 5558 bona
2034 5523 2092 5560 non
2111 5523 2178 5562 esse
2191 5527 2289 5580 posse,
2304 5511 2359 5566 nisi
2375 5515 2412 5568 ab

934 5587 984 5640 illo
1005 5603 1021 5640 a
1041 5604 1099 5657 quo
1119 5596 1186 5640 sunt
1205 5585 1302 5639 omnia
1321 5586 1408 5651 bona,
1428 5586 1483 5639 hoc
1503 5596 1548 5638 est
1568 5587 1632 5639 Deo
1651 5585 1818 5641 Virtutes
1838 5587 1927 5659 igitur
1945 5590 2052 5661 quibus
2070 5602 2151 5650 recte
2171 5596 2286 5668 vivitur,
2305 5618 2413 5674 magna

935 5675 1013 5727 bona
1032 5682 1134 5728 sunt.»
1154 5705 1188 5714 —
1209 5676 1247 5740 (3)
1268 5673 1398 5727 Isidori
1418 5673 1648 5743 Hispalensis
1668 5674 1936 5747 Etymologiarum,
1953 5679 1971 5732 l.
1983 5680 2017 5746 V,
2031 5698 2055 5735 c.
2069 5685 2102 5736 21
2122 5683 2180 5751 (ed.
2200 5686 2308 5758 Migne,
2326 5689 2358 5744 P.
2372 5690 2414 5760 L.‚

935 5762 994 5815 vol.
1016 5765 1059 5828 82,
1083 5762 1138 5815 eol.
1161 5763 1232 5828 203).
1257 5780 1269 5812 r
1291 5760 1353 5814 Erit
1375 5761 1421 5814 lex
1445 5762 1577 5825 honesta,
1603 5761 1687 5826 iusta,
1713 5762 1872 5832 possibilis,
1896 5767 2057 5822 secundum
2083 5779 2226 5843 naturam,
2251 5777 2414 5835 secundum

935 5849 1049 5920 patriae
1068 5848 1319 5914 consuetudinem,
1334 5849 1400 5902 loco
1414 5850 1597 5919 temporique
1613 5850 1802 5913 conveniens
1821 5854 1997 5922 necessaria,
2017 5857 2103 5926 utilis,
2122 5859 2279 5916 manifesta
2296 5880 2415 5940 quoque

936 5953 973 5989 ne
996 5936 1105 6008 aliquid
1127 5953 1181 6008 per
1202 5937 1410 5990 obscuritatem
1436 5935 1464 5988 in
1489 5937 1656 6007 captionem
1676 5937 1834 6004 contineat,
1856 5939 1934 5994 nullo
1957 5941 2074 6013 privato
2096 5947 2264 6019 commodo,
2284 5950 2339 6009 sed
2359 5970 2396 6029 p·

936 6025 1084 6079 communi
1104 6025 1211 6078 civium
1230 6022 1356 6077 utilitate
1375 6023 1579 6094 conscripta.»
2311 6040 2343 6113 'g
