6700 7992
1242 1444 1438 1517 oonnnm
1466 1444 1766 1516 oooottaaton,
1794 1444 1831 1515 o.
1859 1444 1943 1499 xvn
2274 1444 2326 1504 287

845 1626 1061 1714 propositum
1100 1628 1154 1691 vel
1190 1626 1319 1691 factum
1359 1625 1487 1690 malum
1519 1634 1552 1690 et
1583 1622 1826 1704 irrationabile,
1860 1634 1893 1689 et
1928 1623 2083 1690 similiter
2117 1643 2245 1689 vovere
2275 1621 2327 1688 sic

844 1743 981 1809 intrare.
1003 1743 1093 1808 Cum
1118 1763 1202 1829 ergo
1238 1740 1365 1807 intrare
1390 1762 1469 1806 cum
1501 1739 1682 1826 proposito
1707 1738 1858 1806 exeundi
1889 1761 1961 1805 non
1994 1738 2038 1805 sit
2068 1737 2212 1805 materia
2242 1736 2327 1803 boni

844 1858 1026 1946 propositi,
1054 1880 1126 1924 non
1154 1869 1207 1923 est
1224 1857 1366 1923 materia
1386 1856 1466 1921 voti.
1484 1857 1571 1921 lllud
1601 1866 1718 1921 autern
1738 1857 1851 1920 solum
1875 1857 1971 1941 quod
1996 1854 2075 1941 quis
2095 1853 2187 1921 licite
2210 1863 2327 1941 potest

845 1995 1044 2062 proponere
1083 1986 1116 2039 et
1156 1994 1294 2053 vovere,
1336 1972 1420 2038 illud
1459 1983 1540 2058 post
1577 1982 1697 2037 votum
1737 1982 1873 2037 tenetur
1911 1972 2065 2057 implere.
2106 1972 2195 2037 Cum
2242 1991 2327 2058 ergo

845 2091 973 2157 intrare
1008 2111 1086 2155 cum
1121 2088 1304 2176 proposito
1337 2087 1539 2174 experiendi
1570 2098 1605 2153 et
1636 2087 1841 2153 remanendi
1879 2109 1949 2153 non
1987 2087 2032 2152 sit
2065 2086 2208 2152 materia
2242 2085 2328 2152 boni

848 2205 1020 2293 propositi
1048 2216 1082 2271 et
1102 2204 1183 2284 voti,
1219 2225 1299 2269 cum
1323 2203 1401 2289 quis
1432 2203 1526 2269 vovit
1557 2202 1758 2288 simpliciter
1788 2224 1827 2268 se
1851 2203 2066 2283 intraturum,
2093 2224 2165 2268 non
2194 2202 2329 2268 videtur

848 2322 1052 2406 satisfacere
1078 2333 1162 2387 voto
1191 2320 1259 2385 nisi
1278 2320 1418 2406 impleat
1445 2319 1530 2384 illud
1559 2321 1654 2404 quod
1684 2318 1777 2384 vovit
1800 2321 1906 2384 modo
1931 2341 2001 2404 quo
2021 2318 2126 2399 vovit,
2150 2318 2225 2384 sive
2249 2339 2329 2384 cum

849 2436 1107 2517 circumstantia
1127 2436 1203 2502 sine
1231 2458 1300 2521 qua
1325 2435 1439 2521 ipsum
1463 2434 1591 2500 intrare
1614 2456 1682 2501 nec
1702 2447 1755 2502 est
1782 2434 1926 2500 materia
1953 2434 2037 2500 boni
2069 2433 2239 2521 propositi
2263 2454 2329 2500 nec

850 2553 931 2620 voti.
956 2554 1051 2640 Ergo
1076 2563 1110 2619 et
1134 2564 1260 2618 cetera.

938 2670 982 2735 Et
1017 2671 1062 2735 ad
1093 2671 1162 2735 hoc
1186 2679 1239 2734 est
1270 2667 1459 2734 dicendum
1490 2667 1585 2753 qnod
1621 2666 1751 2755 aliquid
1782 2689 1853 2733 non
1886 2677 1938 2733 est
1968 2669 2100 2733 bonum
2131 2666 2332 2753 simpliciter

851 2797 886 2853 et
916 2783 1105 2871 unicuique
1135 2785 1230 2870 quod
1262 2794 1379 2849 tamen
1404 2794 1457 2849 est
1492 2783 1625 2849 bonum
1649 2783 1685 2849 in
1716 2804 1801 2849 casu
1837 2795 1870 2849 et
1901 2782 2004 2850 alicui
2034 2793 2067 2850 et
2102 2804 2329 2850 econverso.

850 2905 988 2968 Bonum
1013 2900 1105 2967 enim
1141 2910 1194 2966 est
1229 2921 1358 2965 vovere
1385 2897 1617 2987 virginitatem
1652 2898 1863 2985 simpliciter,
1888 2921 1959 2965 non
1992 2910 2108 2965 tamen
2143 2898 2331 2985 unicuique

851 3028 885 3085 et
909 3018 943 3083 in
968 3038 1074 3097 casu;
1099 3038 1171 3082 non
1196 3017 1327 3081 bonum
1353 3014 1455 3081 etiam
1481 3015 1555 3080 sive
1586 3014 1702 3080 minus
1734 3016 1866 3081 bonum
1902 3026 1954 3081 est
1986 3018 2192 3082 contrahere
2219 3015 2331 3081 matri-

851 3133 1018 3209 monium,
1051 3133 1115 3197 sed
1146 3144 1263 3197 tamen
1290 3129 1391 3196 alicui
1427 3143 1479 3197 est
1514 3130 1648 3196 melius.
1679 3132 1727 3196 lta
1758 3130 1861 3196 etiam
1892 3108 2019 3198 intrare
2050 3132 2103 3197 vel
2133 3117 2332 3218 proponere

851 3248 979 3315 intrare
1014 3247 1218 3336 religionem
1248 3268 1327 3312 cum
1370 3245 1552 3332 proposito
1580 3246 1733 3313 exeundi
1767 3246 1969 3334 simpliciter
1999 3249 2128 3313 malum
2164 3260 2226 3329 est,
2252 3269 2330 3314 cum

852 3364 985 3431 scilicet
1004 3366 1074 3429 hoc
1105 3364 1150 3428 sit
1173 3363 1281 3428 libere
1305 3362 1380 3428 sive
1403 3372 1531 3449 sponte
1562 3373 1596 3428 et
1615 3364 1659 3427 ab
1685 3365 1690 3447 Ι
1715 3385 1803 3448 sque
1822 3362 1938 3449 aliqua
1962 3363 2157 3430 coactione.
2183 3365 2220 3429 In
2245 3386 2306 3430 cas

853 3492 980 3560 tamen,
1012 3491 1049 3544 ut
1080 3479 1210 3545 dictum
1247 3488 1309 3559 est,
1341 3478 1370 3543 si
1395 3477 1519 3563 aliquis
1547 3478 1670 3545 timore
1701 3479 1820 3544 mortis
1852 3478 1994 3547 intraret
2024 3480 2228 3568 religionem
2253 3501 2332 3546 cum
2397 3461 2403 3474 ⁸

855 3595 1037 3683 proposito
1078 3606 1195 3661 tamen
1234 3593 1396 3675 exeundi,
1421 3594 1503 3679 qnia
1534 3615 1607 3660 non
1638 3605 1766 3680 sponte
1798 3595 1862 3661 sed
1899 3608 2044 3662 coactus
2075 3595 2192 3682 aliquo
2227 3597 2333 3662 modo

853 3711 1004 3793 intraret,
1029 3722 1063 3777 et
1093 3711 1223 3777 faceret
1246 3709 1337 3776 idem
1362 3711 1457 3795 quod
1489 3710 1533 3776 de
1563 3732 1694 3798 genere
1724 3732 1790 3777 suo
1824 3722 1877 3778 est
1907 3713 2038 3778 bonum
2073 3710 2148 3806 sive
2179 3733 2251 3778 non
2283 3723 2335 3778 est

856 3830 995 3909 malum,
1026 3850 1099 3894 non
1139 3836 1311 3913 peccaret.
1338 3825 1501 3894 Similiter
1535 3826 1639 3893 etiam
1678 3826 1737 3911 qui
1777 3828 1822 3892 ad
1853 3827 2051 3895 intrandum
2093 3850 2131 3895 se
2169 3827 2336 3916 obligavit

854 3946 990 4011 habens
1020 3955 1104 4010 tunc
1138 3943 1358 4030 propositum
1389 3943 1602 4025 remanendi,
1638 3964 1719 4010 cum
1750 3945 1820 4009 hoc
1859 3944 2079 4030 propositum
2113 3955 2264 4011 mutatur
2302 3954 2336 4010 et

855 4081 927 4126 non
960 4070 1076 4147 potest
1110 4058 1235 4124 mutari
1259 4058 1479 4146 propositum
1503 4059 1548 4125 de
1573 4062 1670 4144 [non]
1696 4058 1868 4142 intrand0,
1894 4060 1923 4125 si
1947 4059 2050 4126 intrat
2074 4060 2126 4127 sic
2150 4050 2171 4126 a
2195 4082 2233 4126 se
2256 4060 2335 4147 ipso

855 4175 989 4242 ratione
1022 4174 1135 4242 dictae
1166 4173 1390 4263 obligationis
1421 4185 1577 4256 coactus,
1602 4174 1772 4241 satisfacit
1807 4176 1851 4242 de
1885 4187 1978 4243 voto.
2006 4176 2077 4261 Qui
2112 4198 2197 4266 ergo
2229 4176 2336 4242 libere

858 4303 892 4359 et
916 4302 1044 4379 sponte
1068 4290 1172 4357 intrat
1195 4293 1250 4369 vel
1278 4291 1445 4378 proponit
1472 4290 1610 4373 intrare,
1638 4301 1777 4370 tenetur
1801 4290 1903 4357 etiarn
1920 4313 2121 4379 proponere
2145 4314 2335 4359 remanere.

804 4405 807 4412 ’
857 4408 928 4475 Sed
959 4407 1018 4493 qui
1049 4417 1195 4474 coactus
1219 4418 1253 4474 et
1284 4407 1412 4473 invitus
1437 4406 1531 4474 dicto
1566 4407 1672 4474 modo
1697 4406 1800 4474 intrat
1835 4429 1908 4473 non
1944 4418 2089 4491 tenetur,
2115 4409 2196 4495 quia
2229 4410 2337 4477 libere

856 4524 987 4590 intrans
1010 4524 1107 4589 nulla
1130 4525 1224 4589 bona
1247 4522 1441 4589 intentione
1473 4522 1647 4589 videretur
1677 4522 1804 4601 intrare
1832 4524 1977 4591 excluso
2013 4523 2107 4590 dicto
2143 4526 2336 4613 proposito

858 4642 930 4707 Sed
961 4639 1012 4705 sic
1047 4649 1170 4706 coacte
1205 4640 1338 4705 intrans
1372 4641 1469 4705 bono
1503 4639 1574 4705 fine
1606 4642 1676 4705 hoc
1712 4638 1803 4722 facit,
1828 4639 1962 4707 scilicet
1990 4651 2026 4706 ut
2061 4652 2206 4708 mortem
2234 4642 2338 4709 evitet

857 4756 911 4823 vel
947 4756 1174 4842 temporalem
1209 4755 1244 4820 in
1281 4777 1352 4821 uno
1378 4777 1463 4822 casu
1487 4756 1541 4821 vel
1576 4754 1799 4842 spiritualem,
1824 4756 1958 4823 scilicet
1993 4756 2230 4824 transitionem
2268 4758 2338 4825 voti

857 4873 913 4939 vel
943 4872 1105 4959 promissi
1137 4871 1171 4937 in
1204 4871 1281 4938 alio.
1308 4872 1478 4956 Quamvis
1514 4872 1607 4938 enim
1632 4872 1715 4939 dum
1750 4884 1893 4939 voveret
1922 4895 1993 4939 non
2025 4872 2221 4940 intenderet
2245 4874 2338 4949 exire

859 4990 922 5055 sed
946 5009 1136 5069 remanere,
1167 4987 1249 5073 quia
1283 4999 1401 5053 tamen
1425 4990 1493 5054 hoc
1528 4988 1573 5054 de
1608 5010 1647 5053 se
1683 4998 1735 5053 est
1770 4988 1944 5069 mutabile,
1981 4981 2053 5055 non
2088 5000 2224 5056 tenetur
2254 4989 2337 5056 illud

859 5104 1078 5191 propositum
1103 5103 1261 5185 retinere,
1287 5106 1350 5170 sed
1375 5105 1488 5171 solum
1524 5103 1743 5192 propositum
1774 5116 1873 5173 actus
1906 5104 2056 5173 intrandi
2082 5106 2126 5171 ad
2163 5128 2264 5195 quem
2300 5128 2339 5176 se

861 5219 1037 5312 obligavit.
