6700 7992
1110 1452 1161 1504 160
1473 1451 1665 1508 MAGISTRI
1694 1451 1914 1506 GODEFRlDl
1943 1451 1994 1505 DE
2022 1444 2221 1507 FONTIBUS

1109 1651 1188 1698 esse
1211 1653 1335 1717 purum
1364 1652 1436 1696 non
1460 1631 1713 1718 participatum.
1738 1632 1776 1696 ln
1801 1630 1895 1698 omni
1928 1652 2014 1720 ergo
2037 1653 2073 1697 re
2109 1629 2183 1698 sive
2216 1630 2382 1718 simplicis
2412 1630 2587 1699 essentiae

1108 1748 1181 1814 sive
1206 1747 1449 1834 compositae¹
1484 1758 1621 1815 creatae
1654 1746 1717 1814 erit
1749 1747 1958 1834 compositio
1983 1746 2085 1813 realis
2121 1746 2294 1815 essentiae
2326 1757 2361 1815 et
2391 1768 2471 1817 esse
2494 1746 2586 1816 sicut

1107 1865 1228 1930 volunt
1252 1863 1357 1949 aliqui
1381 1873 1523 1950 propter
1546 1862 1630 1929 istas
1654 1863 1816 1929 rationes.

1197 2094 1269 2160 Sed
1292 2093 1367 2159 istis
1391 2092 1584 2159 rationibus
1615 2115 1688 2159 non
1719 2092 1940 2160 obstantibus
1968 2104 2028 2159 aut
2051 2092 2127 2159 aliis
2161 2093 2440 2181 quibuscumque
2469 2094 2586 2162 verius

1107 2209 1243 2276 videtur
1266 2209 1454 2275 dicendum
1479 2211 1573 2296 quod
1598 2209 1751 2276 essentia
1778 2221 1811 2277 et
1840 2231 1918 2277 esse
1943 2209 2079 2277 realiter
2102 2231 2174 2276 non
2205 2210 2378 2277 differunt.
2403 2210 2461 2277 Ad
2484 2210 2586 2278 cuius

1107 2325 1369 2414 intelligentiam
1406 2325 1519 2412 primo
1555 2326 1803 2392 declarandum
1833 2336 1887 2392 est
1922 2326 2016 2411 quod
2049 2336 2144 2392 extra
2179 2326 2390 2393 intellectum
2421 2326 2456 2393 in
2480 2329 2586 2394 rebus

1106 2464 1180 2508 non
1205 2454 1258 2508 est
1289 2441 1417 2528 aliquid
1452 2443 1546 2527 quod
1571 2441 1614 2507 sit
1638 2441 1729 2507 ens²
1764 2441 1876 2527 ipsum
1909 2442 1983 2508 sive
2007 2441 2113 2509 esse⁸
2147 2442 2301 2509 existens
2326 2464 2390 2509 ens
2423 2444 2480 2511 vel
2505 2464 2585 2511 esse

1107 2559 1230 2639 solum,
1267 2557 1366 2623 cuius
1400 2558 1487 2624 ratio
1523 2558 1567 2624 sit
1602 2557 1689 2624 ratio
1720 2558 1860 2624 essendi
1896 2559 1982 2639 sola,
2019 2560 2153 2644 absque
2186 2558 2407 2645 appositione
2438 2559 2585 2627 alicuius

1107 2672 1321 2761 particularis
1350 2685 1384 2739 et
1416 2674 1666 2740 determinatae
1691 2674 1860 2739 rationis⁴
1888 2674 2040 2755 essendi,
2065 2696 2133 2761 qua
2157 2696 2221 2740 ens
2250 2674 2451 2763 intelligitur
2474 2675 2585 2742 deter-

1106 2789 1273 2855 minatum
1298 2801 1331 2855 et
1355 2789 1579 2876 specificum3
1616 2801 1650 2856 et
1674 2792 1744 2856 hoc
1766 2790 2005 2856 universaliter
2027 2800 2097 2855 tam
2132 2791 2167 2856 in
2199 2812 2306 2857 causa
2340 2791 2450 2877 prima
2480 2813 2584 2876 quam

1107 2906 1141 2972 in
1166 2906 1261 2973 omni
1284 2922 1412 2973 creato.
1438 2946 1479 2953 —
1505 2906 1672 2973 Secundo
1697 2908 1945 2973 declarandum
1970 2917 2023 2973 est
2047 2907 2143 2992 quod
2167 2929 2245 2973 esse
2274 2929 2345 2973 non
2374 2918 2427 2974 est
2454 2907 2584 2993 aliquid

1106 3044 1214 3087 unum
1238 3023 1432 3088 secundum
1457 3022 1626 3089 rationem
1651 3024 1706 3088 vel
1738 3023 1950 3089 intellectum
1987 3022 2021 3088 in
2052 3022 2225 3103 omnibuS,
2257 3023 2319 3089 sed
2345 3024 2441 3109 quod
2472 3024 2584 3090 estin

1107 3137 1252 3204 diversis
1290 3138 1464 3204 diversum
1496 3140 1690 3205 secundum
1727 3160 1798 3204 rem
1830 3151 1863 3204 et
1894 3160 2033 3205 nomen.
2061 3139 2169 3204 —Et
2201 3150 2459 3225 consequenter
2482 3139 2583 3207 tertio

1106 3254 1355 3320 declarandum
1384 3266 1437 3319 est
1470 3255 1565 3339 quod
1600 3276 1680 3320 esse
1713 3254 1795 3321 dicit
1820 3254 1911 3320 idem
1939 3275 1976 3320 re
2000 3254 2095 3340 quod
2120 3254 2272 3321 essentia
2296 3256 2350 3322 vel
2375 3277 2448 3322 ens.
2474 3295 2515 3302 —
2540 3255 2585 3321 Et

1105 3369 1248 3435 ulterius
1273 3381 1530 3454 consequenter
1554 3382 1588 3436 et
1619 3382 1743 3455 quarto
1769 3371 2017 3436 declarandum
2051 3381 2104 3436 est
2137 3372 2232 3456 quod
2266 3371 2400 3438 ratione
2431 3372 2582 3458 produc·
2675 3459 2684 3472 ἱ

1107 3485 1209 3552 tionis
1240 3485 1288 3551 rei
1313 3508 1374 3570 per
1397 3508 1501 3572 quam
1526 3486 1601 3573 ipsa
1625 3508 1681 3552 res
1705 3498 1820 3572 potest
1856 3485 2039 3571 recipere⁵
2062 3508 2151 3567 esse,
2187 3509 2259 3553 non
2287 3497 2427 3573 oportet
2450 3509 2582 3575 ponere

1105 3601 1395 3689 compositionem
1420 3602 1529 3688 ipsius
1553 3601 1659 3668 esse⁶
1682 3604 1727 3667 ad
1751 3606 1822 3668 rem
1847 3601 1944 3667 sive⁷
1968 3602 2155 3669 essentiam
2179 3602 2228 3669 rei
2259 3603 2350 3669 sicut
2373 3603 2582 3689 quibusdam

1105 3717 1241 3784 videtur
1272 3729 1434 3804 oportere
1468 3718 1593 3785 dicere.
1627 3720 1715 3783 Nam
1749 3719 1793 3783 ad
1825 3719 1917 3784 hanc
1952 3718 2121 3785 rationem
2162 3729 2311 3804 possunt
2349 3720 2422 3786 lere
2457 3741 2582 3787 omnes

1106 3833 1258 3900 rationes
1298 3834 1418 3900 reduci
1454 3834 1580 3919 quibus
1615 3836 1782 3920 probatur
1817 3833 1998 3900 diversitas
2044 3833 2153 3919 ipsius
2187 3854 2267 3901 esse
2310 3835 2354 3900 ad
2393 3835 2580 3903 essentiam

1104 3951 1299 4017 secundum
1328 3972 1399 4016 rem
1429 3951 1568 4034 audem]
1598 3972 1660 4035 per
1691 3950 1929 4027 intentionem,
1965 3960 1999 4015 et
2029 3949 2241 4017 necessitate
2273 3949 2404 4017 huius⁸
2437 3951 2582 4019 rationis

1105 4076 1221 4132 amota
1249 4065 1409 4133 videntur
1432 4064 1576 4131 dissolvi
1604 4087 1728 4132 omnes
1757 4065 1845 4131 aliae
1872 4065 2052 4132 rationes⁹
2075 4087 2139 4152 pro
2167 4066 2224 4132 illa
2247 4078 2345 4153 parte
2373 4078 2433 4134 aut
2458 4069 2581 4135 saltem

1104 4181 1324 4249 difficiliores.

1192 4405 1343 4472 Primum
1380 4405 1483 4493 igitur
1517 4407 1640 4470 horum
1676 4405 1897 4471 articulorum
1927 4405 1978 4471 sic
2013 4407 2216 4472 declaratur.
2254 4408 2344 4473 Cum
2377 4407 2469 4473 enim
2493 4408 2581 4476 ratio

1104 4522 1245 4588 essendi
1269 4523 1464 4589 secundum
1488 4542 1526 4587 se
1552 4522 1627 4587 sola
1643 4521 1812 4607 accipitur
1836 4520 1925 4587 sicut
1942 4520 1967 4557 ¹⁰
1989 4521 2077 4587 ratio
2095 4521 2299 4588 universalis
2316 4521 2388 4589 sive
2408 4522 2498 4590 entis
2515 4525 2581 4590 sub

1102 4637 1237 4704 ratione
1254 4637 1439 4703 universali
1457 4648 1491 4703 et
1507 4637 1638 4702 nullum
1657 4636 1902 4701 universalium
1919 4637 1974 4702 vel
1989 4637 2013 4672 ¹¹
2027 4637 2347 4703 mathematicorum
2365 4639 2418 4705 vel
2435 4638 2580 4705 aliorum

1103 4754 1230 4819 lrabeat
1264 4775 1343 4820 esse
1387 4754 1584 4819 absolutum
1620 4773 1683 4838 per
1724 4773 1763 4818 se
1798 4752 1950 4818 existens
1991 4752 2081 4818 sicut
2119 4754 2292 4820 abstracte
2325 4753 2487 4820 dicuntur
2524 4756 2581 4822 vel

1103 4869 1350 4957 intelliguntur,
1378 4870 1486 4935 multo
1515 4868 1626 4955 magis
1664 4869 1733 4934 hoc
1757 4877 1810 4933 est
1844 4867 2081 4934 necessarium
2109 4868 2143 4933 in
2172 4869 2284 4956 magis
2324 4869 2579 4937 universalibus

1102 4995 1137 5051 et
1161 4985 1417 5064 communibus
1446 4983 1641 5050 cuiusmodi
1669 4993 1751 5049 sunt
1783 5005 1856 5064 ens
1884 4986 2028 5064 bonum,
2058 5006 2163 5049 unum
2189 4995 2223 5049 et
2251 4983 2462 5051 huiusmodi.
2488 4987 2577 5071 [sed]

1101 5101 1307 5167 Universale
1338 5100 1428 5166 enim
1462 5111 1514 5165 est
1542 5099 1705 5164 condicio
1737 5099 1931 5165 intellectus
1963 5099 2014 5166 sic
2044 5099 2268 5187 intelligentis
2297 5112 2331 5166 et
2358 5122 2430 5167 non
2455 5101 2503 5168 rei
2528 5102 2580 5168 sic

1102 5216 1291 5297 existentis,
1320 5238 1399 5281 cum
1438 5216 1632 5282 universale
1667 5236 1740 5280 non
1775 5215 1819 5280 sit
1849 5214 1948 5280 tertia
1981 5226 2103 5281 natura
2131 5236 2152 5280 a
2183 5214 2339 5302 partibus
2371 5217 2416 5283 de
2451 5217 2579 5302 quibus

1101 5332 1331 5420 praedicatur,
1357 5334 1419 5398 sed
1445 5333 1479 5397 in
1504 5333 1656 5398 essendo
1682 5344 1735 5397 est
1759 5332 1902 5397 alterum
1929 5353 2048 5397 eorum
2073 5332 2349 5399 indeterminate.
2374 5333 2577 5400 Secundum

1101 5452 1170 5516 hoc
1195 5449 1297 5514 etiam
1315 5448 1340 5484 ¹2
1363 5448 1480 5514 omnia
1513 5447 1606 5512 entia
1633 5458 1752 5513 essent
1778 5447 1914 5512 realiter
1941 5446 2024 5512 illud
2053 5448 2147 5532 quod
2173 5448 2207 5513 in
2236 5470 2272 5514 re
2297 5459 2390 5515 esset
2417 5470 2497 5516 esse
2523 5450 2578 5516 vel

1101 5588 1164 5633 ens
1189 5567 1312 5646 solum,
1345 5586 1424 5631 cum
1455 5566 1499 5629 ab
1531 5574 1611 5629 ente
1642 5563 1725 5629 nibil
1758 5562 1868 5648 possit
1898 5584 1978 5629 esse
2009 5563 2209 5641 diversum3
2241 5575 2275 5630 et
2308 5564 2359 5632 sic
2382 5566 2577 5631 secundum

1191 5893 1362 5965 ¹potentiae
1382 5892 1412 5944 P.
1428 5923 1461 5930 —
1482 5892 1561 5944 ’orm
1582 5891 1613 5943 P.
1633 5922 1665 5929 —
1686 5891 1763 5942 'our
1780 5890 1810 5941 P.
1824 5921 1857 5930 -
1878 5893 1887 5921 ⁴
1905 5891 2018 5944 ratione
2039 5892 2069 5944 P.
2090 5923 2123 5931 -
2143 5890 2331 5963 “producere
2350 5893 2381 5948 P.
2401 5924 2434 5934 -
2454 5892 2577 5965 ‘ipsius

1100 5985 1175 6052 esse]
1196 5982 1258 6036 eius
1278 5982 1309 6034 P.
1329 6013 1361 6020 —
1384 5982 1392 6011 ³
1411 5980 1449 6032 ad
1468 5979 1538 6031 add.
1552 5978 1583 6032 P.
1657 5976 1846 6030 lhuiusmodi
1867 5978 1896 6032 l'.
1921 6010 1949 6017 -
1970 5979 2068 6033 ”aliae
2088 5978 2227 6050 rationes]
2247 5979 2377 6035 rationes
2397 5981 2472 6036 aliae
2491 5981 2523 6045 P,
2543 6011 2577 6024 -

1101 6074 1122 6103 ¹⁰
1134 6071 1197 6125 sive
1212 6071 1242 6123 in
1257 6085 1355 6141 marg.
1366 6068 1397 6121 P.
1411 6099 1444 6106 -
1461 6067 1556 6120 1¹sive
1570 6065 1601 6120 P.
1615 6097 1647 6104 —
1665 6066 1685 6096 ¹²
1698 6064 1774 6119 enim
1789 6065 1819 6123 P.
1964 6072 1967 6080 “
