<?xml version="1.0" encoding="UTF-8"?>
<!DOCTYPE html PUBLIC "-//W3C//DTD XHTML 1.0 Transitional//EN"
    "http://www.w3.org/TR/xhtml1/DTD/xhtml1-transitional.dtd">
<html xmlns="http://www.w3.org/1999/xhtml" xml:lang="en" lang="en">
 <head>
  <title>
</title>
<meta http-equiv="Content-Type" content="text/html;charset=utf-8" />
  <meta name='ocr-system' content='tesseract 3.04.00' />
  <meta name='ocr-capabilities' content='ocr_page ocr_carea ocr_par ocr_line ocrx_word'/>
</head>
<body>
  <div class='ocr_page' id='page_1' title='image "./lesquatrepremie00wulfgoog_0046.png"; bbox 0 0 6700 7992; ppageno 0'>
   <div class='ocr_carea' id='block_1_1' title="bbox 1116 1310 1142 1397">
    <p class='ocr_par' dir='ltr' id='par_1_1' title="bbox 1116 1310 1142 1397">
     <span class='ocr_line' id='line_1_1' title="bbox 1116 1310 1142 1397; baseline 0 0"><span class='ocrx_word' id='word_1_1' title='bbox 1116 1310 1142 1397; x_wconf 69' lang='lat' dir='ltr'><em>t</em></span> 
     </span>
    </p>
   </div>
   <div class='ocr_carea' id='block_1_2' title="bbox 1025 1443 2128 1502">
    <p class='ocr_par' dir='ltr' id='par_1_2' title="bbox 1025 1443 2128 1502">
     <span class='ocr_line' id='line_1_2' title="bbox 1025 1443 2128 1502; baseline 0.006 -8"><span class='ocrx_word' id='word_1_2' title='bbox 1025 1444 1059 1495; x_wconf 88' lang='grc'><em>22</em></span> <span class='ocrx_word' id='word_1_3' title='bbox 1405 1443 1596 1500; x_wconf 80' lang='lat' dir='ltr'>MAGISTRI</span> <span class='ocrx_word' id='word_1_4' title='bbox 1617 1444 1838 1501; x_wconf 88' lang='lat' dir='ltr'>GODEFRIDI</span> <span class='ocrx_word' id='word_1_5' title='bbox 1857 1446 1909 1502; x_wconf 89' lang='lat' dir='ltr'><em>DE</em></span> <span class='ocrx_word' id='word_1_6' title='bbox 1930 1445 2128 1502; x_wconf 85' lang='lat' dir='ltr'>FONTIBUS</span> 
     </span>
    </p>
   </div>
   <div class='ocr_carea' id='block_1_3' title="bbox 1603 1968 1926 2053">
    <p class='ocr_par' dir='ltr' id='par_1_3' title="bbox 1603 1968 1926 2053">
     <span class='ocr_line' id='line_1_3' title="bbox 1603 1968 1926 2053; baseline -0.006 -17"><span class='ocrx_word' id='word_1_7' title='bbox 1603 1968 1844 2053; x_wconf 78' lang='lat' dir='ltr'><em>ounesno</em></span> <span class='ocrx_word' id='word_1_8' title='bbox 1870 1969 1926 2034; x_wconf 86' lang='lat' dir='ltr'><em>1x.</em></span> 
     </span>
    </p>
   </div>
   <div class='ocr_carea' id='block_1_4' title="bbox 1028 2193 2503 2564">
    <p class='ocr_par' dir='ltr' id='par_1_4' title="bbox 1028 2193 2503 2564">
     <span class='ocr_line' id='line_1_4' title="bbox 1211 2193 2327 2299; baseline 0 -29"><span class='ocrx_word' id='word_1_9' title='bbox 1211 2195 1355 2271; x_wconf 79' lang='lat' dir='ltr'><em>Utrum</em></span> <span class='ocrx_word' id='word_1_10' title='bbox 1375 2193 1596 2269; x_wconf 79' lang='lat' dir='ltr'><em>intellectus</em></span> <span class='ocrx_word' id='word_1_11' title='bbox 1610 2194 1818 2294; x_wconf 78' lang='lat' dir='ltr'><em>possibilis</em></span> <span class='ocrx_word' id='word_1_12' title='bbox 1837 2195 2062 2271; x_wconf 81' lang='lat' dir='ltr'><em>necessario</em></span> <span class='ocrx_word' id='word_1_13' title='bbox 2082 2196 2327 2299; x_wconf 78' lang='lat' dir='ltr'><em>informetur</em></span> 
     </span>
     <span class='ocr_line' id='line_1_5' title="bbox 1028 2326 2503 2434; baseline 0.003 -34"><span class='ocrx_word' id='word_1_14' title='bbox 1028 2326 1167 2428; x_wconf 84' lang='lat' dir='ltr'><em>aliqua</em></span> <span class='ocrx_word' id='word_1_15' title='bbox 1196 2327 1325 2426; x_wconf 80' lang='lat' dir='ltr'><em>specie</em></span> <span class='ocrx_word' id='word_1_16' title='bbox 1355 2326 1601 2429; x_wconf 79' lang='lat' dir='ltr'><em>intelligibili</em></span> <span class='ocrx_word' id='word_1_17' title='bbox 1618 2328 1703 2402; x_wconf 94' lang='lat' dir='ltr'><em>alia</em></span> <span class='ocrx_word' id='word_1_18' title='bbox 1728 2329 1778 2402; x_wconf 87' lang='lat' dir='ltr'><em>ab</em></span> <span class='ocrx_word' id='word_1_19' title='bbox 1802 2328 1888 2428; x_wconf 79' lang='lat' dir='ltr'><em>ipso</em></span> <span class='ocrx_word' id='word_1_20' title='bbox 1912 2335 2007 2403; x_wconf 86' lang='lat' dir='ltr'><em>acta</em></span> <span class='ocrx_word' id='word_1_21' title='bbox 2036 2328 2300 2431; x_wconf 79' lang='lat' dir='ltr'><em>intelligendi,</em></span> <span class='ocrx_word' id='word_1_22' title='bbox 2326 2331 2503 2434; x_wconf 80' lang='lat' dir='ltr'><em>quaesit</em></span> 
     </span>
     <span class='ocr_line' id='line_1_6' title="bbox 1071 2461 2455 2564; baseline 0.001 -30"><span class='ocrx_word' id='word_1_23' title='bbox 1071 2461 1301 2535; x_wconf 79' lang='lat' dir='ltr'><em>necessaria</em></span> <span class='ocrx_word' id='word_1_24' title='bbox 1321 2462 1375 2534; x_wconf 84' lang='lat' dir='ltr'><em>ad</em></span> <span class='ocrx_word' id='word_1_25' title='bbox 1392 2461 1465 2535; x_wconf 81' lang='lat' dir='ltr'><em>lzoc</em></span> <span class='ocrx_word' id='word_1_26' title='bbox 1484 2462 1589 2563; x_wconf 82' lang='lat' dir='ltr'><em>quod</em></span> <span class='ocrx_word' id='word_1_27' title='bbox 1607 2461 1699 2561; x_wconf 78' lang='lat' dir='ltr'><em>ipsa</em></span> <span class='ocrx_word' id='word_1_28' title='bbox 1718 2461 1896 2561; x_wconf 78' lang='lat' dir='ltr'><em>operalio</em></span> <span class='ocrx_word' id='word_1_29' title='bbox 1917 2462 2170 2564; x_wconf 83' lang='lat' dir='ltr'><em>intelligendi</em></span> <span class='ocrx_word' id='word_1_30' title='bbox 2187 2462 2376 2539; x_wconf 79' lang='lat' dir='ltr'><em>eliciatur</em></span> <span class='ocrx_word' id='word_1_31' title='bbox 2389 2467 2455 2562; x_wconf 87' lang='lat'><em>(1).</em></span> 
     </span>
    </p>
   </div>
   <div class='ocr_carea' id='block_1_5' title="bbox 843 2789 2506 5308">
    <p class='ocr_par' dir='ltr' id='par_1_5' title="bbox 1027 2789 2503 3455">
     <span class='ocr_line' id='line_1_7' title="bbox 1116 2789 2503 2875; baseline 0.002 -21"><span class='ocrx_word' id='word_1_32' title='bbox 1116 2789 1232 2855; x_wconf 88' lang='lat' dir='ltr'><em>Tertio</em></span> <span class='ocrx_word' id='word_1_33' title='bbox 1261 2793 1493 2874; x_wconf 81' lang='lat' dir='ltr'>quaerebatur</span> <span class='ocrx_word' id='word_1_34' title='bbox 1516 2802 1629 2855; x_wconf 89' lang='lat' dir='ltr'><em>utrum</em></span> <span class='ocrx_word' id='word_1_35' title='bbox 1654 2790 1849 2856; x_wconf 87' lang='lat' dir='ltr'><em>intellectus</em></span> <span class='ocrx_word' id='word_1_36' title='bbox 1874 2789 2051 2875; x_wconf 86' lang='lat' dir='ltr'><em>possibilis</em></span> <span class='ocrx_word' id='word_1_37' title='bbox 2075 2790 2276 2856; x_wconf 88' lang='lat' dir='ltr'><em>necessario</em></span> <span class='ocrx_word' id='word_1_38' title='bbox 2300 2790 2503 2857; x_wconf 86' lang='lat' dir='ltr'><strong>informetur</strong></span> 
     </span>
     <span class='ocr_line' id='line_1_8' title="bbox 1028 2904 2502 2994; baseline 0.002 -26"><span class='ocrx_word' id='word_1_39' title='bbox 1028 2904 1142 2988; x_wconf 87' lang='lat' dir='ltr'><em>aliqua</em></span> <span class='ocrx_word' id='word_1_40' title='bbox 1159 2905 1277 2990; x_wconf 83' lang='lat' dir='ltr'><em>specie</em></span> <span class='ocrx_word' id='word_1_41' title='bbox 1302 2904 1507 2993; x_wconf 84' lang='lat' dir='ltr'><em>intelligibili</em></span> <span class='ocrx_word' id='word_1_42' title='bbox 1531 2905 1598 2970; x_wconf 92' lang='lat' dir='ltr'><em>alia</em></span> <span class='ocrx_word' id='word_1_43' title='bbox 1622 2908 1665 2970; x_wconf 90' lang='lat' dir='ltr'><em>ab</em></span> <span class='ocrx_word' id='word_1_44' title='bbox 1691 2906 1769 2991; x_wconf 88' lang='lat' dir='ltr'><em>ipso</em></span> <span class='ocrx_word' id='word_1_45' title='bbox 1793 2905 1985 2994; x_wconf 88' lang='lat' dir='ltr'><em>intelligere</em></span> <span class='ocrx_word' id='word_1_46' title='bbox 2009 2905 2083 2972; x_wconf 91' lang='lat' dir='ltr'><em>sive</em></span> <span class='ocrx_word' id='word_1_47' title='bbox 2107 2908 2151 2970; x_wconf 88' lang='lat' dir='ltr'><em>ab</em></span> <span class='ocrx_word' id='word_1_48' title='bbox 2176 2905 2253 2991; x_wconf 90' lang='lat' dir='ltr'><em>ipso</em></span> <span class='ocrx_word' id='word_1_49' title='bbox 2278 2918 2358 2972; x_wconf 90' lang='lat' dir='ltr'><em>actu</em></span> <span class='ocrx_word' id='word_1_50' title='bbox 2382 2907 2502 2972; x_wconf 91' lang='lat' dir='ltr'><em>intelli·</em></span> 
     </span>
     <span class='ocr_line' id='line_1_9' title="bbox 1027 3020 2501 3109; baseline 0.001 -24"><span class='ocrx_word' id='word_1_51' title='bbox 1027 3020 1145 3107; x_wconf 82' lang='lat' dir='ltr'><em>gendi,</em></span> <span class='ocrx_word' id='word_1_52' title='bbox 1171 3040 1260 3105; x_wconf 89' lang='lat' dir='ltr'><em>quae</em></span> <span class='ocrx_word' id='word_1_53' title='bbox 1284 3021 1327 3086; x_wconf 90' lang='lat' dir='ltr'><em>sit</em></span> <span class='ocrx_word' id='word_1_54' title='bbox 1351 3021 1549 3087; x_wconf 87' lang='lat' dir='ltr'><em>necessaria</em></span> <span class='ocrx_word' id='word_1_55' title='bbox 1575 3023 1619 3086; x_wconf 90' lang='lat' dir='ltr'><em>ad</em></span> <span class='ocrx_word' id='word_1_56' title='bbox 1636 3023 1705 3087; x_wconf 89' lang='lat' dir='ltr'><em>hoc</em></span> <span class='ocrx_word' id='word_1_57' title='bbox 1722 3022 1818 3106; x_wconf 92' lang='lat' dir='ltr'><em>quod</em></span> <span class='ocrx_word' id='word_1_58' title='bbox 1835 3021 1911 3107; x_wconf 92' lang='lat' dir='ltr'><em>ipsa</em></span> <span class='ocrx_word' id='word_1_59' title='bbox 1928 3021 2085 3106; x_wconf 87' lang='lat' dir='ltr'><em>operatio</em></span> <span class='ocrx_word' id='word_1_60' title='bbox 2103 3021 2320 3109; x_wconf 89' lang='lat' dir='ltr'><em>intelligendi</em></span> <span class='ocrx_word' id='word_1_61' title='bbox 2337 3021 2501 3089; x_wconf 87' lang='lat' dir='ltr'><em>eliciatur.</em></span> 
     </span>
     <span class='ocr_line' id='line_1_10' title="bbox 1028 3136 2502 3223; baseline 0.003 -24"><span class='ocrx_word' id='word_1_62' title='bbox 1028 3136 1070 3200; x_wconf 85' lang='lat' dir='ltr'><em>Et</em></span> <span class='ocrx_word' id='word_1_63' title='bbox 1087 3138 1297 3223; x_wconf 81' lang='lat' dir='ltr'>arguebatur</span> <span class='ocrx_word' id='word_1_64' title='bbox 1314 3137 1322 3172; x_wconf 89' lang='lat'>¹</span> <span class='ocrx_word' id='word_1_65' title='bbox 1339 3137 1433 3222; x_wconf 92' lang='lat' dir='ltr'><em>quod</em></span> <span class='ocrx_word' id='word_1_66' title='bbox 1451 3137 1511 3218; x_wconf 91' lang='lat' dir='ltr'><em>sic,</em></span> <span class='ocrx_word' id='word_1_67' title='bbox 1530 3137 1611 3221; x_wconf 88' lang='lat' dir='ltr'><em>quia</em></span> <span class='ocrx_word' id='word_1_68' title='bbox 1628 3136 1776 3203; x_wconf 89' lang='lat' dir='ltr'><em>actionis</em></span> <span class='ocrx_word' id='word_1_69' title='bbox 1797 3138 1852 3202; x_wconf 93' lang='lat' dir='ltr'><em>vel</em></span> <span class='ocrx_word' id='word_1_70' title='bbox 1876 3137 2091 3222; x_wconf 84' lang='lat' dir='ltr'><em>operationis</em></span> <span class='ocrx_word' id='word_1_71' title='bbox 2115 3137 2301 3204; x_wconf 84' lang='lat' dir='ltr'><em>cuiuslibet</em></span> <span class='ocrx_word' id='word_1_72' title='bbox 2325 3138 2502 3222; x_wconf 88' lang='lat' dir='ltr'><em>operantis</em></span> 
     </span>
     <span class='ocr_line' id='line_1_11' title="bbox 1028 3251 2503 3341; baseline 0.002 -25"><span class='ocrx_word' id='word_1_73' title='bbox 1028 3263 1081 3316; x_wconf 86' lang='lat' dir='ltr'><em>est</em></span> <span class='ocrx_word' id='word_1_74' title='bbox 1107 3251 1315 3337; x_wconf 89' lang='lat' dir='ltr'><em>principium</em></span> <span class='ocrx_word' id='word_1_75' title='bbox 1348 3253 1402 3317; x_wconf 91' lang='lat' dir='ltr'><em>vel</em></span> <span class='ocrx_word' id='word_1_76' title='bbox 1433 3253 1519 3319; x_wconf 86' lang='lat' dir='ltr'><em>ratio</em></span> <span class='ocrx_word' id='word_1_77' title='bbox 1552 3253 1682 3341; x_wconf 89' lang='lat' dir='ltr'><em>agendi</em></span> <span class='ocrx_word' id='word_1_78' title='bbox 1715 3252 1830 3336; x_wconf 88' lang='lat' dir='ltr'><em>aliqua</em></span> <span class='ocrx_word' id='word_1_79' title='bbox 1861 3252 1984 3332; x_wconf 86' lang='lat' dir='ltr'><em>forma,</em></span> <span class='ocrx_word' id='word_1_80' title='bbox 2001 3254 2196 3319; x_wconf 91' lang='lat' dir='ltr'><em>secundum</em></span> <span class='ocrx_word' id='word_1_81' title='bbox 2233 3276 2336 3337; x_wconf 86' lang='lat' dir='ltr'><em>quam</em></span> <span class='ocrx_word' id='word_1_82' title='bbox 2369 3255 2503 3320; x_wconf 86' lang='lat' dir='ltr'><em>elicitur</em></span> 
     </span>
     <span class='ocr_line' id='line_1_12' title="bbox 1028 3366 2502 3455; baseline 0.003 -23"><span class='ocrx_word' id='word_1_83' title='bbox 1028 3367 1228 3433; x_wconf 87' lang='lat' dir='ltr'><em>huiusmodi</em></span> <span class='ocrx_word' id='word_1_84' title='bbox 1242 3366 1254 3402; x_wconf 76' lang='lat'><strong>²</strong></span> <span class='ocrx_word' id='word_1_85' title='bbox 1270 3367 1438 3453; x_wconf 88' lang='lat' dir='ltr'><em>operati0,</em></span> <span class='ocrx_word' id='word_1_86' title='bbox 1456 3368 1522 3434; x_wconf 89' lang='lat' dir='ltr'><em>alia</em></span> <span class='ocrx_word' id='word_1_87' title='bbox 1538 3371 1582 3433; x_wconf 92' lang='lat' dir='ltr'><em>ab</em></span> <span class='ocrx_word' id='word_1_88' title='bbox 1600 3368 1677 3454; x_wconf 93' lang='lat' dir='ltr'><em>ipsa</em></span> <span class='ocrx_word' id='word_1_89' title='bbox 1694 3367 1908 3454; x_wconf 88' lang='lat' dir='ltr'><em>operatione.</em></span> <span class='ocrx_word' id='word_1_90' title='bbox 1939 3369 2010 3435; x_wconf 89' lang='lat' dir='ltr'><em>Sed</em></span> <span class='ocrx_word' id='word_1_91' title='bbox 2035 3369 2232 3435; x_wconf 91' lang='lat' dir='ltr'><em>intellectus</em></span> <span class='ocrx_word' id='word_1_92' title='bbox 2257 3369 2434 3455; x_wconf 83' lang='lat' dir='ltr'><em>possibilis</em></span> <span class='ocrx_word' id='word_1_93' title='bbox 2459 3371 2502 3437; x_wconf 93' lang='lat' dir='ltr'><em>de</em></span> 
     </span>
    </p>

    <p class='ocr_par' dir='ltr' id='par_1_6' title="bbox 940 3484 2503 4035">
     <span class='ocr_line' id='line_1_13' title="bbox 940 3484 2502 3572; baseline 0.001 -23"><span class='ocrx_word' id='word_1_94' title='bbox 940 3551 943 3555; x_wconf 68' lang='grc'>,</span> <span class='ocrx_word' id='word_1_95' title='bbox 1028 3507 1066 3549; x_wconf 89' lang='lat' dir='ltr'><em>se</em></span> <span class='ocrx_word' id='word_1_96' title='bbox 1090 3485 1219 3548; x_wconf 91' lang='lat' dir='ltr'><em>nullam</em></span> <span class='ocrx_word' id='word_1_97' title='bbox 1243 3484 1396 3570; x_wconf 89' lang='lat' dir='ltr'><em>speciem</em></span> <span class='ocrx_word' id='word_1_98' title='bbox 1422 3487 1537 3550; x_wconf 89' lang='lat' dir='ltr'><em>habet.</em></span> <span class='ocrx_word' id='word_1_99' title='bbox 1562 3485 1656 3572; x_wconf 88' lang='lat' dir='ltr'><em>Ergo</em></span> <span class='ocrx_word' id='word_1_100' title='bbox 1681 3495 1820 3570; x_wconf 90' lang='lat' dir='ltr'><em>oportet</em></span> <span class='ocrx_word' id='word_1_101' title='bbox 1843 3485 1939 3569; x_wconf 92' lang='lat' dir='ltr'><em>quod</em></span> <span class='ocrx_word' id='word_1_102' title='bbox 1963 3486 2007 3549; x_wconf 87' lang='lat' dir='ltr'><em>ad</em></span> <span class='ocrx_word' id='word_1_103' title='bbox 2024 3486 2094 3550; x_wconf 91' lang='lat' dir='ltr'><em>hoc</em></span> <span class='ocrx_word' id='word_1_104' title='bbox 2111 3486 2206 3569; x_wconf 93' lang='lat' dir='ltr'><em>quod</em></span> <span class='ocrx_word' id='word_1_105' title='bbox 2223 3485 2337 3551; x_wconf 92' lang='lat' dir='ltr'><em>eliciat</em></span> <span class='ocrx_word' id='word_1_106' title='bbox 2353 3486 2502 3571; x_wconf 86' lang='lat' dir='ltr'><em>aliquam</em></span> 
     </span>
     <span class='ocr_line' id='line_1_14' title="bbox 1028 3599 2503 3688; baseline 0.002 -24"><span class='ocrx_word' id='word_1_107' title='bbox 1028 3599 1268 3684; x_wconf 83' lang='lat' dir='ltr'><em>operationem</em></span> <span class='ocrx_word' id='word_1_108' title='bbox 1285 3600 1512 3688; x_wconf 87' lang='lat' dir='ltr'><em>intelligendi,</em></span> <span class='ocrx_word' id='word_1_109' title='bbox 1529 3600 1624 3686; x_wconf 91' lang='lat' dir='ltr'><em>prius</em></span> <span class='ocrx_word' id='word_1_110' title='bbox 1641 3601 1828 3666; x_wconf 88' lang='lat' dir='ltr'><em>reducatur</em></span> <span class='ocrx_word' id='word_1_111' title='bbox 1842 3599 1877 3664; x_wconf 93' lang='lat' dir='ltr'><em>in</em></span> <span class='ocrx_word' id='word_1_112' title='bbox 1901 3612 2017 3667; x_wconf 89' lang='lat' dir='ltr'><em>actum</em></span> <span class='ocrx_word' id='word_1_113' title='bbox 2042 3600 2188 3666; x_wconf 90' lang='lat' dir='ltr'><em>alicuius</em></span> <span class='ocrx_word' id='word_1_114' title='bbox 2211 3600 2344 3666; x_wconf 86' lang='lat' dir='ltr'><em>formae</em></span> <span class='ocrx_word' id='word_1_115' title='bbox 2370 3613 2404 3667; x_wconf 92' lang='lat' dir='ltr'><em>et</em></span> <span class='ocrx_word' id='word_1_116' title='bbox 2426 3624 2503 3687; x_wconf 91' lang='lat' dir='ltr'><em>spe-</em></span> 
     </span>
     <span class='ocr_line' id='line_1_15' title="bbox 1029 3714 2503 3804; baseline 0.002 -25"><span class='ocrx_word' id='word_1_117' title='bbox 1029 3714 1093 3780; x_wconf 87' lang='lat' dir='ltr'><em>ciei</em></span> <span class='ocrx_word' id='word_1_118' title='bbox 1118 3715 1235 3800; x_wconf 85' lang='lat' dir='ltr'><em>quae³</em></span> <span class='ocrx_word' id='word_1_119' title='bbox 1259 3717 1302 3780; x_wconf 83' lang='lat' dir='ltr'><em>sit</em></span> <span class='ocrx_word' id='word_1_120' title='bbox 1326 3718 1420 3782; x_wconf 82' lang='lat' dir='ltr'><em>aliud</em></span> <span class='ocrx_word' id='word_1_121' title='bbox 1444 3738 1547 3801; x_wconf 92' lang='lat' dir='ltr'><em>quam</em></span> <span class='ocrx_word' id='word_1_122' title='bbox 1572 3716 1686 3802; x_wconf 89' lang='lat' dir='ltr'><em>ipsum</em></span> <span class='ocrx_word' id='word_1_123' title='bbox 1711 3716 1912 3804; x_wconf 89' lang='lat' dir='ltr'><em>intelligere.</em></span> <span class='ocrx_word' id='word_1_124' title='bbox 1933 3716 1977 3782; x_wconf 88' lang='lat' dir='ltr'><em>Et</em></span> <span class='ocrx_word' id='word_1_125' title='bbox 2000 3718 2069 3783; x_wconf 87' lang='lat' dir='ltr'><em>hoc</em></span> <span class='ocrx_word' id='word_1_126' title='bbox 2086 3716 2222 3782; x_wconf 90' lang='lat' dir='ltr'><em>videtur</em></span> <span class='ocrx_word' id='word_1_127' title='bbox 2238 3738 2317 3783; x_wconf 91' lang='lat' dir='ltr'><em>esse</em></span> <span class='ocrx_word' id='word_1_128' title='bbox 2334 3719 2378 3782; x_wconf 96' lang='lat' dir='ltr'><em>de</em></span> <span class='ocrx_word' id='word_1_129' title='bbox 2394 3717 2503 3782; x_wconf 90' lang='lat' dir='ltr'><em>inten-</em></span> 
     </span>
     <span class='ocr_line' id='line_1_16' title="bbox 1029 3831 2502 3920; baseline 0 -22"><span class='ocrx_word' id='word_1_130' title='bbox 1029 3834 1124 3898; x_wconf 87' lang='lat' dir='ltr'><em>tione</em></span> <span class='ocrx_word' id='word_1_131' title='bbox 1157 3832 1361 3918; x_wconf 88' lang='lat' dir='ltr'><em>Philosophi</em></span> <span class='ocrx_word' id='word_1_132' title='bbox 1375 3835 1421 3917; x_wconf 82' lang='lat'><em>(2)</em></span> <span class='ocrx_word' id='word_1_133' title='bbox 1454 3831 1602 3898; x_wconf 88' lang='lat' dir='ltr'><em>dicentis</em></span> <span class='ocrx_word' id='word_1_134' title='bbox 1634 3833 1729 3917; x_wconf 92' lang='lat' dir='ltr'><em>quod</em></span> <span class='ocrx_word' id='word_1_135' title='bbox 1761 3831 1849 3919; x_wconf 89' lang='lat' dir='ltr'><em>lapis</em></span> <span class='ocrx_word' id='word_1_136' title='bbox 1876 3854 1948 3898; x_wconf 94' lang='lat' dir='ltr'><em>non</em></span> <span class='ocrx_word' id='word_1_137' title='bbox 1976 3843 2028 3902; x_wconf 87' lang='lat' dir='ltr'><em>est</em></span> <span class='ocrx_word' id='word_1_138' title='bbox 2056 3832 2091 3897; x_wconf 92' lang='lat' dir='ltr'><em>in</em></span> <span class='ocrx_word' id='word_1_139' title='bbox 2119 3833 2244 3912; x_wconf 84' lang='lat' dir='ltr'><em>anima,</em></span> <span class='ocrx_word' id='word_1_140' title='bbox 2273 3835 2337 3898; x_wconf 86' lang='lat' dir='ltr'><em>sed</em></span> <span class='ocrx_word' id='word_1_141' title='bbox 2365 3833 2502 3920; x_wconf 89' lang='lat' dir='ltr'><em>species</em></span> 
     </span>
     <span class='ocr_line' id='line_1_17' title="bbox 1028 3949 1163 4035; baseline -0.015 -20"><span class='ocrx_word' id='word_1_142' title='bbox 1028 3949 1163 4035; x_wconf 80' lang='lat' dir='ltr'><em>lapidis</em></span> 
     </span>
    </p>

    <p class='ocr_par' dir='ltr' id='par_1_7' title="bbox 1028 4063 2503 4616">
     <span class='ocr_line' id='line_1_18' title="bbox 1118 4063 2503 4152; baseline -0.001 -22"><span class='ocrx_word' id='word_1_143' title='bbox 1118 4067 1259 4143; x_wconf 88' lang='lat' dir='ltr'><em>Contra,</em></span> <span class='ocrx_word' id='word_1_144' title='bbox 1296 4076 1333 4129; x_wconf 91' lang='lat' dir='ltr'><em>ut</em></span> <span class='ocrx_word' id='word_1_145' title='bbox 1363 4063 1493 4130; x_wconf 90' lang='lat' dir='ltr'><em>dictum</em></span> <span class='ocrx_word' id='word_1_146' title='bbox 1526 4077 1588 4143; x_wconf 87' lang='lat' dir='ltr'><em>est,</em></span> <span class='ocrx_word' id='word_1_147' title='bbox 1620 4066 1815 4130; x_wconf 89' lang='lat' dir='ltr'><em>secundum</em></span> <span class='ocrx_word' id='word_1_148' title='bbox 1851 4063 2104 4149; x_wconf 89' lang='lat' dir='ltr'><em>Philosophum</em></span> <span class='ocrx_word' id='word_1_149' title='bbox 2130 4069 2187 4149; x_wconf 83' lang='lat'><em>(3),</em></span> <span class='ocrx_word' id='word_1_150' title='bbox 2223 4064 2414 4152; x_wconf 88' lang='lat' dir='ltr'><em>intelligere</em></span> <span class='ocrx_word' id='word_1_151' title='bbox 2451 4076 2503 4131; x_wconf 87' lang='lat' dir='ltr'><em>est</em></span> 
     </span>
     <span class='ocr_line' id='line_1_19' title="bbox 1028 4159 2502 4268; baseline -0.001 -22"><span class='ocrx_word' id='word_1_152' title='bbox 1028 4183 1206 4266; x_wconf 73' lang='lat' dir='ltr'><em>(meddam</em></span> <span class='ocrx_word' id='word_1_153' title='bbox 1239 4180 1308 4266; x_wconf 91' lang='lat' dir='ltr'><em>pati</em></span> <span class='ocrx_word' id='word_1_154' title='bbox 1340 4193 1502 4265; x_wconf 89' lang='lat' dir='ltr'><em>respectu</em></span> <span class='ocrx_word' id='word_1_155' title='bbox 1533 4159 1730 4246; x_wconf 85' lang='lat' dir='ltr'><em>intellectus</em></span> <span class='ocrx_word' id='word_1_156' title='bbox 1761 4179 1948 4266; x_wconf 90' lang='lat' dir='ltr'><em>possibilis.</em></span> <span class='ocrx_word' id='word_1_157' title='bbox 1978 4179 2073 4268; x_wconf 91' lang='lat' dir='ltr'><em>Ergo</em></span> <span class='ocrx_word' id='word_1_158' title='bbox 2102 4181 2297 4246; x_wconf 89' lang='lat' dir='ltr'><em>intellectus</em></span> <span class='ocrx_word' id='word_1_159' title='bbox 2325 4181 2502 4266; x_wconf 87' lang='lat' dir='ltr'><em>possibilis</em></span> 
     </span>
     <span class='ocr_line' id='line_1_20' title="bbox 1028 4296 2499 4384; baseline -0.001 -22"><span class='ocrx_word' id='word_1_160' title='bbox 1028 4308 1190 4382; x_wconf 84' lang='lat' dir='ltr'><em>respectu</em></span> <span class='ocrx_word' id='word_1_161' title='bbox 1207 4296 1316 4382; x_wconf 89' lang='lat' dir='ltr'><em>ipsius</em></span> <span class='ocrx_word' id='word_1_162' title='bbox 1332 4296 1523 4384; x_wconf 90' lang='lat' dir='ltr'><em>intelligere</em></span> <span class='ocrx_word' id='word_1_163' title='bbox 1548 4317 1592 4362; x_wconf 87' lang='lat' dir='ltr'><em>ex</em></span> <span class='ocrx_word' id='word_1_164' title='bbox 1615 4307 1712 4382; x_wconf 88' lang='lat' dir='ltr'><em>parte</em></span> <span class='ocrx_word' id='word_1_165' title='bbox 1736 4318 1800 4361; x_wconf 90' lang='lat' dir='ltr'><em>sua</em></span> <span class='ocrx_word' id='word_1_166' title='bbox 1823 4296 1918 4361; x_wconf 92' lang='lat' dir='ltr'><em>nullo</em></span> <span class='ocrx_word' id='word_1_167' title='bbox 1943 4296 2087 4384; x_wconf 86' lang='lat' dir='ltr'><em>indiget,</em></span> <span class='ocrx_word' id='word_1_168' title='bbox 2112 4296 2179 4361; x_wconf 82' lang='lat' dir='ltr'><em>nisi</em></span> <span class='ocrx_word' id='word_1_169' title='bbox 2204 4319 2274 4381; x_wconf 93' lang='lat' dir='ltr'><em>quo</em></span> <span class='ocrx_word' id='word_1_170' title='bbox 2299 4297 2499 4382; x_wconf 84' lang='lat' dir='ltr'><em>disponatur</em></span> 
     </span>
     <span class='ocr_line' id='line_1_21' title="bbox 1029 4411 2503 4498; baseline 0 -21"><span class='ocrx_word' id='word_1_171' title='bbox 1029 4413 1073 4477; x_wconf 85' lang='lat' dir='ltr'><em>ad</em></span> <span class='ocrx_word' id='word_1_172' title='bbox 1098 4413 1310 4498; x_wconf 85' lang='lat' dir='ltr'><em>patiendum.</em></span> <span class='ocrx_word' id='word_1_173' title='bbox 1336 4412 1408 4478; x_wconf 86' lang='lat' dir='ltr'><em>Sed</em></span> <span class='ocrx_word' id='word_1_174' title='bbox 1432 4433 1510 4477; x_wconf 92' lang='lat' dir='ltr'><em>cum</em></span> <span class='ocrx_word' id='word_1_175' title='bbox 1536 4412 1580 4478; x_wconf 93' lang='lat' dir='ltr'><em>de</em></span> <span class='ocrx_word' id='word_1_176' title='bbox 1604 4434 1643 4479; x_wconf 88' lang='lat' dir='ltr'><em>se</em></span> <span class='ocrx_word' id='word_1_177' title='bbox 1667 4412 1710 4476; x_wconf 86' lang='lat' dir='ltr'><em>sit</em></span> <span class='ocrx_word' id='word_1_178' title='bbox 1735 4412 1907 4497; x_wconf 88' lang='lat' dir='ltr'><em>quaedam</em></span> <span class='ocrx_word' id='word_1_179' title='bbox 1928 4411 2085 4498; x_wconf 91' lang='lat' dir='ltr'><em>potentia</em></span> <span class='ocrx_word' id='word_1_180' title='bbox 2101 4424 2264 4498; x_wconf 89' lang='lat' dir='ltr'><em>respectu</em></span> <span class='ocrx_word' id='word_1_181' title='bbox 2281 4412 2391 4498; x_wconf 90' lang='lat' dir='ltr'><em>ipsius</em></span> <span class='ocrx_word' id='word_1_182' title='bbox 2409 4412 2503 4478; x_wconf 92' lang='lat' dir='ltr'><em>intel·</em></span> 
     </span>
     <span class='ocr_line' id='line_1_22' title="bbox 1029 4527 2135 4616; baseline 0 -24"><span class='ocrx_word' id='word_1_183' title='bbox 1029 4529 1146 4616; x_wconf 84' lang='lat' dir='ltr'><em>ligere,</em></span> <span class='ocrx_word' id='word_1_184' title='bbox 1164 4551 1205 4594; x_wconf 86' lang='lat' dir='ltr'><em>ex</em></span> <span class='ocrx_word' id='word_1_185' title='bbox 1222 4530 1291 4593; x_wconf 87' lang='lat' dir='ltr'><em>hoc</em></span> <span class='ocrx_word' id='word_1_186' title='bbox 1308 4538 1361 4593; x_wconf 87' lang='lat' dir='ltr'><em>est</em></span> <span class='ocrx_word' id='word_1_187' title='bbox 1377 4527 1589 4593; x_wconf 85' lang='lat' dir='ltr'><em>sufficienter</em></span> <span class='ocrx_word' id='word_1_188' title='bbox 1607 4527 1808 4613; x_wconf 86' lang='lat' dir='ltr'><em>dispositus.</em></span> <span class='ocrx_word' id='word_1_189' title='bbox 1823 4528 1942 4612; x_wconf 82' lang='lat' dir='ltr'><em>Quare</em></span> <span class='ocrx_word' id='word_1_190' title='bbox 1959 4539 1992 4593; x_wconf 90' lang='lat' dir='ltr'><em>et</em></span> <span class='ocrx_word' id='word_1_191' title='bbox 2009 4539 2135 4594; x_wconf 88' lang='lat' dir='ltr'><em>cetera.</em></span> 
     </span>
    </p>

    <p class='ocr_par' dir='ltr' id='par_1_8' title="bbox 1029 4643 2504 4963">
     <span class='ocr_line' id='line_1_23' title="bbox 1119 4643 2503 4731; baseline 0 -23"><span class='ocrx_word' id='word_1_192' title='bbox 1119 4645 1332 4729; x_wconf 85' lang='lat' dir='ltr'><em>Respondeo</em></span> <span class='ocrx_word' id='word_1_193' title='bbox 1361 4643 1546 4708; x_wconf 91' lang='lat' dir='ltr'><em>dicendum</em></span> <span class='ocrx_word' id='word_1_194' title='bbox 1572 4644 1678 4727; x_wconf 93' lang='lat' dir='ltr'><em>quod,</em></span> <span class='ocrx_word' id='word_1_195' title='bbox 1708 4655 1810 4728; x_wconf 90' lang='lat' dir='ltr'><em>prout</em></span> <span class='ocrx_word' id='word_1_196' title='bbox 1839 4643 1992 4731; x_wconf 84' lang='lat' dir='ltr'><em>tangitur</em></span> <span class='ocrx_word' id='word_1_197' title='bbox 2015 4643 2050 4708; x_wconf 94' lang='lat' dir='ltr'><em>in</em></span> <span class='ocrx_word' id='word_1_198' title='bbox 2076 4643 2185 4729; x_wconf 90' lang='lat' dir='ltr'><em>prima</em></span> <span class='ocrx_word' id='word_1_199' title='bbox 2213 4643 2356 4721; x_wconf 89' lang='lat' dir='ltr'><em>ratione,</em></span> <span class='ocrx_word' id='word_1_200' title='bbox 2385 4666 2503 4709; x_wconf 82' lang='lat' dir='ltr'><em>secun·</em></span> 
     </span>
     <span class='ocr_line' id='line_1_24' title="bbox 1029 4758 2504 4844; baseline 0.001 -20"><span class='ocrx_word' id='word_1_201' title='bbox 1029 4761 1138 4824; x_wconf 60' lang='lat' dir='ltr'><em>ditia*</em></span> <span class='ocrx_word' id='word_1_202' title='bbox 1162 4770 1336 4844; x_wconf 83' lang='lat' dir='ltr'><em>ponentes</em></span> <span class='ocrx_word' id='word_1_203' title='bbox 1359 4759 1570 4825; x_wconf 90' lang='lat' dir='ltr'><em>intellectum</em></span> <span class='ocrx_word' id='word_1_204' title='bbox 1595 4780 1674 4824; x_wconf 86' lang='lat' dir='ltr'><em>esse</em></span> <span class='ocrx_word' id='word_1_205' title='bbox 1699 4758 1906 4844; x_wconf 88' lang='lat' dir='ltr'><em>principium</em></span> <span class='ocrx_word' id='word_1_206' title='bbox 1931 4759 2081 4824; x_wconf 92' lang='lat' dir='ltr'><em>activum</em></span> <span class='ocrx_word' id='word_1_207' title='bbox 2105 4771 2267 4844; x_wconf 90' lang='lat' dir='ltr'><em>respectu</em></span> <span class='ocrx_word' id='word_1_208' title='bbox 2287 4770 2385 4824; x_wconf 85' lang='lat' dir='ltr'><em>aetus</em></span> <span class='ocrx_word' id='word_1_209' title='bbox 2407 4759 2504 4825; x_wconf 89' lang='lat' dir='ltr'><em>intel·</em></span> 
     </span>
     <span class='ocr_line' id='line_1_25' title="bbox 1030 4873 2504 4963; baseline 0 -24"><span class='ocrx_word' id='word_1_210' title='bbox 1030 4874 1170 4963; x_wconf 83' lang='lat' dir='ltr'><em>ligendi,</em></span> <span class='ocrx_word' id='word_1_211' title='bbox 1202 4897 1281 4940; x_wconf 91' lang='lat' dir='ltr'><em>cum</em></span> <span class='ocrx_word' id='word_1_212' title='bbox 1313 4876 1508 4941; x_wconf 91' lang='lat' dir='ltr'><em>secundum</em></span> <span class='ocrx_word' id='word_1_213' title='bbox 1536 4895 1575 4939; x_wconf 87' lang='lat' dir='ltr'><em>se</em></span> <span class='ocrx_word' id='word_1_214' title='bbox 1599 4873 1841 4940; x_wconf 90' lang='lat' dir='ltr'><em>consideratus</em></span> <span class='ocrx_word' id='word_1_215' title='bbox 1869 4895 1941 4939; x_wconf 94' lang='lat' dir='ltr'><em>non</em></span> <span class='ocrx_word' id='word_1_216' title='bbox 1964 4874 2008 4940; x_wconf 91' lang='lat' dir='ltr'><em>sit</em></span> <span class='ocrx_word' id='word_1_217' title='bbox 2032 4874 2125 4939; x_wconf 82' lang='lat' dir='ltr'><em>nisi⁵</em></span> <span class='ocrx_word' id='word_1_218' title='bbox 2152 4876 2324 4958; x_wconf 90' lang='lat' dir='ltr'><em>quaedam</em></span> <span class='ocrx_word' id='word_1_219' title='bbox 2349 4874 2504 4960; x_wconf 91' lang='lat' dir='ltr'><em>potentia</em></span> 
     </span>
    </p>

    <p class='ocr_par' dir='ltr' id='par_1_9' title="bbox 843 4983 2506 5308">
     <span class='ocr_line' id='line_1_26' title="bbox 843 4983 2504 5109; baseline 0.001 -54"><span class='ocrx_word' id='word_1_220' title='bbox 843 4983 1006 5109; x_wconf 57' lang='lat' dir='ltr'><em>fof⁰ldss=8PRa</em></span> <span class='ocrx_word' id='word_1_221' title='bbox 1029 4990 1293 5055; x_wconf 88' lang='lat' dir='ltr'><em>indeterminata</em></span> <span class='ocrx_word' id='word_1_222' title='bbox 1309 5001 1471 5076; x_wconf 88' lang='lat' dir='ltr'><em>respectu</em></span> <span class='ocrx_word' id='word_1_223' title='bbox 1489 4989 1739 5074; x_wconf 89' lang='lat' dir='ltr'><em>cuiuscumque</em></span> <span class='ocrx_word' id='word_1_224' title='bbox 1764 4988 1892 5055; x_wconf 92' lang='lat' dir='ltr'><em>obiecti</em></span> <span class='ocrx_word' id='word_1_225' title='bbox 1920 4992 1923 5072; x_wconf 73' lang='lat' dir='ltr'><em>l</em></span> <span class='ocrx_word' id='word_1_226' title='bbox 1952 5002 1985 5056; x_wconf 89' lang='lat' dir='ltr'><em>et</em></span> <span class='ocrx_word' id='word_1_227' title='bbox 2002 5002 2101 5056; x_wconf 88' lang='lat' dir='ltr'><em>actus</em></span> <span class='ocrx_word' id='word_1_228' title='bbox 2123 4990 2348 5078; x_wconf 87' lang='lat' dir='ltr'><em>intelligendi,</em></span> <span class='ocrx_word' id='word_1_229' title='bbox 2366 4991 2410 5055; x_wconf 92' lang='lat' dir='ltr'><em>ad</em></span> <span class='ocrx_word' id='word_1_230' title='bbox 2435 4992 2504 5056; x_wconf 89' lang='lat' dir='ltr'><em>hoc</em></span> 
     </span>
     <span class='ocr_line' id='line_1_27' title="bbox 887 5096 2503 5193; baseline 0.001 -23"><span class='ocrx_word' id='word_1_231' title='bbox 887 5096 892 5107; x_wconf 80' lang='grc'><strong>’</strong></span> <span class='ocrx_word' id='word_1_232' title='bbox 1031 5107 1125 5190; x_wconf 89' lang='lat' dir='ltr'><em>quod</em></span> <span class='ocrx_word' id='word_1_233' title='bbox 1143 5106 1248 5172; x_wconf 85' lang='lat' dir='ltr'><em>faciat</em></span> <span class='ocrx_word' id='word_1_234' title='bbox 1264 5128 1302 5172; x_wconf 90' lang='lat' dir='ltr'><em>se</em></span> <span class='ocrx_word' id='word_1_235' title='bbox 1319 5106 1433 5191; x_wconf 84' lang='lat' dir='ltr'><em>ipsum</em></span> <span class='ocrx_word' id='word_1_236' title='bbox 1451 5106 1485 5171; x_wconf 95' lang='lat' dir='ltr'><em>in</em></span> <span class='ocrx_word' id='word_1_237' title='bbox 1503 5117 1618 5171; x_wconf 90' lang='lat' dir='ltr'><em>actum</em></span> <span class='ocrx_word' id='word_1_238' title='bbox 1636 5105 1786 5190; x_wconf 88' lang='lat' dir='ltr'><em>aliquem</em></span> <span class='ocrx_word' id='word_1_239' title='bbox 1811 5105 2076 5171; x_wconf 88' lang='lat' dir='ltr'><em>determinatum</em></span> <span class='ocrx_word' id='word_1_240' title='bbox 2100 5105 2317 5193; x_wconf 86' lang='lat' dir='ltr'><em>intelligendi</em></span> <span class='ocrx_word' id='word_1_241' title='bbox 2342 5118 2503 5192; x_wconf 85' lang='lat' dir='ltr'><em>respectu</em></span> 
     </span>
     <span class='ocr_line' id='line_1_28' title="bbox 1031 5221 2506 5308; baseline 0 -21"><span class='ocrx_word' id='word_1_242' title='bbox 1031 5221 1158 5287; x_wconf 85' lang='lat' dir='ltr'><em>obiecti</em></span> <span class='ocrx_word' id='word_1_243' title='bbox 1182 5221 1410 5302; x_wconf 85' lang='lat' dir='ltr'><em>determinati,</em></span> <span class='ocrx_word' id='word_1_244' title='bbox 1436 5232 1573 5308; x_wconf 90' lang='lat' dir='ltr'><em>oportet</em></span> <span class='ocrx_word' id='word_1_245' title='bbox 1601 5223 1696 5306; x_wconf 93' lang='lat' dir='ltr'><em>quod</em></span> <span class='ocrx_word' id='word_1_246' title='bbox 1724 5233 1883 5287; x_wconf 90' lang='lat' dir='ltr'><em>actuetur</em></span> <span class='ocrx_word' id='word_1_247' title='bbox 1909 5221 2025 5306; x_wconf 93' lang='lat' dir='ltr'><em>aliquo</em></span> <span class='ocrx_word' id='word_1_248' title='bbox 2053 5222 2169 5301; x_wconf 91' lang='lat' dir='ltr'><em>modo,</em></span> <span class='ocrx_word' id='word_1_249' title='bbox 2197 5234 2232 5286; x_wconf 85' lang='lat' dir='ltr'><em>et</em></span> <span class='ocrx_word' id='word_1_250' title='bbox 2258 5223 2506 5288; x_wconf 89' lang='lat' dir='ltr'><em>determinetur</em></span> 
     </span>
    </p>
   </div>
   <div class='ocr_carea' id='block_1_6' title="bbox 1031 5337 2504 5426">
    <p class='ocr_par' dir='ltr' id='par_1_10' title="bbox 1031 5337 2504 5426">
     <span class='ocr_line' id='line_1_29' title="bbox 1031 5337 2504 5426; baseline 0 -23"><span class='ocrx_word' id='word_1_251' title='bbox 1031 5340 1224 5405; x_wconf 85' lang='lat' dir='ltr'><em>secundum</em></span> <span class='ocrx_word' id='word_1_252' title='bbox 1257 5337 1411 5423; x_wconf 90' lang='lat' dir='ltr'><em>speciem</em></span> <span class='ocrx_word' id='word_1_253' title='bbox 1443 5337 1707 5404; x_wconf 89' lang='lat' dir='ltr'><em>determinatam</em></span> <span class='ocrx_word' id='word_1_254' title='bbox 1742 5337 1881 5418; x_wconf 88' lang='lat' dir='ltr'><em>obiecti,</em></span> <span class='ocrx_word' id='word_1_255' title='bbox 1914 5349 2076 5423; x_wconf 89' lang='lat' dir='ltr'><em>respectu</em></span> <span class='ocrx_word' id='word_1_256' title='bbox 2108 5337 2208 5402; x_wconf 87' lang='lat' dir='ltr'><em>cuius</em></span> <span class='ocrx_word' id='word_1_257' title='bbox 2236 5338 2341 5403; x_wconf 91' lang='lat' dir='ltr'><em>debet</em></span> <span class='ocrx_word' id='word_1_258' title='bbox 2376 5338 2504 5426; x_wconf 89' lang='lat' dir='ltr'><em>eligere</em></span> 
     </span>
    </p>
   </div>
   <div class='ocr_carea' id='block_1_7' title="bbox 1123 5636 2455 5722">
    <p class='ocr_par' dir='ltr' id='par_1_11' title="bbox 1123 5636 2455 5722">
     <span class='ocr_line' id='line_1_30' title="bbox 1123 5636 2455 5722; baseline -0.002 -18"><span class='ocrx_word' id='word_1_259' title='bbox 1123 5654 1129 5682; x_wconf 86' lang='lat'>¹</span> <span class='ocrx_word' id='word_1_260' title='bbox 1143 5651 1273 5722; x_wconf 85' lang='lat' dir='ltr'><em>arguitur</em></span> <span class='ocrx_word' id='word_1_261' title='bbox 1287 5650 1318 5704; x_wconf 90' lang='lat' dir='ltr'><em>P.</em></span> <span class='ocrx_word' id='word_1_262' title='bbox 1332 5681 1365 5689; x_wconf 96' lang='lat'><em>—</em></span> <span class='ocrx_word' id='word_1_263' title='bbox 1379 5650 1390 5682; x_wconf 88' lang='lat'><strong>¹</strong></span> <span class='ocrx_word' id='word_1_264' title='bbox 1402 5648 1487 5704; x_wconf 89' lang='lat' dir='ltr'><em>huius</em></span> <span class='ocrx_word' id='word_1_265' title='bbox 1501 5649 1530 5703; x_wconf 90' lang='lat' dir='ltr'><em>P.</em></span> <span class='ocrx_word' id='word_1_266' title='bbox 1546 5680 1578 5687; x_wconf 90' lang='lat'>-</span> <span class='ocrx_word' id='word_1_267' title='bbox 1593 5649 1604 5680; x_wconf 80' lang='lat'><strong>³</strong></span> <span class='ocrx_word' id='word_1_268' title='bbox 1617 5648 1666 5720; x_wconf 93' lang='lat' dir='ltr'><em>qui</em></span> <span class='ocrx_word' id='word_1_269' title='bbox 1680 5648 1711 5702; x_wconf 91' lang='lat' dir='ltr'><em>P.</em></span> <span class='ocrx_word' id='word_1_270' title='bbox 1726 5680 1758 5687; x_wconf 96' lang='lat'>—</span> <span class='ocrx_word' id='word_1_271' title='bbox 1773 5650 1782 5679; x_wconf 77' lang='lat'>¹</span> <span class='ocrx_word' id='word_1_272' title='bbox 1795 5648 1978 5701; x_wconf 82' lang='lat' dir='ltr'><em>addidimus.</em></span> <span class='ocrx_word' id='word_1_273' title='bbox 1994 5680 2027 5687; x_wconf 96' lang='lat'>-</span> <span class='ocrx_word' id='word_1_274' title='bbox 2042 5649 2122 5701; x_wconf 74' lang='lat' dir='ltr'><em>⁶non</em></span> <span class='ocrx_word' id='word_1_275' title='bbox 2136 5648 2239 5718; x_wconf 79' lang='lat' dir='ltr'><em>scrips.</em></span> <span class='ocrx_word' id='word_1_276' title='bbox 2255 5666 2352 5720; x_wconf 85' lang='lat' dir='ltr'><em>marg.</em></span> <span class='ocrx_word' id='word_1_277' title='bbox 2366 5648 2397 5702; x_wconf 90' lang='lat' dir='ltr'><em>P.</em></span> <span class='ocrx_word' id='word_1_278' title='bbox 2452 5636 2455 5641; x_wconf 35' lang='lat'>⁵</span> 
     </span>
    </p>
   </div>
   <div class='ocr_carea' id='block_1_8' title="bbox 1035 5879 2505 6137">
    <p class='ocr_par' dir='ltr' id='par_1_12' title="bbox 1035 5879 2505 6137">
     <span class='ocr_line' id='line_1_31' title="bbox 1119 5879 2505 5951; baseline -0.003 -15"><span class='ocrx_word' id='word_1_279' title='bbox 1119 5885 1158 5949; x_wconf 82' lang='lat' dir='ltr'><em>(l)</em></span> <span class='ocrx_word' id='word_1_280' title='bbox 1174 5883 1254 5936; x_wconf 92' lang='lat' dir='ltr'><em>Idem</em></span> <span class='ocrx_word' id='word_1_281' title='bbox 1269 5882 1375 5936; x_wconf 84' lang='lat' dir='ltr'><em>clarius</em></span> <span class='ocrx_word' id='word_1_282' title='bbox 1386 5889 1415 5935; x_wconf 91' lang='lat' dir='ltr'><em>et</em></span> <span class='ocrx_word' id='word_1_283' title='bbox 1424 5880 1543 5935; x_wconf 89' lang='lat' dir='ltr'><em>uberius</em></span> <span class='ocrx_word' id='word_1_284' title='bbox 1557 5879 1753 5951; x_wconf 84' lang='lat' dir='ltr'><em>disputabitur</em></span> <span class='ocrx_word' id='word_1_285' title='bbox 1764 5879 1870 5948; x_wconf 85' lang='lat' dir='ltr'><em>Quodl.</em></span> <span class='ocrx_word' id='word_1_286' title='bbox 1879 5879 1961 5950; x_wconf 87' lang='lat' dir='ltr'><em>lX,q.</em></span> <span class='ocrx_word' id='word_1_287' title='bbox 1972 5882 2004 5932; x_wconf 85' lang='grc'><em>19</em></span> <span class='ocrx_word' id='word_1_288' title='bbox 2014 5889 2044 5932; x_wconf 90' lang='lat' dir='ltr'><em>et</em></span> <span class='ocrx_word' id='word_1_289' title='bbox 2054 5880 2089 5941; x_wconf 86' lang='lat' dir='ltr'><em>X,</em></span> <span class='ocrx_word' id='word_1_290' title='bbox 2098 5898 2124 5949; x_wconf 92' lang='lat' dir='ltr'><em>q.</em></span> <span class='ocrx_word' id='word_1_291' title='bbox 2136 5883 2176 5932; x_wconf 77' lang='lat'><em>12.</em></span> <span class='ocrx_word' id='word_1_292' title='bbox 2188 5911 2221 5918; x_wconf 92' lang='lat'><em>-·</em></span> <span class='ocrx_word' id='word_1_293' title='bbox 2237 5885 2275 5945; x_wconf 69' lang='grc'><em>(21</em></span> <span class='ocrx_word' id='word_1_294' title='bbox 2292 5879 2505 5932; x_wconf 84' lang='lat' dir='ltr'><em>Aristotelis</em></span> 
     </span>
     <span class='ocr_line' id='line_1_32' title="bbox 1035 5967 2503 6043; baseline -0.001 -20"><span class='ocrx_word' id='word_1_295' title='bbox 1035 5972 1077 6024; x_wconf 82' lang='lat' dir='ltr'><em>De</em></span> <span class='ocrx_word' id='word_1_296' title='bbox 1089 5973 1203 6039; x_wconf 73' lang='lat' dir='ltr'><em>riniuta,</em></span> <span class='ocrx_word' id='word_1_297' title='bbox 1214 5972 1231 6025; x_wconf 88' lang='grc' dir='ltr'><em>Ι.</em></span> <span class='ocrx_word' id='word_1_298' title='bbox 1246 5971 1297 6034; x_wconf 90' lang='grc' dir='ltr'>ΙΙΙ,</span> <span class='ocrx_word' id='word_1_299' title='bbox 1309 5987 1332 6024; x_wconf 92' lang='lat' dir='ltr'><em>c.</em></span> <span class='ocrx_word' id='word_1_300' title='bbox 1346 5970 1430 6036; x_wconf 58' lang='lat' dir='ltr'><em>eled.</em></span> <span class='ocrx_word' id='word_1_301' title='bbox 1442 5969 1567 6035; x_wconf 83' lang='lat' dir='ltr'><em>Bekker,</em></span> <span class='ocrx_word' id='word_1_302' title='bbox 1579 5967 1634 6021; x_wconf 88' lang='lat' dir='ltr'><em>vol.</em></span> <span class='ocrx_word' id='word_1_303' title='bbox 1647 5967 1667 6034; x_wconf 92' lang='lat'><em>1,</em></span> <span class='ocrx_word' id='word_1_304' title='bbox 1679 5986 1706 6039; x_wconf 91' lang='lat' dir='ltr'><em>p.</em></span> <span class='ocrx_word' id='word_1_305' title='bbox 1721 5969 1771 6021; x_wconf 66' lang='lat'><em>431</em></span> <span class='ocrx_word' id='word_1_306' title='bbox 1786 5971 1849 6039; x_wconf 86' lang='lat' dir='ltr'><em>sq).</em></span> <span class='ocrx_word' id='word_1_307' title='bbox 1862 5967 1899 6024; x_wconf 83' lang='grc' dir='ltr'><em>Οὐ</em></span> <span class='ocrx_word' id='word_1_308' title='bbox 1911 5971 1962 6042; x_wconf 84' lang='grc' dir='ltr'><em>γὰρ</em></span> <span class='ocrx_word' id='word_1_309' title='bbox 1974 5969 1988 6023; x_wconf 77' lang='grc' dir='ltr'>ὁ</span> <span class='ocrx_word' id='word_1_310' title='bbox 2001 5969 2072 6030; x_wconf 77' lang='grc' dir='ltr'><strong>λίθος</strong></span> <span class='ocrx_word' id='word_1_311' title='bbox 2083 5968 2109 6024; x_wconf 84' lang='grc' dir='ltr'><em>ἐν</em></span> <span class='ocrx_word' id='word_1_312' title='bbox 2118 5976 2151 6042; x_wconf 74' lang='grc' dir='ltr'><em>τῇ</em></span> <span class='ocrx_word' id='word_1_313' title='bbox 2162 5972 2246 6043; x_wconf 81' lang='grc' dir='ltr'>ψυχῇ,</span> <span class='ocrx_word' id='word_1_314' title='bbox 2257 5969 2326 6024; x_wconf 78' lang='grc' dir='ltr'>ἀλλὰ</span> <span class='ocrx_word' id='word_1_315' title='bbox 2338 5970 2369 6024; x_wconf 85' lang='grc' dir='ltr'><em>τὸ</em></span> <span class='ocrx_word' id='word_1_316' title='bbox 2381 5970 2457 6032; x_wconf 78' lang='grc' dir='ltr'><strong>εἶδος.</strong></span> <span class='ocrx_word' id='word_1_317' title='bbox 2474 5998 2503 6005; x_wconf 92' lang='grc'>-</span> 
     </span>
     <span class='ocr_line' id='line_1_33' title="bbox 1043 6060 1354 6137; baseline -0.013 -21"><span class='ocrx_word' id='word_1_318' title='bbox 1043 6060 1354 6137; x_wconf 51' lang='lat' dir='ltr'><em>fflfflpmnffl</em></span> 
     </span>
    </p>
   </div>
   <div class='ocr_carea' id='block_1_9' title="bbox 0 0 3363 7988">
    <p class='ocr_par' dir='ltr' id='par_1_13' title="bbox 0 0 3363 7988">
     <span class='ocr_line' id='line_1_34' title="bbox 0 0 3363 7988; baseline 0 0"><span class='ocrx_word' id='word_1_319' title='bbox 0 0 3363 7988; x_wconf 95' lang='lat' dir='ltr'><em> </em></span> 
     </span>
    </p>
   </div>
  </div>
 </body>
</html>
