6700 7992
1184 1345 1380 1416 QtTARTL'M
1409 1344 1709 1414 chibttssert'tr.
1737 1344 1773 1413 Q.
1803 1343 1886 1396 xxll
2223 1344 2275 1393 353

799 1526 836 1580 ad
864 1526 960 1579 minus
988 1524 1161 1578 solvendum
1193 1524 1348 1578 tenebitur.
1380 1523 1411 1578 Si
1444 1533 1540 1578 autem
1569 1525 1630 1576 sit¹
1662 1523 1711 1576 ille
1743 1540 1758 1575 a
1790 1539 1849 1592 quo
1878 1521 1980 1575 habuit
1994 1521 2012 1585 ²,
2043 1520 2110 1573 talis
2138 1519 2187 1590 qui
2215 1536 2275 1572 non

799 1626 940 1678 tenetur⁸
968 1623 1164 1688 contribuere,
1183 1622 1273 1675 debet
1299 1622 1394 1676 iurare
1419 1641 1452 1676 se
1476 1641 1534 1675 non
1560 1623 1669 1675 babere
1697 1621 1752 1673 nisi
1781 1630 1898 1674 centum
1928 1619 1965 1673 de
1994 1619 2101 1689 quibus
2119 1617 2228 1671 debeat
2247 1625 2276 1670 et

799 1723 893 1792 possit
918 1721 1114 1785 contribuere,
1134 1730 1164 1773 et
1183 1729 1252 1773 tunc
1271 1719 1359 1772 etiarn
1379 1721 1540 1775 secundum
1561 1737 1744 1773 communem
1773 1717 1912 1788 loquendi
1931 1721 2039 1770 usum¹
2067 1715 2146 1769 dicet
2166 1734 2276 1780 verum,

800 1820 925 1891 quiade
944 1819 1071 1891 pecunia
1096 1819 1226 1872 usuraria
1247 1836 1305 1871 non
1324 1818 1413 1872 debet
1433 1819 1619 1872 contribuere
1647 1835 1702 1871 nec
1722 1826 1766 1870 est
1795 1833 1848 1869 sua
1875 1816 1917 1869 sic
1937 1815 2015 1887 quod
2043 1814 2138 1886 possit
2164 1814 2200 1867 de
2226 1814 2276 1866 illa

800 1918 995 1972 contribuere.
1027 1918 1057 1971 Si
1094 1927 1192 1970 autem
1224 1917 1384 1970 habuerit¹
1413 1934 1466 1988 per
1501 1916 1607 1970 turtum
1648 1916 1721 1968 rel¹
1750 1915 1891 1985 rapinam,
1922 1913 1965 1967 sic
1996 1913 2084 1967 etiam
2114 1912 2276 1967 secundum

799 2034 983 2070 communem
1002 2033 1087 2069 usum
1108 2014 1246 2086 loquendi
1265 2023 1365 2086 potest
1384 2015 1482 2069 dicere
1502 2032 1533 2068 se
1552 2014 1724 2084 simpliciter
1742 2030 1800 2066 non
1820 2013 1938 2066 habere.

888 2115 937 2168 Ad
966 2114 1108 2169 rationem
1128 2131 1201 2185 ergo
1220 2113 1378 2167 dicendum
1398 2113 1477 2184 quod
1496 2114 1588 2167 licet²
1616 2130 1674 2165 non
1694 2113 1802 2165 babeat
1826 2111 1904 2165 illam
1932 2110 2087 2182 pecuniam
2107 2111 2195 2182 pleno
2214 2109 2276 2162 iure

798 2230 854 2267 nec
878 2213 917 2266 sit
935 2230 988 2266 sua
1016 2211 1197 2283 simpliciter,
1217 2221 1262 2265 est
1291 2221 1389 2264 tamen
1409 2229 1462 2264 sua
1490 2210 1650 2265 secundum
1671 2227 1856 2264 communem
1884 2208 2029 2262 modum⁸
2053 2208 2192 2280 loquendi
2218 2223 2277 2278 quo

800 2320 1015 2366 constreverunt
1040 2310 1103 2364 fieri
1129 2320 1159 2364 et
1187 2309 1279 2381 recipi
1305 2310 1376 2363 talia
1404 2309 1575 2362 iuramenta.
1603 2309 1841 2379 Argumentum⁹
1868 2307 1897 2361 in
1917 2307 2093 2361 contrarium
2121 2324 2181 2359 non
2208 2322 2277 2359 con·

799 2409 899 2474 cludit,
919 2409 987 2480 quia
1006 2427 1064 2463 non
1084 2408 1116 2461 fit
1135 2409 1184 2461 illa
1204 2409 1356 2462 translatio
1376 2408 1468 2461 libera
1488 2408 1639 2460 voluntate
1658 2406 1712 2459 sed
1732 2405 1896 2459 voluntario
1916 2404 2016 2459 mixto.

1335 2828 1602 2899 QUAESTIO
1634 2829 1744 2882 xxii

1457 2978 1619 3026 inmisi.

909 3187 1018 3242 Ctrrrm
1037 3186 1142 3257 aliqua
1162 3187 1297 3257 qualitas
1313 3191 1390 3258 puto
1409 3187 1512 3239 albedo
1530 3187 1626 3257 possit
1644 3187 1752 3240 habere
1770 3205 1831 3240 esse
1848 3187 1913 3240 sine
1931 3188 2102 3256 quontitate
2117 3190 2165 3252 (l).

891 3457 999 3510 Postea
1032 3458 1228 3528 quaerebatur
1260 3475 1347 3510 unum
1380 3467 1519 3527 quantum
1552 3456 1589 3510 ad
1621 3464 1754 3509 naturam
1786 3455 2008 3522 accidentalem,
2039 3455 2152 3509 scilicet
2182 3462 2278 3509 utrum

802 3554 900 3627 aliqua
922 3553 1050 3626 qualitas
1072 3563 1143 3626 puta
1171 3555 1279 3608 albedo
1298 3555 1392 3626 possit
1412 3556 1522 3608 babere
1547 3571 1612 3609 esse
1638 3554 1702 3608 sine
1724 3554 1896 3625 quantitate.
1915 3554 1952 3608 Et
1974 3553 2105 3625 arguitur
2123 3554 2203 3625 quod
2227 3554 2279 3621 sie,

802 3653 871 3723 quia
896 3670 954 3706 non
986 3653 1081 3706 minus
1113 3652 1262 3724 dependet
1293 3653 1399 3707 albedo
1431 3671 1447 3706 a
1474 3654 1636 3724 quantitate
1669 3670 1757 3725 quarn
1789 3651 1936 3723 quantitas
1967 3670 1984 3707 a
2015 3652 2187 3707 substantia.
2218 3651 2279 3706 Sed

801 3751 950 3821 quantitas
963 3759 1063 3823 potest
1082 3767 1148 3804 esse
1163 3750 1226 3804 sine
1243 3752 1263 3782 ¹⁰
1281 3751 1454 3805 substantia.
1474 3751 1551 3822 Ergo
1571 3759 1601 3806 et
1619 3761 1728 3806 cetera.

891 3848 1070 3920 Respondeo
1095 3848 1253 3902 dicendum
1280 3849 1358 3920 quod
1385 3849 1455 3903 licet
1480 3850 1628 3922 quantitas
1652 3850 1748 3922 possit
1773 3867 1840 3904 esse
1865 3849 1973 3903 virtute
1998 3849 2097 3903 diiina
2125 3850 2189 3904 sine
2213 3851 2280 3903 sub·

801 3947 918 4004 stantia.
937 3965 995 4000 non
1022 3955 1120 4000 tamen
1142 3947 1259 4001 ridetur
1287 3946 1367 4018 quod
1395 3947 1435 4000 ita
1463 3948 1557 4018 possit
1585 3965 1651 4003 esse
1672 3948 1779 4002 albedo
1808 3948 1855 4002 rel
1881 3948 2042 4002 consimilis
2066 3948 2193 4020 qualitas
2216 3949 2281 4001 sine

803 4045 976 4117 quantitate.
1008 4045 1105 4098 Primo
1137 4044 1205 4117 quia
1242 4045 1401 4116 quantitas,
1432 4063 1497 4099 curn
1515 4049 1533 4078 ¹¹
1571 4045 1768 4101 immediatius
1798 4056 1939 4118 sequatur
1968 4048 2162 4100 substantiam
2193 4064 2280 4118 quam

801 4144 927 4215 qualitas
958 4144 1005 4197 rel
1034 4142 1113 4196 aliud
1146 4142 1285 4198 accidens
1299 4144 1328 4210 ¹²,
1359 4144 1455 4215 magis
1485 4153 1584 4216 potest
1614 4145 1793 4217 participare
1824 4146 1942 4199 modum
1975 4145 2158 4199 substantiae
2193 4162 2280 4216 quam

803 4241 938 4313 qualitas,
958 4241 1037 4313 quod
1058 4250 1103 4296 est
1122 4259 1189 4295 esse
1208 4241 1271 4295 sine
1291 4242 1434 4296 subiecto.
1460 4274 1494 4282 —
1514 4243 1651 4297 Secundo
1671 4244 1738 4314 quia
1760 4245 1907 4314 quantitas
1935 4245 1990 4298 sibi
2019 4245 2128 4298 nullam
2157 4243 2280 4297 formam

802 4338 984 4391 materialem
1022 4337 1208 4405 determinat,
1245 4337 1297 4391 secl
1330 4337 1554 4393 indeterminate
1586 4339 1707 4411 respicit
1742 4357 1858 4394 omnem
1875 4342 1895 4372 ¹³
1932 4340 2057 4394 tonnam
2089 4340 2279 4393 materialem.

802 4434 937 4504 Qualitas
957 4446 1055 4489 autern
1076 4436 1251 4490 determinat
1272 4440 1276 4504 Ι
1297 4436 1353 4500 sibi
1373 4436 1574 4507 quantitatem.
1586 4436 1671 4492 Unde
1691 4439 1786 4509 magis
1806 4437 1922 4492 videtur
1935 4439 2062 4510 qualitas
2072 4443 2091 4470 ¹¹
2110 4437 2280 4510 dependere

805 4550 821 4586 a
850 4532 1014 4603 quantitate
1043 4552 1131 4605 quarn
1160 4535 1308 4606 quantitas
1336 4551 1353 4588 a
1381 4535 1553 4589 substantia.
1582 4536 1655 4590 Puta
1675 4537 1782 4591 albedo
1810 4554 1869 4590 non
1898 4548 1996 4609 potest
2016 4537 2139 4591 inveniri
2167 4536 2223 4590 nisi
2251 4537 2280 4589 in

802 4631 979 4702 superficie;
1008 4633 1157 4703 quantitas
1185 4640 1282 4687 autern
1312 4633 1340 4686 in
1368 4634 1447 4686 omni
1475 4635 1639 4688 substantia
1665 4635 1817 4689 materiali.
1846 4667 1879 4674 —
1908 4636 2009 4689 'lertio
2037 4636 2105 4706 quia
2131 4635 2280 4706 quantitas

802 4727 1004 4784 individuatur
1026 4748 1080 4801 per
1093 4748 1125 4784 se
1145 4740 1174 4783 et
1193 4730 1404 4784 determinatur
1424 4731 1461 4785 ad
1480 4732 1527 4784 bic
1546 4740 1576 4785 et
1595 4749 1681 4797 nunc,
1701 4750 1760 4786 non
1779 4734 1821 4787 sic
1839 4736 1859 4765 ¹¹
1877 4733 2013 4805 qualitas.
2025 4746 2054 4787 et
2067 4733 2135 4787 ideo
2154 4734 2281 4804 qualitas

800 4844 858 4880 non
882 4837 982 4899 potest
1005 4829 1114 4881 babere
1134 4845 1201 4882 esse
1226 4828 1406 4882 individuum
1436 4829 1499 4882 sine
1525 4830 1688 4899 quantitate
1713 4830 1789 4886 sicut
1806 4833 1826 4863 ¹¹
1850 4831 1999 4903 quantitas
2024 4832 2088 4885 sine
2107 4832 2280 4885 substantia.

803 4957 835 4964 -
855 4925 970 4995 Quarto
990 4926 1059 4997 quia
1080 4926 1206 4997 qualitas
1225 4944 1283 4979 non
1303 4934 1348 4980 est
1367 4926 1514 4979 sensibilis
1542 4927 1605 4980 sine
1624 4928 1797 4998 quantitate,
1826 4938 1897 5001 puta
1925 4929 2033 4983 albedo
2058 4947 2116 4983 non
2141 4940 2187 4983 est
2210 4930 2281 5002 quicl

803 5024 942 5078 sensibile
961 5025 1025 5077 sine
1049 5024 1205 5095 superficie
1233 5025 1279 5077 vel
1304 5023 1461 5095 perspicuo
1481 5025 1638 5080 terminato
1664 5027 1740 5081 sicut
1766 5045 1820 5081 nec
1847 5028 1894 5081 lux
1923 5027 1986 5080 sine
2006 5026 2163 5099 diaphano.
2190 5029 2226 5083 Et
2245 5046 2280 5083 ex

803 5122 859 5176 hoc
878 5132 1050 5192 sequeretur
1064 5123 1084 5153 ¹¹
1103 5121 1182 5193 quod
1196 5122 1303 5175 albedo
1323 5132 1402 5176 esset
1421 5123 1567 5194 quaedam
1581 5125 1744 5179 substantia
1765 5126 1965 5181 immaterialis
1984 5136 2014 5181 et
2028 5145 2081 5198 per
2093 5144 2281 5201 consequens

892 5394 969 5443 1οιη.
983 5390 1016 5445 C.
1036 5423 1069 5430 -
1089 5392 1151 5446 'sit
1169 5393 1238 5446 add.
1258 5392 1291 5446 C.
1311 5422 1344 5432 -·
1364 5394 1522 5447 'teneatur
1536 5392 1569 5446 C.
1590 5425 1622 5432 -
1643 5394 1805 5464 ¹loquendi
1820 5397 1914 5463 usum!
1934 5413 2019 5450 usum
2039 5399 2178 5469 loquendi
2200 5398 2233 5454 Γ.
2247 5428 2280 5439 -

803 5477 925 5532 ¹habuit
944 5478 978 5532 C.
998 5510 1031 5517 —
1050 5480 1104 5532 ¹et
1118 5480 1150 5533 C.
1171 5511 1204 5518 —
1227 5481 1419 5550 ¹simpliciter
1437 5481 1506 5533 add.
1521 5481 1600 5534 C.—
1616 5484 1721 5534 ¹¹usum
1742 5482 1775 5535 C.
1795 5514 1828 5521 —
1849 5484 1960 5536 ¹etiani
1975 5485 2043 5539 aaa
2058 5487 2091 5540 (ἶ
2106 5517 2138 5525 -
2162 5490 2182 5519 ¹⁰
2194 5487 2239 5540 bis
2251 5490 2281 5543 S.

802 5597 836 5605 —
857 5568 877 5598 ¹¹
890 5566 1039 5636 quantitas
1058 5569 1134 5634 cum]
1154 5584 1219 5620 cum
1240 5568 1388 5637 quantitas
1408 5567 1441 5622 C.
1462 5600 1495 5606 -
1516 5569 1537 5599 ¹¹
1549 5586 1621 5639 ergo
1641 5569 1709 5623 octd.
1730 5570 1763 5624 C.
1783 5601 1816 5610 -
1838 5571 1859 5602 ¹¹
1877 5588 1964 5625 unam
1984 5573 2053 5626 rutil.
2073 5579 2101 5627 et
2119 5574 2173 5627 del.
2194 5576 2227 5629 C.
2248 5608 2281 5616 -

804 5656 824 5686 ¹¹
846 5655 942 5725 magis
964 5684 997 5692 —
1021 5654 1157 5724 qualitas]
1181 5655 1307 5726 qualitas
1329 5657 1424 5726 magis
1446 5656 1561 5710 ridetur
1581 5657 1613 5711 C.
1634 5688 1666 5696 —
1692 5659 1713 5688 ¹⁵
1735 5667 1831 5712 autem
1858 5659 1927 5713 aad.
1948 5660 1980 5714 C.
2005 5693 2036 5700 —
2063 5663 2083 5693 ¹¹
2104 5661 2168 5716 sire
2191 5663 2224 5717 C.
2248 5695 2281 5702 —

1004 5742 1013 5754 Ὶ

1016 5783 1021 5792 ι

805 5743 825 5773 ¹¹
837 5742 970 5812 sequitur
988 5742 1010 5794 t

892 5957 932 6022 (l)
951 5952 1011 6008 cfr.
1030 5971 1079 6026 pp.
1098 5957 1224 6010 299-300.
