6700 7992
1031 1413 1066 1465 84
1398 1410 1589 1469 MAGISTRl
1618 1410 1839 1467 GODEFRlDl
1867 1411 1920 1466 DE
1948 1409 2146 1468 FONTIBUS

1121 1591 1179 1656 Ad
1206 1590 1396 1658 videndum
1421 1605 1537 1659 autem
1565 1604 1679 1658 utrum
1708 1591 1903 1658 substantia
1931 1590 2067 1657 animae
2095 1591 2289 1657 secundum
2317 1611 2356 1657 se
2375 1591 2510 1677 absque

1032 1706 1264 1793 dispositione
1299 1708 1381 1774 reali
1417 1707 1491 1774 sive
1526 1708 1683 1794 potentia
1714 1730 1804 1793 quae
1839 1708 1883 1773 sit
1913 1730 1969 1773 res
2000 1719 2035 1773 et
2066 1706 2259 1793 proprietas
2295 1706 2413 1773 addita
2443 1705 2511 1794 ipsi

1032 1822 1207 1891 essentiae
1231 1823 1368 1890 animae
1395 1824 1439 1890 sit
1466 1824 1501 1889 in
1530 1825 1687 1910 potentia
1711 1826 1755 1889 ad
1783 1826 1853 1890 hoc
1881 1835 1918 1890 ut
1945 1835 2024 1889 actu
2053 1822 2166 1908 possit
2193 1844 2272 1889 esse
2296 1823 2452 1890 sentiens
2476 1833 2511 1890 et

1032 1938 1231 2028 intelligens
1255 1951 1440 2026 praesente
1469 1940 1598 2007 motivo
1626 1942 1681 2007 vel
1710 1940 1835 2022 activo,
1860 1939 2125 2028 intelligendum
2153 1941 2249 2024 quod
2277 1938 2509 2006 accidentium

1031 2054 1065 2121 in
1083 2055 1278 2122 substantia
1295 2066 1513 2142 receptorum
1531 2058 1703 2142 quaedam
1728 2057 1846 2121 insunt
1869 2055 2145 2142 inseparabiliter
2168 2076 2314 2135 annexa,
2337 2056 2510 2141 quaedam

1031 2183 1148 2238 autem
1174 2171 1423 2259 separabiliter.
1452 2172 1600 2259 Semper
1626 2184 1741 2239 autern
1766 2171 1968 2260 intelligitur
1993 2171 2187 2237 substantia
2215 2193 2294 2238 esse
2322 2170 2512 2238 coniuncta

1031 2309 1116 2354 suae
1148 2288 1326 2375 potentiae
1357 2289 1412 2355 vel
1443 2287 1567 2369 virtuti,
1606 2288 1688 2355 licet
1722 2309 1793 2353 non
1826 2309 1966 2374 semper
2003 2287 2047 2353 sit
2089 2287 2277 2354 coniuncta
2316 2285 2511 2374 operationi

872 2471 975 2528 codv
1032 2414 1175 2491 propter
1205 2406 1380 2471 defectum
1416 2406 1553 2493 agentis
1581 2407 1635 2471 vel
1667 2404 1814 2470 alicuius
1850 2404 2011 2482 alterius3
2049 2416 2085 2469 ut
2117 2404 2253 2470 animae
2288 2425 2428 2490 semper
2457 2414 2511 2471 est

843 2543 1009 2601 folamvb
1032 2519 1220 2587 coniuncta
1251 2520 1358 2586 virtus
1387 2532 1421 2587 et
1448 2521 1604 2608 potentia
1635 2520 1877 2587 intellectualis
1908 2532 1942 2586 et
1970 2519 2021 2586 sic
2057 2524 2060 2603 l
2097 2521 2141 2586 de
2177 2519 2263 2600 aliis,
2291 2542 2363 2586 non
2394 2531 2511 2587 tamen

1031 2658 1171 2722 semper
1197 2648 1277 2702 actu
1300 2635 1467 2724 intelligit.
1497 2637 1534 2701 ln
1562 2636 1678 2701 anima
1708 2658 1793 2724 ergo
1822 2658 1912 2722 quae
1936 2647 1989 2703 est
2013 2636 2207 2701 substantia
2231 2635 2511 2722 incorruptibilis

1031 2752 1196 2820 accidens
1213 2754 1309 2838 quod
1332 2752 1530 2819 immediate
1555 2753 1720 2817 fundatur
1743 2751 1777 2817 in
1802 2751 1861 2817 tali
1885 2752 2079 2817 substantia
2103 2763 2242 2836 oportet
2266 2773 2344 2818 esse
2369 2773 2512 2838 propor-

1031 2867 1200 2935 tionatum
1233 2868 1450 2935 substantiae
1481 2869 1540 2934 tali
1572 2880 1608 2933 ut
1639 2868 1741 2934 etiam
1775 2867 1819 2933 sit
1857 2867 2127 2954 incorruptibile,
2164 2867 2244 2952 quia
2279 2880 2314 2934 et
2352 2867 2386 2933 in
2416 2867 2512 2934 omni

1031 2984 1197 3050 materiali
1214 2984 1435 3051 substantia¹
1458 2984 1493 3050 in
1518 3006 1587 3070 qua
1611 2986 1742 3049 habent
1766 3006 1844 3049 esse
1870 2983 2076 3063 accidentia,
2094 2983 2177 3048 illud
2202 2983 2297 3069 quod
2314 2983 2512 3050 immediate

1031 3100 1172 3166 advenit
1211 3110 1264 3166 est
1303 3099 1544 3186 inseparabile.
1586 3099 1742 3184 Quare²
1780 3099 1937 3186 operatio
1977 3099 2193 3188 intelligendi
2232 3121 2253 3164 a
2290 3121 2359 3185 qua
2397 3110 2513 3165 cessat

1031 3215 1218 3302 aliquando
1242 3217 1297 3282 vel
1321 3217 1515 3282 secundum
1541 3215 1672 3302 quam³
1696 3216 1922 3282 variationem
1946 3215 2093 3302 suscipit
2104 3215 2126 3295 ⁴,
2151 3216 2348 3282 immediate
2370 3215 2405 3282 in
2432 3216 2514 3282 sub·

1030 3331 1158 3399 stantia
1193 3332 1329 3398 animae
1368 3332 1507 3398 fundari
1549 3355 1621 3398 non
1660 3332 1806 3414 videtur,
1846 3333 1909 3398 sed
1945 3343 2083 3419 oportet
2121 3331 2216 3418 quod
2256 3331 2337 3397 insit
2374 3331 2512 3399 animae

1031 3448 1207 3515 mediante
1235 3448 1352 3534 aliquo
1387 3448 1611 3534 inseparabili
1643 3448 1836 3515 accidente.
1866 3448 1991 3513 Omnis
2023 3448 2114 3514 enim
2144 3447 2370 3513 substantia⁶
2396 3459 2513 3517 creata

1032 3575 1092 3631 aut
1122 3565 1216 3630 nulla
1247 3566 1354 3630 habet
1391 3564 1596 3646 accidentia,
1645 3577 1704 3631 aut
1743 3564 1880 3631 videtur
1910 3565 2041 3631 habere
2073 3563 2188 3648 aliqua
2219 3563 2415 3630 accidentia
2445 3562 2512 3629 sibi

1032 3680 1273 3747 connaturalia
1289 3703 1309 3746 a
1325 3680 1452 3766 quibus
1476 3703 1548 3746 non
1572 3691 1690 3767 potest
1714 3680 1881 3766 expoliari
1905 3692 1939 3746 et
1963 3679 2126 3766 separari,
2145 3679 2211 3744 nisi
2235 3679 2291 3744 via
2316 3701 2383 3765 qua
2402 3679 2513 3747 tendit

1032 3799 1077 3863 ad
1094 3796 1363 3883 corruptionem.
1382 3796 1454 3863 Sed
1478 3796 1507 3862 si
1523 3798 1567 3862 sit
1591 3796 1785 3863 substantia
1809 3795 2048 3882 incorporalis,
2065 3795 2296 3882 proprietates
2317 3795 2395 3862 illae
2412 3806 2513 3862 erunt

1032 3912 1234 3999 simpliciter
1261 3912 1522 3999 inseparabiles.
1548 3914 1666 3998 Quare
1694 3925 1837 4000 propter
1863 3912 2056 3999 intelligere
2084 3923 2118 3978 et
2145 3913 2233 3978 velle
2258 3914 2392 3978 actuale
2417 3912 2513 3998 quod

1031 4050 1105 4095 non
1129 4050 1268 4115 semper
1282 4028 1419 4095 animae
1443 4040 1496 4095 est
1519 4029 1745 4095 coniunctum
1763 4050 1830 4094 nec
1847 4040 1900 4095 est
1924 4027 2093 4114 perfectio
2121 4027 2357 4093 substantialis
2374 4027 2512 4093 animae

1032 4145 1096 4211 sed
1124 4144 1349 4211 accidentalis
1377 4156 1412 4211 et
1434 4144 1638 4231 separabilis
1669 4157 1705 4211 et
1732 4144 1824 4211 circa
1855 4166 1931 4211 earn
1964 4143 2148 4225 variabilis,
2178 4156 2231 4209 est
2258 4145 2341 4209 dare
2368 4142 2404 4208 in
2432 4142 2514 4209 subss

1032 4260 1159 4326 stantia
1205 4259 1341 4328 animae
1380 4260 1514 4347 aliquas
1553 4261 1783 4348 proprietates
1822 4260 2073 4347 inseparabiles
2112 4260 2240 4346 quibus
2279 4259 2513 4326 mediantibus

1032 4386 1197 4463 poterunt
1221 4376 1357 4443 animae
1382 4376 1498 4444 inesse
1523 4376 1716 4465 intelligere
1740 4389 1776 4444 et
1799 4378 1896 4443 velle.

1121 4493 1202 4560 Hoc
1230 4492 1332 4559 etiam
1369 4505 1464 4579 patet
1492 4514 1535 4559 ex
1560 4494 1629 4560 hoc
1657 4495 1752 4579 quod
1779 4504 1957 4559 ostensum
1991 4503 2044 4559 est
2079 4491 2204 4577 qu0d⁰
2235 4493 2329 4558 nulla
2356 4491 2514 4578 potentia

1034 4607 1147 4676 activa
1177 4608 1392 4674 substantiae
1424 4620 1563 4675 creatae
1595 4620 1712 4695 potest
1747 4631 1824 4675 esse
1857 4607 1963 4694 ipsa⁷
1993 4608 2209 4673 substantiae
2242 4607 2403 4689 essentia,
2433 4607 2515 4694 quia

1033 4745 1100 4791 nec
1127 4724 1323 4791 substantia
1349 4735 1466 4812 potest
1493 4747 1598 4814 agere
1622 4725 1821 4791 immediate
1845 4746 1909 4810 per
1931 4746 2031 4789 suam
2059 4725 2289 4790 substantiam
2316 4725 2371 4791 vel
2396 4745 2513 4791 essen·

1033 4840 1141 4922 tiam‘3
1177 4841 1272 4907 nulla
1303 4840 1427 4908 enim⁸
1465 4841 1659 4907 substantia
1699 4852 1816 4908 creata
1853 4840 2051 4906 immediate
2090 4862 2153 4926 per
2191 4863 2290 4906 suam
2325 4839 2513 4909 essentiam

1034 4955 1203 5023 subicitur
1234 4957 1353 5045 agenti
1385 4968 1513 5024 creato.
1543 4957 1586 5023 Et
1609 4958 1767 5044 quamvis
1799 4956 1993 5023 substantia
2025 4955 2137 5043 possit
2168 4978 2246 5023 esse
2277 4956 2513 5023 immediatum

1033 5074 1299 5139 fundamentum
1316 5073 1462 5139 alicuius
1479 5073 1671 5140 accidentis
1696 5075 1777 5157 (hoc
1802 5095 1921 5140 verum
1945 5085 1998 5140 est
2022 5075 2066 5140 de
2090 5072 2273 5140 accidente
2297 5071 2514 5139 connaturali

1033 5201 1068 5257 et
1099 5189 1165 5255 sibi
1197 5189 1486 5276 proportionato),
1518 5190 1713 5256 substantia
1745 5202 1861 5256 tamen
1894 5212 1965 5255 non
1998 5189 2133 5257 videtur
2166 5211 2245 5256 esse
2277 5188 2513 5255 immediatum

1033 5304 1229 5372 subiectum
1261 5305 1406 5372 alicuius
1439 5305 1632 5373 accidentis
1664 5306 1756 5373 circa
1791 5305 1904 5392 ipsum
1936 5305 2215 5371 transmutabilis.
2245 5306 2364 5390 Quare
2399 5303 2514 5370 anima

1034 5443 1125 5507 quae
1153 5432 1206 5488 est
1236 5421 1432 5488 substantia
1463 5421 1733 5508 incorruptibilis
1760 5444 1833 5488 non
1864 5421 2000 5488 videtur
2035 5443 2140 5507 posse
2172 5443 2251 5488 esse
2285 5417 2515 5487 naturaliter⁰

1035 5540 1094 5624 [et]
1123 5537 1359 5605 immediatum
1384 5538 1578 5605 subiectum
1605 5538 1751 5605 alicuius
1775 5537 2046 5604 transmutabilis
2071 5537 2272 5604 accidentis
2298 5538 2401 5604 Unde
2425 5534 2513 5602 ratio

1126 5859 1133 5888 ¹
1147 5854 1290 5911 materiali
1304 5856 1478 5927 substantia]
1492 5857 1655 5912 substantia
1670 5855 1814 5911 materiali
1827 5855 1857 5909 P.
1878 5888 1911 5896 —
1925 5857 1936 5888 ¹
1949 5855 2017 5929 quia
2030 5856 2060 5911 P.
2075 5888 2108 5896 —
2122 5858 2134 5889 ⁸
2147 5874 2202 5910 om.
2222 5855 2254 5911 P.
2267 5886 2300 5896 -
2314 5857 2324 5888 ¹
2337 5853 2469 5928 suscepit
2482 5853 2514 5909 P.

1036 5973 1069 5983 -—
1080 5943 1195 5999 *omnis
1203 5944 1417 6014 -substantia]
1426 5963 1481 6000 om.
1492 5945 1523 5999 P.
1535 5976 1568 5984 -
1577 5946 1588 5976 ⁸
1598 5962 1772 5999 conversum
1783 5944 1886 6014 scrips.
1896 5962 1995 6016 liturg.
2007 5959 2041 5998 21¹
2050 5963 2088 5998 m.
2099 5944 2130 5998 P.
2142 5976 2174 5984 —
2186 5946 2259 5997 loon.
2268 5943 2299 5998 P.
2310 5973 2343 5984 —
2358 5942 2467 5999 ⁸etiarn
2479 5942 2515 5998 V.

1036 6062 1069 6071 -
1083 6033 1094 6064 ⁰
1106 6031 1191 6086 aliter
1203 6031 1226 6086 P
1238 6035 1267 6087 et
1278 6032 1483 6087 universaliter
1494 6033 1598 6105 scrips.
1610 6050 1711 6105 marg.
1725 6032 1756 6087 P.
