6700 7992
1209 1345 1404 1430 ouantun
1434 1346 1733 1429 Quonuearun,
1762 1357 1798 1428 Q.
1827 1356 1853 1411 x
2214 1352 2261 1410 an

791 1532 971 1625 principiis
1011 1541 1123 1605 solum
1164 1540 1303 1605 creditis
1340 1542 1393 1605 vel
1416 1539 1595 1625 opinatis.
1628 1539 1680 1604 *Et
1715 1540 1925 1626 arguebatur
1959 1537 2055 1622 quod
2090 1536 2151 1617 sic,
2187 1536 2268 1620 quia

792 1655 963 1742 principia
988 1655 1156 1721 scientiae
1181 1657 1437 1721 subalternatae
1462 1667 1542 1720 sunt
1567 1657 1678 1720 solum
1704 1655 1845 1734 credita,
1871 1653 1951 1739 quia
1983 1654 2018 1719 in
2043 1654 2098 1718 illa
2123 1652 2269 1718 scientia

791 1792 863 1837 non
888 1785 941 1837 est
965 1771 1095 1856 aliquid
1119 1772 1214 1858 prius
1239 1794 1301 1857 per
1324 1774 1419 1856 quod
1444 1785 1592 1858 possunt
1616 1770 1707 1851 sciri,
1725 1782 1891 1836 ettamen
1916 1793 1958 1835 ex
1978 1770 2069 1855 'ipsis
2086 1769 2269 1835 eliciuntur

793 1887 1041 1959 conclusiones
1066 1888 1110 1952 de
1135 1887 1262 1972 quibus
1287 1889 1434 1954 hahetur
1449 1899 1542 1952 certa
1567 1886 1723 1953 scientia.
1743 1886 1917 1972 Principia
1941 1886 2043 1952 etiam
2068 1885 2268 1972 theologiae

793 2017 875 2070 sunt
899 2003 1031 2070 credita
1055 2016 1089 2069 et
1112 2015 1228 2068 tamen
1253 2004 1430 2089 theologia
1455 2017 1506 2069 est
1539 2006 1543 2086 1
1576 2024 1656 2068 vere
1682 2003 1836 2068 scientia.
2291 1971 2463 2098 soffiva

882 2121 1025 2186 Contra.
1064 2120 1208 2204 Propter
1243 2120 1336 2203 (prod
1373 2121 1648 2204 unumquodque
1685 2132 1737 2184 est
1773 2122 1839 2184 tale
1864 2132 1898 2184 et
1933 2120 2014 2184 illud
2050 2117 2171 2206 magis
2197 2117 2270 2184 Sed

794 2236 964 2303 certitudo
999 2235 1237 2301 conclusionis
1271 2247 1323 2300 est
1359 2258 1400 2300 ex
1437 2235 1642 2300 certitudine
1678 2235 1936 2322 principiorum.
1970 2235 2064 2322 Ergo
2101 2233 2270 2320 principia

795 2364 932 2439 oportet
957 2372 1035 2417 esse
1060 2351 1206 2417 certiora
1230 2351 1468 2416 conclusione.
1494 2352 1612 2434 Quare
1637 2363 1670 2416 et
1695 2362 1820 2416 cetera.

884 2466 1099 2553 Respondeo
1136 2467 1321 2532 dicendum
1354 2468 1449 2551 quod
1485 2488 1565 2531 cum
1600 2466 1746 2531 scientia
1781 2467 1825 2531 sit
1860 2467 1999 2532 habitus
2030 2478 2145 2532 certus
2175 2465 2272 2532 certi-

795 2583 915 2650 tudine
940 2583 1137 2649 evidentiae
1162 2595 1195 2647 et
1220 2583 1453 2663 adhaesionis,
1471 2583 1559 2647 fides
1576 2595 1692 2648 autem
1710 2583 1754 2647 sit
1771 2583 1909 2648 habitus
1934 2594 2049 2648 certus
2066 2582 2272 2648 certitudine

795 2700 1020 2766 adhaesionis
1045 2721 1115 2763 non
1142 2699 1349 2778 evidentiae,
1374 2699 1495 2784 opinio
1520 2711 1635 2764 autern
1661 2712 1715 2764 est
1738 2700 1878 2764 habitus
1906 2721 1973 2765 nec
1997 2709 2112 2765 certus
2137 2698 2273 2764 certitu·

795 2817 877 2882 dine
913 2815 1109 2882 evidentiae
1144 2836 1211 2880 nec
1247 2815 1481 2895 adhaesionis,
1515 2817 1687 2880 certitudo
1724 2828 1838 2880 autem
1875 2816 2112 2881 conclusionis
2148 2827 2200 2880 est
2231 2835 2274 2880 ex

796 2932 1003 2999 certitudine
1043 2931 1301 3017 principiorum,
1337 2933 1531 2996 secundum
1573 2933 1714 2997 modum
1759 2932 1974 2997 certitudinis
2025 2930 2274 3017 principiorum

797 3048 899 3115 etiarn
925 3058 978 3113 est
1002 3049 1127 3112 modus
1152 3047 1367 3112 certitudinis
1393 3047 1668 3113 conclusionum.
1706 3048 1795 3112 Cum
1820 3069 1906 3134 ergo
1943 3047 2112 3132 principia
2143 3048 2275 3113 habent

798 3164 1040 3230 certitudinem
1067 3163 1262 3228 evidentiae
1298 3177 1331 3229 et
1366 3164 1601 3243 adhaesionis,
1635 3164 1817 3229 conclusio
1855 3186 1897 3229 ex
1934 3163 1998 3228 illis
2033 3163 2147 3229 elicita
2172 3162 2274 3228 etiam

798 3280 1000 3345 huiusmodi
1024 3279 1265 3345 certitudinem
1291 3281 1405 3344 habet.
1442 3280 1531 3344 Cum
1566 3302 1651 3366 ergo
1688 3279 1859 3366 principia
1891 3280 2022 3346 credita
2050 3281 2104 3346 vel
2133 3280 2277 3366 opinata

798 3418 870 3462 non
900 3396 1053 3460 habeant
1088 3395 1327 3460 certitudinem
1361 3396 1556 3461 evidentiae
1586 3418 1676 3479 quae
1707 3410 1760 3462 est
1784 3398 1828 3463 de
1863 3396 1998 3462 ratione
2036 3396 2275 3462 conclusionis

798 3511 916 3592 scitae,
934 3511 1014 3576 ideo
1032 3532 1074 3576 ex
1098 3510 1277 3596 principiis
1302 3511 1441 3576 creditis
1456 3513 1508 3576 vel
1534 3511 1685 3599 opinatis
1710 3534 1781 3578 non
1806 3513 1993 3598 acquiritur
2013 3526 2107 3579 certa
2131 3512 2277 3579 scientia

799 3628 844 3693 de
875 3626 1115 3693 conclusione.
1152 3628 1226 3692 Nec
1259 3640 1311 3692 est
1343 3627 1536 3693 differentia
1560 3627 1594 3692 in
1628 3630 1697 3694 hoc
1724 3629 1813 3694 inter
1848 3628 2016 3715 principia
2045 3651 2192 3714 quorum
2225 3638 2278 3695 est

799 3743 939 3809 habitus
962 3742 1043 3808 fidei
1068 3753 1102 3808 et
1126 3742 1312 3828 opinionis,
1333 3743 1414 3828 quia
1434 3743 1520 3808 sicut
1538 3743 1545 3777 ¹
1570 3743 1741 3829 principia
1761 3766 1908 3829 quorum
1928 3756 1982 3811 est
2000 3744 2120 3830 opinio
2144 3755 2277 3809 tantum

800 3881 872 3924 non
903 3859 1036 3925 faciunt
1066 3859 1132 3924 nisi
1161 3858 1362 3944 opinionem
1395 3871 1428 3924 et
1455 3881 1526 3925 non
1556 3859 1737 3925 scientiam
1766 3862 1810 3927 de
1838 3861 2076 3940 conclusione,
2105 3860 2151 3926 ita
2175 3860 2278 3926 etiam

800 3974 972 4064 principia
1002 3997 1150 4060 quorum
1182 3985 1315 4040 tanturn
1347 3987 1400 4041 est
1423 3975 1511 4041 fides
1542 3987 1703 4061 respectu
1737 3976 1974 4042 conclusionis
2007 3998 2097 4062 quae
2124 3999 2165 4043 ex
2193 3976 2278 4063 ipsis

801 4092 936 4158 elicitur
970 4113 1041 4157 non
1078 4091 1209 4156 faciunt
1244 4091 1311 4156 nisi
1346 4091 1460 4157 fidem.
1497 4092 1569 4157 Sed
1604 4091 1638 4156 in
1671 4103 1839 4177 quantum
1875 4093 1984 4159 maior
2021 4104 2074 4159 est
2108 4093 2278 4159 certitudo

800 4207 883 4274 fidei
918 4229 1021 4292 quam
1061 4207 1248 4293 opinionis,
1280 4207 1388 4272 maior
1426 4207 1528 4272 etiam
1569 4221 1622 4273 est
1660 4207 1831 4274 certitudo
1871 4209 2107 4274 conclusionis
2145 4209 2279 4274 elicitae

802 4345 845 4389 ex
869 4323 1019 4404 creditiS,
1045 4334 1082 4388 ut
1117 4345 1211 4388 nunc
1243 4324 1286 4388 de
1322 4324 1524 4389 credulitate
1555 4324 1739 4408 loquimur,
1771 4346 1873 4408 quam
1906 4348 1947 4390 ex
1979 4325 2141 4411 opinatis,
2177 4336 2281 4410 prout

803 4438 886 4505 dicit
908 4439 1103 4527 Hugotll:
1129 4439 1217 4505 fides
1254 4451 1306 4505 est
1329 4439 1418 4504 infra
1454 4439 1633 4504 scientiam
1669 4451 1703 4505 et
1733 4462 1839 4525 supra
1872 4440 2085 4526 opinionem,
2118 4442 2280 4526 eoquod

802 4555 924 4642 opinio
956 4568 1101 4640 utraque
1139 4555 1345 4621 certitudine
1384 4566 1488 4635 caret,
1528 4555 1673 4621 scientia
1713 4577 1795 4622 vero
1833 4569 2014 4641 utramque
2054 4559 2168 4623 habet.
2209 4558 2281 4624 Sed

802 4671 891 4737 fides
915 4672 1021 4737 habet
1053 4671 1293 4737 certitudinem
1327 4671 1550 4736 adhaesionis
1583 4683 1616 4736 et
1645 4683 1740 4737 caret
1772 4672 1977 4738 certitudine
2009 4672 2213 4738 evidentiae.
2239 4674 2282 4738 Et

803 4787 885 4854 ideo
925 4787 1015 4853 sicut
1054 4786 1251 4852 irrationale
1290 4798 1343 4852 est
1381 4787 1497 4852 dicere
1535 4789 1630 4871 quod
1670 4809 1712 4853 ex
1752 4788 1931 4874 principiis
1971 4790 2083 4854 solum
2130 4764 2282 4874 opinatis

804 4903 992 4988 acquiritur
1016 4913 1109 4969 certa
1141 4903 1285 4969 scientia
1322 4903 1588 4968 conclusionum
1621 4926 1662 4968 ex
1692 4903 1777 4989 ipsis
1809 4904 2008 4986 elicitarum,
2042 4906 2087 4971 ita
2116 4906 2218 4971 etiam
2248 4906 2281 4970 in

804 5019 987 5106 proposito
1012 5042 1055 5084 ex
1079 5018 1257 5105 principiis
1282 5019 1431 5084 creditis

896 5333 904 5363 ¹
925 5332 994 5403 quin
1014 5331 1100 5400 sicut]
1124 5331 1192 5402 quin
1213 5332 1270 5385 sint
1290 5332 1324 5385 V.

896 5539 934 5607 (l)
955 5536 1118 5608 Hugonis
1139 5555 1155 5591 a
1175 5538 1209 5592 S.
1230 5538 1375 5591 Victore
1399 5537 1541 5591 Summae
1559 5538 1778 5591 sententiarum
1798 5547 1881 5594 tract.
1902 5539 1923 5607 1,
1943 5558 1967 5594 c.
1989 5544 2002 5595 l
2024 5540 2066 5607 (P.
2087 5542 2127 5609 L,
2147 5542 2204 5595 vol.
2226 5546 2285 5608 176,

806 5623 862 5679 θοΙ.
874 5627 921 5691 43)
936 5642 943 5678 :
957 5645 970 5677 r
985 5624 1074 5679 Fides
1094 5634 1139 5679 est
1158 5625 1323 5680 voluntaria
1343 5625 1488 5679 certitudo
1508 5625 1672 5679 absentium
1693 5643 1781 5696 supra
1801 5627 1969 5698 opinionem
1990 5637 2019 5681 et
2039 5629 2114 5683 infra
2132 5630 2285 5685 scientiam

806 5712 998 5768 constituta.»
1021 5711 1081 5768 Csr.
1095 5713 1226 5767 eiusdem
1241 5714 1275 5780 (Ρ)
1297 5713 1444 5785 Apologia
1457 5715 1493 5766 de
1511 5713 1602 5766 Verbo
1615 5714 1777 5768 incarnato
1791 5715 1858 5769 init.
1873 5716 1916 5782 (P.
1931 5716 2042 5783 L.,v01.
2058 5720 2117 5784 177,
2132 5719 2187 5772 col.
2201 5723 2265 5781 295)
2280 5737 2286 5773 :

808 5798 923 5854 «Fides
936 5809 981 5854 est
995 5800 1141 5854 certitudo
1162 5818 1256 5854 rerum
1277 5800 1465 5854 invisibilium
1479 5801 1517 5854 ad
1530 5801 1703 5872 religionem
1723 5801 1940 5871 pertinentium,
1959 5821 2048 5875 supra
2068 5805 2237 5875 opinionem
2258 5815 2287 5860 ct

806 5887 883 5942 infra
902 5888 1056 5942 scientiam
1077 5889 1245 5943 constituta.
1267 5911 1279 5939 »

2168 5969 2203 6021 at
