6700 7992
1096 1449 1147 1518 142
1459 1448 1651 1520 Mafflsrm
1679 1451 1900 1521 consumor
1928 1464 1980 1519 oe
2008 1446 2206 1520 couneus

1095 1666 1168 1711 non
1193 1643 1364 1731 recipiunt
1387 1644 1499 1734 magis
1534 1655 1569 1711 et
1595 1643 1719 1726 minus,
1744 1667 1807 1732 per
1835 1647 1903 1710 hoc
1933 1624 2005 1710 non
2034 1644 2170 1710 videtur
2201 1643 2345 1734 intelligi
2378 1643 2445 1711 nisi
2476 1646 2570 1730 quod

1096 1760 1203 1827 virtus
1236 1771 1271 1827 et
1296 1771 1420 1826 natura
1453 1760 1571 1826 talium
1608 1760 1808 1845 qualitatum
1840 1763 1910 1827 hoc
1937 1763 2042 1827 habet
2069 1761 2163 1845 quod
2191 1762 2386 1828 secundum
2413 1760 2570 1827 diversos

1095 1878 1227 1965 gradus
1244 1876 1317 1942 sive
1341 1877 1536 1943 secundum
1561 1876 1673 1964 magis
1702 1888 1735 1943 et
1762 1876 1877 1942 minus
1901 1876 2100 1963 participari
2124 1889 2227 1943 natae
2251 1887 2332 1942 sunt
2356 1898 2377 1941 a
2400 1875 2569 1956 subiect0,

1095 1992 1168 2058 sive
1199 1993 1394 2059 secundum
1418 1991 1531 2080 magis
1564 2004 1597 2057 et
1621 1992 1736 2057 minus
1763 2002 1881 2058 natum
1913 2004 1966 2058 est
1996 1992 2192 2059 subiectum
2225 1992 2345 2078 perfici
2376 1992 2570 2059 secundum

1095 2107 1179 2174 illas.
1208 2109 1289 2174 Hoc
1321 2119 1436 2175 autem
1464 2118 1518 2174 est
1542 2108 1698 2195 recipere
1731 2109 1842 2197 magis
1876 2120 1909 2175 et
1942 2108 2056 2174 minus
2091 2130 2163 2174 non
2199 2109 2393 2175 secundum
2426 2129 2475 2189 se,
2506 2108 2569 2174 sed

1013 2255 1016 2259 ⁴
1095 2225 1290 2291 secundum
1316 2245 1394 2291 esse
1411 2225 1446 2289 in
1470 2223 1639 2306 subiecto,
1664 2224 1739 2291 sive
1763 2226 1956 2291 secundum
1982 2225 2280 2311 participationem
2305 2224 2451 2291 subiecti
2475 2226 2570 2310 quod

1095 2340 1146 2406 sic
1170 2341 1374 2429 contingere
1398 2350 1524 2427 potest.
1550 2341 1640 2421 Nam
1671 2339 1761 2407 sicut
1784 2340 1892 2406 virtus
1916 2342 1970 2406 vel
2000 2340 2156 2427 potentia
2188 2363 2227 2407 se
2253 2343 2358 2408 habet
2381 2342 2426 2406 ad
2454 2362 2569 2429 agere,

1094 2455 1145 2523 sic
1169 2457 1358 2522 formavel
1392 2456 1545 2526 essentia
1579 2478 1618 2523 se
1646 2458 1753 2522 habet
1782 2458 1826 2522 ad
1855 2478 1934 2522 esse
1962 2458 2017 2522 vel
2053 2457 2241 2522 formaliter
2265 2456 2442 2543 perficere.
2471 2456 2570 2523 Sicut

1094 2593 1181 2661 ergo
1207 2594 1277 2637 una
1312 2584 1347 2638 et
1381 2574 1504 2638 eadem
1539 2572 1647 2638 virtus
1675 2583 1710 2639 et
1744 2572 1909 2658 potentia,
1942 2573 1970 2637 si
2006 2572 2197 2638 subiciatur
2232 2573 2263 2638 ei
2297 2573 2425 2658 aliquid
2458 2572 2570 2660 magis

1094 2698 1129 2754 et
1152 2687 1266 2753 minus
1290 2688 1466 2773 passibile,
1491 2688 1603 2777 magis
1627 2698 1661 2754 et
1685 2687 1799 2753 minus
1823 2688 1904 2776 agit,
1929 2688 1976 2753 ita
2000 2689 2095 2773 quod
2123 2688 2312 2754 intenditur
2335 2699 2369 2754 et
2390 2687 2571 2754 remittitur

1094 2803 1185 2871 actio
1209 2804 1355 2870 alicuius
1379 2804 1515 2893 agentis
1539 2803 1613 2870 sive
1637 2803 1815 2890 potentiae
1838 2805 1893 2869 vel
1920 2803 2053 2870 virtutis
2078 2826 2120 2870 ex
2143 2804 2273 2871 maiore
2291 2815 2324 2870 et
2346 2803 2479 2869 minore
2502 2803 2570 2869 dis·

1093 2919 1267 3005 positione
1291 2919 1431 3006 passivi,
1450 2919 1554 2985 -ita
1577 2942 1648 2985 una
1672 2931 1706 2986 et
1730 2921 1852 2986 eadem
1878 2921 1998 3000 forma,
2016 2931 2118 3006 prout
2143 2919 2330 3006 suscipitur
2352 2920 2387 2985 in
2410 2919 2569 2986 subiecto

1093 3034 1205 3123 magis
1240 3047 1274 3102 et
1301 3035 1414 3101 minus
1450 3035 1632 3122 disposit0,
1668 3037 1728 3102 dat
1755 3036 1787 3102 ei
1814 3035 1926 3124 magis
1959 3048 1993 3101 et
2028 3036 2141 3102 minus
2175 3058 2264 3117 esse,
2289 3035 2362 3101 sive
2389 3035 2501 3125 magis
2536 3049 2571 3103 et

1094 3150 1207 3216 minus
1231 3150 1365 3237 perficit
1388 3152 1443 3217 vel
1467 3152 1601 3218 reducit
1624 3153 1714 3217 illud
1730 3153 1739 3188 ¹
1774 3153 1818 3217 ad
1846 3163 1961 3218 actum
1990 3153 2183 3218 secundum
2212 3152 2303 3218 illam
2334 3152 2489 3217 formam.
2523 3152 2571 3218 Ut

905 3263 1071 3391 soffogd9va
1094 3277 1225 3351 quanto
1264 3266 1378 3354 magis
1420 3269 1425 3352 Ι
1464 3267 1660 3334 subiectum
1700 3267 1896 3353 disponitur
1934 3269 1979 3332 ad
2019 3267 2280 3354 susceptionem
2319 3268 2451 3333 formae
2490 3267 2569 3348 albi,

949 3377 956 3390 '
1094 3392 1191 3448 tanto
1226 3384 1305 3469 plus
1345 3382 1527 3469 participat
1566 3384 1610 3449 de
1650 3383 1822 3465 albedine,
1858 3383 1939 3469 quia
1977 3383 2035 3448 illa
2077 3385 2199 3450 eadem
2247 3384 2373 3450 albedo
2412 3382 2569 3450 eiusdem

1093 3499 1224 3587 gradus
1248 3498 1442 3565 essentialis
1460 3520 1549 3584 quae
1574 3499 1733 3566 subiecto
1756 3499 1965 3586 indisposito
1983 3501 2080 3565 daret
2095 3521 2174 3566 esse
2200 3499 2392 3581 remissum,
2410 3499 2569 3567 subiecto

1094 3612 1266 3700 disposito
1290 3625 1325 3681 et
1347 3615 1533 3681 recedente
1558 3637 1578 3680 a
1602 3614 1776 3681 contrario
1796 3616 1856 3681 dat
1879 3637 1958 3682 esse
1983 3615 2168 3681 intensum.
2194 3617 2301 3681 Prout
2325 3636 2411 3704 ergo
2435 3616 2569 3682 formae

1093 3731 1224 3796 habent
1259 3729 1395 3796 causari
1436 3753 1456 3796 a
1504 3731 1648 3798 diversis
1684 3731 1870 3821 agentibus
1908 3742 1942 3798 ct
1976 3731 2092 3798 inesse
2131 3730 2334 3798 subiectis²
2374 3732 2569 3799 secundum

1094 3846 1250 3914 diversas
1288 3845 1547 3933 dispositiones,
1587 3849 1782 3914 secundum
1820 3850 1889 3914 hoc
1928 3848 2161 3915 diversimode
2198 3849 2329 3914 habent
2363 3846 2497 3914 intendi
2536 3858 2570 3913 et

1093 3961 1228 4044 remitti,
1253 3961 1299 4028 ita
1329 3972 1446 4029 tamen
1477 3965 1571 4049 quod
1605 3963 1822 4053 generaliter,
1855 3963 1884 4029 si
1916 3964 2110 4030 subiectum
2145 3963 2189 4029 sit
2224 3963 2336 4052 magis
2360 3963 2568 4049 dispositum

1094 4078 1139 4143 ad
1174 4079 1434 4165 susceptionem
1473 4080 1615 4159 formae,
1653 4080 1733 4167 plus
1772 4079 1957 4167 participat
1997 4081 2041 4146 de
2084 4102 2126 4146 ea
2160 4079 2233 4145 sive
2269 4101 2346 4145 eam
2381 4079 2569 4167 perfectius

1094 4194 1286 4281 participat,
1312 4206 1346 4261 et
1369 4197 1475 4261 habet
1498 4218 1575 4262 eam
1599 4196 1842 4281 perfectiorem
1867 4208 1901 4261 et
1926 4196 2114 4283 perfectius
2139 4206 2173 4262 et
2200 4195 2490 4282 imperfectiorem
2514 4196 2567 4262 vel

1093 4309 1339 4397 imperfectius.

1182 4427 1255 4494 Sed
1289 4426 1425 4494 videtur
1474 4429 1570 4512 quod
1605 4427 1672 4494 isto
1708 4429 1814 4494 modo
1850 4428 1962 4518 magis
1987 4441 2021 4495 et
2055 4429 2169 4495 minus
2204 4428 2238 4494 in
2274 4430 2386 4494 forma
2420 4449 2491 4494 non
2527 4427 2570 4494 sit

1093 4564 1224 4629 ponere
1249 4545 1347 4628 [non]
1374 4545 1567 4610 secundum
1592 4566 1640 4624 se,
1663 4546 1727 4610 sed
1751 4544 1786 4609 in
1811 4544 1885 4610 eius
1914 4545 2180 4631 participatione
2204 4568 2225 4610 a
2255 4544 2414 4610 subiecto
2445 4564 2569 4610 secun·

1093 4660 1175 4724 dum
1200 4658 1366 4725 maiorem
1392 4672 1425 4725 et
1449 4659 1617 4726 minorem
1642 4659 1908 4746 dispositionem
1937 4661 2094 4727 subiecti.
2124 4662 2212 4726 Cum
2239 4659 2438 4725 huiusmodi
2460 4659 2570 4726 maior

1093 4785 1128 4840 et
1150 4774 1262 4841 minor
1285 4774 1469 4860 dispositio
1494 4776 1537 4841 sit
1563 4776 1666 4842 etiam
1695 4777 1867 4861 quaedam
1896 4778 2007 4842 forma
2035 4776 2259 4843 accidentalis
2294 4777 2429 4842 habens
2457 4775 2569 4864 magis

1093 4902 1127 4956 et
1149 4890 1275 4972 minuS,
1303 4901 1337 4957 et
1360 4913 1433 4957 non
1457 4902 1510 4957 est
1533 4891 1628 4959 abire
1652 4892 1686 4957 in
1711 4891 1893 4971 infinitum,
1919 4932 1960 4940 —
1986 4894 2081 4958 unde
2108 4892 2220 4980 magis
2251 4902 2285 4957 et
2312 4891 2426 4957 minus
2454 4890 2489 4956 in
2514 4890 2569 4956 illa

1092 5007 1204 5072 forma
1229 5028 1319 5091 quae
1346 5008 1540 5073 secundum
1561 5007 1672 5096 magis
1695 5019 1729 5073 et
1753 5008 2025 5094 minus-perficit
2049 5007 2243 5074 subiectum
2268 5019 2321 5072 est
2345 5009 2478 5092 absque
2502 5006 2569 5071 alia

1093 5121 1332 5209 dispositione,
1359 5133 1530 5209 -potest
1554 5122 1623 5190 dici
1646 5123 1741 5208 quod
1765 5124 1953 5209 aliquando
1978 5124 2089 5190 forma
2113 5123 2228 5208 aliqua
2252 5122 2374 5209 recipit
2397 5122 2510 5211 magis
2535 5132 2570 5188 et

1092 5238 1206 5304 minus
1237 5240 1371 5324 absque
1406 5240 1474 5305 hoc
1502 5239 1596 5324 quod
1626 5239 1809 5325 dispositio
1848 5239 1995 5306 subiecti
2028 5239 2172 5325 recipiat
2205 5239 2315 5327 magis
2349 5248 2382 5305 et
2417 5237 2531 5303 minus
2547 5236 2567 5302 ³.

1181 5353 1253 5420 Erit
1280 5364 1397 5420 tamen
1424 5354 1459 5420 in
1487 5376 1558 5420 uno
1586 5355 1746 5421 subiecto
1772 5354 1882 5421 maior
1908 5354 2092 5442 dispositio
2120 5357 2164 5420 ad
2200 5354 2398 5420 huiusmodi
2422 5354 2568 5420 formam

1093 5492 1196 5556 quam
1223 5469 1259 5535 in
1287 5470 1365 5551 alio,
1397 5480 1520 5557 utpote
1548 5471 1576 5536 si
1609 5470 1686 5536 talis
1718 5471 1900 5556 dispositio
1929 5492 2000 5536 non
2036 5470 2225 5536 innitatur⁴
2253 5469 2313 5535 uni
2340 5471 2473 5536 formae
2504 5469 2568 5536 sed

1092 5585 1258 5672 pluribus
1283 5587 1373 5652 Nam
1401 5587 1551 5652 calidum
1578 5597 1646 5652 stat
1673 5608 1752 5654 cum
1777 5587 1922 5653 humido
1947 5599 1981 5653 et
2008 5609 2088 5652 cum
2116 5586 2222 5667 sicc0,
2252 5598 2285 5653 et
2312 5596 2428 5652 tamen
2456 5585 2568 5675 magis

1092 5701 1232 5788 propria
1261 5702 1404 5768 materia
1432 5702 1534 5770 calidi
1562 5714 1615 5769 est
1642 5702 1774 5770 siecum
1802 5725 1905 5789 quam
1938 5703 2129 5769 humidum.
2159 5703 2262 5769 Unde
2297 5702 2421 5769 eadem
2457 5702 2568 5767 forma

1092 5817 1217 5884 caloris
1242 5839 1332 5904 quae
1358 5830 1500 5905 recepta
1524 5829 1577 5884 est
1600 5818 1635 5884 in
1660 5818 1803 5885 materia
1827 5818 1921 5886 sicca
1945 5818 2087 5885 habebit
2111 5840 2190 5885 esse
2218 5818 2402 5898 intensum,
2427 5828 2569 5904 recepta

1182 6081 1190 6112 ¹
1204 6096 1269 6135 eam
1283 6079 1316 6147 P,
1329 6096 1396 6133 eum
1409 6078 1443 6134 V.
1459 6110 1492 6121 -
1508 6079 1518 6111 ²
1530 6079 1704 6134 substantiis
1717 6079 1748 6133 P.
1762 6112 1795 6120 —
1809 6081 1821 6112 ⁸
1835 6080 1947 6152 absque
1962 6112 1993 6120 —
2008 6079 2113 6150 minus]
2128 6097 2183 6133 orit.
2198 6079 2228 6133 P.
2242 6111 2274 6119 -
2290 6081 2300 6112 ⁴
2313 6078 2442 6134 imitatur
2453 6077 2488 6133 V.
