6700 7992
918 2164 1580 2306 Quonirssurum
1653 2164 2104 2301 ounurun

1333 2610 1640 2694 oonrsrio
1681 2611 1694 2674 1

1417 2777 1609 2850 (rouen).

864 3086 868 3095 ,
908 3010 1049 3088 Utrum
1079 3007 1123 3081 in
1152 3007 1238 3080 Deo
1267 3004 1321 3079 sit
1348 3004 1437 3078 idea
1463 3005 1634 3103 propriu
1665 3011 1701 3079 cI
1728 3006 1920 3080 distincta
1952 3013 2128 3106 respectu

1275 3138 1485 3213 cm'uslr'oet
1512 3138 1752 3240 singularis.

867 3445 1134 3529 Quaerebantur
1170 3442 1342 3526 quaedam
1375 3440 1476 3511 „circa
1515 3442 1628 3507 Deum
1662 3454 1695 3507 et
1727 3443 1898 3528 quaedam
1939 3444 2031 3510 circa
2070 3455 2255 3510 creaturas.

780 3564 881 3631 Circa
915 3562 1028 3627 Deum
1064 3561 1296 3644 quaerebatur
1331 3557 1482 3635 unicum,
1524 3570 1636 3623 utrum
1672 3559 1707 3623 in
1748 3560 1826 3625 Deo
1861 3560 1905 3625 sit
1939 3560 2018 3626 idea
2053 3560 2193 3646 propria
2224 3571 2257 3626 et

780 3678 941 3745 distincta
978 3687 1140 3763 respectu
1176 3674 1362 3740 cuiuslibet
1393 3673 1590 3762 singularis,
1627 3676 1671 3740 Et
1705 3677 1916 3761 arguebatur
1948 3677 2044 3761 quod
2080 3677 2140 3757 sic,
2176 3676 2258 3761 quia

781 3795 994 3862 diversorum
1035 3790 1328 3880 cognoscibilium
1368 3801 1449 3856 sunt
1496 3790 1655 3856 diversae
1694 3791 1847 3858 rationes
1894 3792 2148 3880 cognoscendi.
2186 3794 2258 3860 Sed

781 3910 918 3977 diversa
947 3907 1126 3975 individua
1162 3918 1243 3972 sunt
1275 3906 1412 3972 diversa
1451 3906 1704 3994 cognoscibilia
1742 3907 1824 3992 quia
1862 3919 1944 3973 sunt
1979 3909 2117 3974 diversa
2156 3908 2257 3974 entia.

780 4028 883 4093 Ideae
906 4037 1021 4092 autem
1045 4035 1127 4089 sunt
1160 4022 1592 4117 rationeslcognoscendi.
1619 4024 1713 4112 Ergo
1749 4024 1965 4090 diversorum
2000 4024 2258 4091 individuorum

781 4154 863 4210 sunt
885 4141 1044 4208 diversae
1068 4140 1169 4206 ideae
1194 4140 1228 4204 in
1254 4141 1342 4204 Deo.

870 4258 1010 4325 Contra.
1050 4258 1305 4341 Quaecumque
1344 4277 1415 4321 uno
1455 4257 1561 4322 modo
1609 4257 1684 4323 sive
1730 4250 1926 4323 seeundum
1964 4280 2073 4323 unum
2111 4260 2258 4346 gradum

781 4374 1015 4442 imitabilitatis
1038 4373 1214 4439 imitantur
1241 4371 1394 4438 divinam
1424 4373 1622 4453 essentiam,
1647 4395 1720 4439 non
1746 4375 1877 4439 habent
1901 4375 1935 4439 in
1961 4377 2038 4440 Deo
2064 4375 2130 4439 nisi
2153 4397 2258 4440 unam

781 4492 894 4559 ideam
918 4490 999 4577 quia
1025 4489 1105 4556 idea
1128 4489 1163 4555 in
1188 4492 1266 4555 Deo
1291 4509 1363 4555 non
1389 4501 1442 4555 est
1466 4489 1532 4554 nisi
1557 4490 1710 4555 essentia
1735 4490 1850 4555 divina
1887 4493 2081 4557 secundum
2109 4491 2258 4576 aliquam

782 4605 1040 4673 imitabilitatem
1065 4606 1137 4671 sive
1162 4606 1357 4671 secundum
1388 4588 1484 4690 quod
1517 4605 1735 4671 imitabilisa
1770 4618 1938 4672 creatura.
1974 4608 2046 4673 Sed
2080 4606 2259 4672 individua

783 4723 937 4791 eiusdem
962 4721 1092 4809 speciei
1116 4721 1293 4787 imitantur
1316 4721 1468 4786 divinam
1494 4722 1682 4787 essentiam
1707 4744 1778 4787 uno
1814 4724 1919 4789 modo
1956 4723 2029 4789 sive
2065 4724 2258 4789 secundum

783 4861 892 4906 unum
913 4840 1059 4928 gradum
1085 4837 1333 4918 imitabilitatis,
1359 4838 1441 4922 quia
1468 4838 1571 4903 etiam
1601 4838 1677 4924 ipsa
1700 4838 1881 4905 individua
1908 4820 1981 4906 non
2017 4842 2191 4906 excedunt
2220 4860 2259 4905 se

784 4955 932 5022 invicem
955 4956 1149 5021 secundum
1175 4955 1334 5021 diversos
1358 4955 1500 5041 gradus.
1527 4956 1646 5037 Quare
1672 4968 1706 5021 et
1730 4967 1855 5022 cetera.

870 5070 1083 5159 Respondeo
1120 5072 1307 5138 dicendum
1344 5073 1438 5155 quod
1475 5094 1554 5136 cum
1590 5072 1669 5137 idea
1705 5072 1739 5137 in
1775 5074 1854 5139 Deo
1890 5096 1962 5139 non
2001 5073 2045 5139 sit
2083 5072 2148 5138 nisi
2184 5072 2260 5158 ipsa

786 5187 936 5256 essentia
959 5187 1077 5253 divina
1101 5200 1138 5253 ut
1155 5198 1208 5254 est
1225 5187 1431 5273 exemplaris
1451 5188 1564 5252 forma
1588 5188 1637 5254 rei
1662 5191 1857 5255 secundum
1876 5192 1971 5275 quod
1988 5182 2261 5276 apprehenditur

785 5315 823 5371 ut
848 5315 901 5372 est
927 5303 1100 5370 imitabilis
1136 5325 1156 5369 a
1184 5315 1343 5370 creatura
1378 5309 1445 5386 (est
1477 5305 1568 5370 enim
1602 5306 1798 5371 secundum
1835 5306 2070 5395 Augustinum
2100 5310 2146 5389 (Ι)
2181 5306 2260 5371 idea

786 5421 896 5487 forma
931 5421 987 5487 veI
1025 5420 1188 5507 species),
1229 5420 1305 5506 ipsa
1344 5421 1457 5486 forma
1496 5420 1575 5486 idea
1615 5424 1787 5506 quaedam
1824 5422 1977 5488 existens
2016 5444 2088 5488 non
2126 5422 2261 5488 videtur

786 5557 864 5603 esse
887 5536 952 5603 nisi
980 5558 1101 5603 eorum
1128 5558 1219 5622 quae
1247 5548 1330 5602 nata
1357 5547 1439 5602 sunt
1467 5536 1674 5623 participare
1693 5549 1726 5604 et
1750 5538 1874 5604 imitari
1898 5538 2049 5604 divinam
2074 5538 2260 5604 essentiam

873 5790 912 5855 (l)
939 5786 1143 5860 Augustini
1171 5787 1217 5841 De
1235 5788 1362 5841 diversis
1381 5788 1604 5858 quaestionibus
1629 5789 1780 5843 LXXXIII
1799 5790 1816 5843 I.
1837 5808 1892 5856 um,
1913 5808 1939 5860 q.
1958 5792 1994 5844 46
2014 5790 2057 5857 (Ρ.
2077 5789 2117 5855 Ι,.,
2137 5788 2194 5842 vol.
2216 5790 2260 5853 40,

787 5874 842 5930 coL
860 5874 905 5942 80)
919 5892 926 5929 :
941 5873 1052 5929 ‹Ideas
1065 5874 1154 5946 igitur
1166 5875 1255 5930 iatine
1269 5892 1427 5947 possumus
1441 5876 1488 5930 rel
1502 5875 1613 5931 formas
1633 5878 1681 5932 rel
1701 5878 1817 5949 species
1837 5878 1945 5945 dicere,
1960 5885 1992 5931 ut
2005 5878 2125 5931 verbum
2139 5893 2155 5930 e
2169 5877 2260 5931 verbo

786 5960 942 6018 transferre
956 5961 1140 6017 videamur.»
2155 6040 2191 6092 30
