6700 7992
1045 1438 1096 1499 f48
1391 1439 1601 1533 4ΜΑΘῙδΤΙῖΙ
1631 1448 1852 1503 GODEFRlDl
1882 1448 1933 1503 DE
1961 1441 2161 1504 FONTlBUS

1131 1627 1218 1691 Nam
1244 1626 1376 1692 virtutis
1404 1628 1554 1708 moralia,
1573 1640 1610 1694 ut
1634 1628 1717 1695 dicit
1741 1631 1799 1714 (l),
1824 1641 1877 1696 est
1901 1631 2017 1695 facere
2042 1629 2251 1696 electionem
2276 1640 2417 1711 rectam,
2442 1647 2522 1695 cum

1043 1741 1087 1807 sit
1116 1742 1255 1808 habitus
1288 1743 1477 1823 electivus3
1510 1745 1554 1809 ad
1587 1756 1715 1810 rectam
1749 1756 1864 1810 autem
1896 1746 2102 1811 electionem
2134 1745 2318 1830 requiritur
2345 1745 2523 1812 inclinatio

1042 1857 1077 1923 in
1095 1858 1250 1945 appetitu
1268 1860 1312 1925 ad
1340 1860 1445 1926 finem
1473 1860 1638 1941 debitum,
1667 1873 1701 1926 et
1729 1861 1764 1926 in
1794 1861 1969 1928 intellectu
1997 1873 2091 1927 recta
2119 1861 2313 1927 aestimatio
2338 1863 2381 1927 de
2406 1861 2524 1928 huius·

1041 1974 1137 2040 modi
1163 1974 1233 2041 fine
1261 1975 1391 2057 debito,
1419 1999 1523 2062 quam
1552 1977 1692 2062 quidem
1725 1977 1987 2044 inclinationem
2020 1977 2054 2042 in
2085 1977 2243 2064 appetitu
2269 1977 2353 2044 facit
2383 1977 2523 2044 habitus
2602 2004 2605 2017 ¹

1041 2091 1179 2157 moralis
1208 2092 1394 2157 formaliter
1421 2103 1455 2158 et
1483 2093 1580 2177 quasi
1606 2094 1766 2159 effective
1795 2106 1831 2158 ut
1859 2094 2037 2177 quoddam
2067 2094 2209 2179 pondus
2238 2093 2273 2159 in
2302 2094 2458 2180 appetitu
2487 2094 2522 2160 in

1042 2229 1112 2293 quo
1128 2207 1204 2274 est¹
1228 2207 1420 2275 subiective
1437 2220 1471 2275 et
1496 2220 1625 2275 rectam
1651 2209 1851 2274 huiusmodi
1878 2209 2155 2275 aestimationem
2180 2210 2262 2274 facit
2288 2209 2320 2275 in
2346 2209 2523 2277 intellectu

1042 2323 1141 2409 quasi
1178 2323 1376 2404 obiective;
1415 2335 1518 2409 prout
1558 2325 1683 2390 dicitur
1721 2324 1792 2390 in²
1831 2325 1930 2390 tertio
1970 2325 2172 2392 Ethicorum
2191 2330 2237 2409 (2)
2274 2326 2370 2411 quod
2412 2325 2524 2411 qualis

1041 2439 1281 2526 unusquisque
1305 2450 1367 2521 est,
1393 2440 1469 2505 talis
1494 2440 1598 2506 etiarn
1629 2440 1708 2505 finis
1737 2441 1768 2506 ei
1786 2441 1931 2520 videtur,
1951 2453 1988 2506 ut
2008 2442 2204 2527 expositum
2230 2453 2292 2507 est.
2311 2442 2368 2506 Ad
2392 2454 2522 2508 rectam

1041 2555 1142 2623 etiam
1177 2556 1383 2623 electionem
1419 2578 1508 2641 quae
1541 2569 1594 2622 est
1625 2578 1746 2622 eorum
1784 2578 1874 2641 quae
1914 2569 1995 2622 sunt
2034 2558 2078 2622 ad
2103 2546 2207 2622 finem
2245 2558 2456 2639 huiusmodi,
2487 2558 2522 2623 in

1041 2682 1208 2758 quantum
1234 2672 1377 2738 inclinat
1403 2672 1510 2738 virtus
1534 2673 1673 2739 moralis
1701 2674 1795 2738 dicto
1822 2674 1937 2753 modu,
1959 2673 2142 2758 requiritur
2169 2685 2264 2740 recta
2291 2674 2378 2740 ratio
2403 2694 2522 2740 eorum

1042 2810 1132 2874 quae
1161 2799 1242 2853 sunt
1273 2787 1494 2875 expedientia
1525 2790 1569 2854 ad
1601 2788 1717 2855 finem.
1744 2790 1878 2854 Horum
1909 2801 2024 2855 autern
2058 2802 2109 2855 est
2141 2788 2327 2874 prudentia
2352 2811 2442 2874 quae
2470 2801 2524 2856 est

1042 2904 1261 2971 consiliativa
1285 2916 1318 2971 et
1342 2904 1585 2993 investigativa
1609 2905 1681 2970 sive
1710 2905 1932 2970 adinventiva
1957 2905 2074 2970 talium
2103 2905 2373 2990 expedientium.
2403 2906 2445 2970 Et
2472 2905 2524 2970 sic

1042 3032 1137 3108 patet
1161 3021 1256 3106 quod
1282 3021 1325 3086 ad
1351 3021 1509 3087 virtutem
1537 3022 1702 3086 moralem
1733 3043 1794 3106 per
1821 3043 1860 3087 se
1889 3033 1922 3086 et
1950 3021 2080 3087 directe
2115 3021 2298 3106 requiritur
2328 3020 2522 3106 prudentia,

1042 3137 1270 3223 inquantum
1295 3136 1402 3202 virtus
1427 3137 1566 3202 moralis
1590 3137 1665 3201 sive
1690 3138 1825 3201 habens
1845 3136 2003 3202 virtutem
2029 3138 2195 3202 moralem
2213 3158 2277 3223 per
2292 3136 2403 3222 ipsam
2428 3136 2524 3202 non³

1042 3263 1160 3339 potest
1188 3252 1359 3337 consequi
1386 3253 1489 3318 finem
1516 3252 1551 3317 in
1578 3263 1746 3338 quantum
1775 3252 1926 3332 inclinat,
1955 3253 2031 3318 sine
2063 3253 2184 3319 notitia
2213 3275 2332 3318 eorum
2361 3274 2450 3338 quae
2478 3253 2523 3317 ad

1044 3369 1156 3455 ipsam
1184 3381 1348 3454 tanquam
1373 3368 1595 3454 expedientia
1620 3369 1834 3434 ordinantur.
1861 3408 1901 3415 —
1928 3368 2162 3434 Consimiliter
2185 3370 2370 3454 prudentia
2398 3391 2461 3454 per
2484 3390 2523 3435 se
2568 3351 2571 3357 ³

1043 3495 1077 3550 et
1104 3483 1235 3551 directe
1259 3482 1365 3572 exigit
1391 3483 1550 3548 virtutem
1579 3483 1754 3563 moralem,
1784 3482 1818 3547 in
1847 3495 2014 3567 quantum
2044 3505 2116 3547 non
2145 3494 2260 3568 potest
2283 3482 2404 3549 haberi
2429 3494 2524 3549 reeta

1041 3599 1129 3666 ratio
1154 3601 1208 3666 vel
1233 3599 1387 3688 cognitio
1406 3599 1599 3684 aliquorum
1616 3598 1795 3686 agibilium
1814 3598 2057 3664 ordinabilium
2075 3598 2214 3665 adfinis
2239 3598 2385 3666 alicuius
2400 3619 2523 3666 conse-

1043 3717 1230 3797 cutionem,
1259 3716 1326 3781 nisi
1354 3717 1524 3782 habeatur
1554 3726 1650 3781 recta
1683 3715 1877 3780 aestimatio
1907 3726 1940 3781 et
1972 3715 2129 3803 cognitio
2157 3717 2201 3781 de
2230 3715 2307 3802 ipso
2334 3715 2414 3796 fine,
2442 3715 2524 3801 quia
2616 3754 2623 3765 ·

1042 3832 1244 3899 huiusmodi
1267 3842 1362 3898 recta
1386 3831 1580 3898 aestimatio
1606 3842 1658 3898 est
1683 3830 1889 3917 principium
1915 3832 2188 3917 supponendum
2213 3833 2257 3896 ad
2282 3831 2522 3920 cognitionem

1043 3949 1197 4015 aliorum.
1230 3949 1333 4014 Hanc
1358 3959 1474 4013 autern
1502 3960 1631 4013 rectam
1656 3947 1933 4013 aestimationem
1967 3948 2011 4012 de
2043 3947 2112 4013 fine
2141 3947 2223 4014 facit
2250 3947 2358 4012 virtus
2382 3946 2523 4013 moralis

1043 4066 1149 4131 modo
1172 4064 1361 4151 praedict0,
1387 4063 1421 4130 in
1446 4074 1613 4149 quantum
1639 4064 1834 4129 secundum
1860 4062 2120 4129 inclinationem
2141 4063 2315 4149 appetitus
2340 4063 2373 4129 in
2393 4051 2522 4149 aliquid

1042 4180 1109 4247 sibi
1140 4180 1356 4247 conveniens
1388 4192 1422 4246 et
1449 4181 1630 4245 conforme
1658 4181 1852 4244 secundum
1881 4179 2036 4244 habitum
2070 4191 2122 4244 est
2149 4178 2345 4244 aestimatio
2373 4179 2409 4244 in
2444 4179 2522 4266 ipso

1042 4297 1220 4364 intellectu
1248 4297 1293 4362 de
1316 4297 1373 4362 illo
1398 4298 1464 4362 sub
1492 4296 1625 4361 ratione
1651 4294 1904 4374 convenientis,
1930 4306 1967 4359 ut
1993 4295 2122 4360 dictum
2148 4306 2210 4361 est.
2240 4295 2304 4361 His
2329 4317 2414 4383 ergo
2439 4295 2522 4361 visis

1043 4424 1139 4500 patet
1151 4411 1450 4499 primum,scilicet
1462 4413 1557 4496 quod
1570 4410 1713 4477 virtutes
1726 4412 1875 4476 morales
1890 4422 2147 4477 connectuntur
2160 4411 2367 4497 prudentiae
2380 4411 2522 4493 directe,

1044 4539 1078 4596 et
1101 4550 1121 4595 e
1145 4549 1328 4596 converso

1130 4646 1234 4712 Nunc
1263 4666 1348 4734 ergo
1379 4646 1591 4731 procedatur
1618 4645 1662 4708 ad
1690 4644 1896 4724 seeundum,
1922 4644 1967 4708 ad
1991 4645 2248 4709 ostendendum
2278 4643 2410 4711 scilicet
2426 4643 2522 4728 quod

1043 4762 1187 4827 virtutes
1225 4762 1375 4828 morales
1422 4770 1680 4827 connectuntur
1717 4759 1783 4825 sibi
1822 4759 1982 4839 invicem,
2022 4761 2084 4824 sed
2121 4759 2299 4826 indirecte.
2335 4760 2397 4825 Est
2436 4780 2522 4847 ergo

1043 4880 1308 4970 intelligendum
1340 4877 1482 4944 ulterius
1497 4876 1518 4957 ⁴,
1548 4877 1643 4962 quod
1675 4875 1755 4940 licet
1787 4875 1930 4941 virtutes
1963 4877 2111 4941 morales
2144 4878 2187 4941 ab
2223 4875 2371 4942 invicem
2403 4875 2523 4962 specie

1044 4996 1214 5077 differant,
1243 5007 1359 5060 tamen
1386 5015 1457 5059 una
1481 4992 1556 5058 sine
1577 4992 1644 5057 alia
1671 4991 1793 5057 haberi
1820 5012 1890 5056 non
1920 5002 2046 5078 potest,
2079 5013 2146 5058 nec
2179 4991 2280 5057 etiam
2310 5013 2380 5057 una
2407 5001 2523 5078 potest

1043 5113 1199 5200 perfecte
1238 5110 1359 5177 haberi
1401 5109 1466 5175 nisi
1510 5107 1695 5195 prudentia
1734 5107 1835 5172 etiam
1876 5108 2031 5192 perfecte
2070 5109 2249 5174 habeatur.
2298 5108 2400 5174 Unde
2440 5106 2523 5173 dicit

1044 5228 1281 5315 Philosophus
1298 5229 1356 5311 (3),
1387 5235 1486 5292 sexto
1529 5224 1742 5304 Ethicorum,
1768 5224 1862 5307 quod
1895 5245 2009 5308 neque
2041 5223 2213 5311 contingit
2252 5226 2384 5290 bonum
2417 5222 2523 5290 esse⁶

1134 5572 1211 5624 ιουκ.
1224 5569 1255 5624 P.
1269 5599 1303 5607 -
1316 5569 1391 5620 ’oua
1406 5566 1436 5620 P.
1456 5597 1490 5605 -
1509 5565 1588 5618 ⁸nec
1607 5563 1637 5616 P.
1658 5593 1691 5602 -
1714 5565 1792 5617 ‘ona
1814 5564 1845 5616 P.
1865 5594 1897 5602 --
1919 5563 2050 5617 ⁵bonum
2070 5565 2147 5632 esse]
2167 5581 2233 5618 esse
2252 5564 2362 5618 bonum
2382 5562 2413 5619 P.

1133 5806 1171 5874 (1)
1192 5802 1276 5869 loiri,
1294 5802 1312 5854 l.
1332 5801 1381 5868 Vl,
1407 5818 1431 5854 c.
1459 5802 1492 5853 13
1512 5798 1558 5866 [al.
1579 5799 1621 5867 10]
1643 5802 1682 5867 (p.
1704 5798 1793 5857 lli—ll.
1813 5800 1864 5865 Τὴν
1882 5798 1929 5866 μὲν
1947 5796 1992 5850 οὖν
2009 5797 2161 5869 προαίρεσιν
2178 5797 2259 5869 ὀρθὴν
2270 5804 2340 5853 ποιεῖ
2353 5798 2369 5864 ἡ
2382 5796 2472 5870 ἀρετή.
2488 5828 2521 5836 -

1044 5897 1084 5961 (2)
1103 5893 1133 5946 L.
1148 5892 1199 5957 111,
1212 5909 1237 5945 c.
1251 5894 1267 5944 7
1282 5890 1327 5959 [al.
1344 5891 1385 5959 13]
1399 5896 1438 5962 (p.
1455 5893 1543 5955 1114).
1563 5884 1668 5947 Ὁποῖός
1687 5885 1746 5941 trolt'
1766 5886 1877 5948 ἕκαστος
1893 5885 1956 5950 ἐστι,
1976 5892 2081 5941 τοιοῦτο
2100 5889 2144 5941 καὶ
2161 5886 2193 5940 τό
2210 5885 2286 5948 τέλος
2304 5886 2421 5957 φαίνεται
2438 5884 2520 5958 αὐτῷ.

1044 6013 1077 6021 -
1089 5984 1127 6047 (3)
1140 5978 1173 6034 C.
1188 5982 1221 6034 13
1234 5979 1281 6047 [al.
1297 5979 1339 6047 ll]
1354 5994 1393 6049 tp.
1406 5982 1495 6049 1144).
1508 5978 1594 6042 Δῆλον
1607 5974 1651 6029 οὗν
1668 5974 1763 6030 ἐκτῶν
1780 5977 1925 6048 εἰρημένων
1938 5975 1978 6030 ὅτι
1991 5973 2044 6047 οὔχ
2055 5975 2110 6030 οἶόν
2123 5995 2151 6030 τε
2164 5975 2262 6050 ἀγαθὸν
2275 5975 2448 6049 tharrupia:
2461 5972 2522 6031 ἄνευ

1044 6067 1205 6144 φρονήσεως,
1219 6062 1280 6120 οὐδὲ
1290 6065 1418 6139 φρόνιμον
1430 6064 1492 6120 ἄνευ
1503 6072 1551 6134 τῆς
1562 6066 1656 6133 ἠθικῆς
1668 6065 1774 6138 ἀρετῆς.
