6700 7992
1200 1455 1375 1511 resnou
1404 1455 1703 1526 Quoocrasruu,
1732 1446 1822 1525 ov
2198 1452 2250 1509 am

775 1635 971 1704 ostenditur
994 1636 1088 1720 quod
1113 1657 1185 1701 non
1211 1637 1310 1715 valet,
1336 1658 1416 1700 nam
1440 1635 1469 1700 si
1501 1656 1596 1701 error
1631 1645 1683 1701 est
1718 1635 1834 1701 dicere
1870 1635 1965 1719 quod
1999 1655 2129 1719 corpus
2161 1633 2252 1699 Petri

776 1752 892 1818 vivum
932 1763 966 1817 et
1004 1764 1176 1817 mortuum
1216 1752 1409 1817 secundum
1446 1773 1484 1817 se
1520 1763 1554 1816 et
1588 1751 1654 1817 sibi
1690 1751 1845 1817 relictum
1885 1752 1929 1816 sit
1964 1750 2056 1816 aliud
2092 1759 2126 1816 et
2159 1749 2252 1815 aliud

777 1889 932 1948 nomem,
972 1868 1078 1933 immo
1118 1866 1354 1933 necessarium
1394 1878 1447 1932 est
1485 1867 1603 1933 dicere
1640 1868 1736 1952 quod
1776 1878 1857 1932 sunt
1891 1866 1994 1946 idem,
2030 1886 2114 1954 ergo
2150 1863 2253 1931 etiam

777 2004 960 2050 erroneum
986 1996 1038 2050 est
1062 1983 1178 2049 dicere
1203 1985 1298 2068 quod
1322 1982 1372 2067 sic
1397 1983 1511 2048 dictae
1536 1984 1626 2048 duae
1651 1983 1783 2048 formae
1807 1993 1889 2048 sunt
1913 1982 2012 2049 simul
2041 1981 2077 2047 in
2100 1981 2252 2059 homine,

777 2100 872 2186 quod
897 2121 976 2166 curn
1001 2111 1181 2184 separatur
1210 2098 1325 2164 anima
1349 2099 1549 2164 necessario
1574 2098 1806 2184 corrumpitur
1835 2099 1910 2179 alia,
1936 2098 1965 2163 si
1996 2119 2082 2164 suae
2109 2107 2254 2162 naturae

777 2215 990 2301 relinquatur
1022 2225 1056 2280 et
1087 2236 1157 2280 non
1190 2214 1397 2280 miraculose
1429 2225 1631 2280 reservetur.
1663 2216 1752 2279 Nam
1792 2214 1821 2280 si
1860 2214 1911 2280 sic
1945 2212 2129 2300 perficiunt
2167 2211 2255 2278 istae

779 2332 869 2397 duae
901 2331 1033 2397 formae
1063 2330 1240 2396 materiam
1280 2342 1317 2394 ut
1352 2330 1472 2396 dicunt
1507 2330 1557 2396 sic
1593 2342 1777 2417 ponentes,
1814 2343 1899 2396 tunc
1938 2330 2065 2395 nullius
2104 2326 2281 2394 hominis'

780 2468 909 2534 corpus
941 2446 1057 2513 vivum
1097 2458 1131 2512 et
1170 2457 1342 2511 mortuum
1374 2456 1489 2532 potest
1520 2468 1598 2513 esse
1635 2446 1725 2512 idem
1767 2468 1912 2512 numero
1951 2444 2152 2511 naturaliter
2182 2442 2255 2508 sive

779 2585 865 2630 suae
889 2573 1033 2628 naturae
1058 2562 1269 2642 derelictum,
1294 2562 1357 2627 sed
1381 2563 1493 2627 solum
1518 2562 1825 2648 supernaturaliter
1848 2573 1881 2627 et
1906 2561 2121 2626 miraculose.

870 2681 1105 2764 Quocumque
1130 2700 1215 2767 ergo
1240 2678 1366 2765 positu,
1384 2679 1458 2743 sive
1483 2681 1578 2763 quod
1603 2678 1646 2744 sit
1668 2691 1801 2744 tantum
1826 2700 1896 2744 una
1922 2679 2033 2744 forma
2056 2676 2091 2741 in
2115 2676 2256 2742 homine

781 2795 854 2862 sive
878 2796 972 2881 quod
998 2794 1050 2861 sic
1073 2794 1141 2859 sint
1158 2795 1274 2880 plures
1291 2795 1386 2879 quod
1411 2816 1480 2859 uua
1506 2817 1576 2859 non
1601 2795 1712 2880 possit
1736 2795 1852 2860 inesse
1877 2793 2040 2859 materiae
2057 2792 2258 2859 naturaliter

781 2913 857 2979 sine
881 2912 957 2990 alia,
987 2933 1028 2977 ex
1053 2932 1124 2995 quo
1148 2931 1190 2975 ex
1215 2910 1282 2974 hoc
1306 2910 1462 2995 sequitur
1489 2912 1583 2995 quod
1612 2933 1740 2996 corpus
1766 2910 1856 2976 Petri
1884 2910 1998 2976 vivum
2024 2923 2057 2976 et
2085 2921 2257 2975 mortuum

782 3051 854 3095 non
879 3039 933 3093 est
955 3028 1046 3093 idem
1083 3048 1228 3091 numero
1264 3026 1330 3090 nisi
1365 3025 1582 3099 miraculose,
1612 3027 1711 3092 cuius
1743 3026 1953 3092 contrarium
1985 3024 2193 3112 supponitur
2224 3037 2259 3089 et

781 3157 908 3223 cetera,
927 3182 967 3191 -
991 3141 1181 3227 aequaliter
1197 3142 1333 3207 videtur
1357 3163 1540 3207 erroneum
1565 3165 1697 3228 ponere
1723 3143 1839 3228 plures
1862 3143 1991 3207 formas
2020 3140 2114 3208 dicto
2141 3140 2257 3220 modu,

783 3273 817 3327 et
840 3281 973 3347 ponere
998 3280 1102 3324 unam
1127 3259 1273 3323 ferinam
1298 3257 1429 3323 scilicet
1463 3258 1497 3322 in
1522 3258 1673 3337 homine,
1710 3270 1852 3344 propter
1886 3259 1954 3323 hoc
1987 3258 2082 3343 quod
2107 3258 2176 3323 hoc
2206 3265 2260 3323 est

784 3397 966 3444 erroneum
998 3374 1033 3440 in
1065 3397 1103 3439 se
1136 3374 1229 3459 quod
1255 3396 1383 3459 corpus
1420 3374 1511 3440 Petri
1544 3374 1658 3440 vivum
1698 3385 1731 3439 et
1763 3387 1936 3440 mortuum
1968 3396 2041 3439 non
2071 3384 2124 3439 est
2155 3373 2258 3439 idem.

872 3491 937 3557 His
963 3491 1045 3555 visis
1077 3502 1111 3555 et
1142 3489 1344 3576 suppositis,
1377 3501 1470 3576 patet
1502 3492 1597 3575 quud
1625 3501 1693 3555 tam
1726 3492 1919 3556 secundum
1950 3501 2123 3576 ponentes
2155 3512 2259 3555 unam

784 3610 931 3675 sormam
955 3629 1060 3692 quam
1084 3606 1279 3672 secundum
1303 3617 1477 3693 ponentes
1502 3608 1629 3692 plures,
1654 3607 1871 3674 uniformiter
1894 3618 1946 3672 est
1972 3608 2187 3692 loquendum
2216 3606 2285 3697 de¹

712 3786 716 3792 .
786 3745 934 3811 corpore
959 3722 1088 3790 Christi
1113 3734 1146 3789 et
1174 3723 1217 3787 de
1246 3722 1452 3819 corporibus
1480 3723 1635 3789 aliorum.
1660 3725 1750 3789 Nam
1778 3724 1838 3808 qui
1865 3723 1987 3790 dicunt
2011 3744 2141 3811 corpus
2169 3722 2261 3789 Petri

785 3841 901 3906 vivum
925 3850 959 3906 et
982 3850 1155 3905 mortuum
1180 3859 1259 3904 esse
1282 3838 1374 3904 idem
1398 3861 1555 3919 amnem,
1581 3839 1702 3905 dicunt
1725 3841 1793 3907 hoc
1819 3840 1863 3906 de
1887 3862 2035 3927 corpore
2052 3838 2202 3920 Christi;
2227 3850 2261 3905 et

785 3978 804 4024 e
828 3977 1000 4056 conuerso
1025 3955 1128 4021 etiam
1153 3955 1211 4039 qui
1235 3954 1356 4020 dicunt
1380 3956 1609 4021 communiter
1625 3977 1753 4042 corpus
1775 3956 1866 4023 Petri
1891 3957 2006 4023 vivum
2031 3968 2065 4023 et
2088 3968 2261 4023 mortuum

786 4094 858 4139 non
882 4093 960 4139 esse
985 4071 1076 4138 idem
1101 4092 1257 4152 numero,
1282 4072 1350 4137 hoc
1373 4072 1418 4137 de
1442 4093 1589 4157 corpore
1613 4072 1742 4138 Christi
1766 4073 1887 4140 dicunt
1911 4083 1944 4140 et
1968 4096 1988 4140 e
2012 4093 2195 4140 converso.

874 4188 918 4253 Et
949 4187 1029 4274 quia
1062 4187 1214 4253 Parisios
1249 4210 1269 4252 a
1305 4187 1513 4272 quibusdam
1545 4187 1687 4273 ponitur
1721 4190 1814 4274 quod
1850 4183 1978 4276 corpus
2018 4189 2111 4256 Petri
2145 4189 2261 4255 vivum

788 4315 821 4371 et
852 4315 1025 4370 mortuum
1061 4303 1163 4370 fucrit
1202 4303 1305 4384 aliud,
1345 4326 1365 4368 a
1402 4304 1611 4389 quibusdam
1651 4304 1871 4385 contrarium,
1911 4316 2071 4371 neutrum
2110 4304 2262 4371 Parisius

787 4432 953 4505 tanquam
988 4419 1190 4506 simpliciter
1221 4441 1404 4486 erroneum
1435 4419 1616 4486 iudicatur.
1651 4420 1694 4486 Et
1733 4421 1824 4486 idem
1863 4421 1999 4488 videtur
2033 4422 2136 4487 etiam
2171 4420 2264 4489 circa

788 4557 917 4624 corpus
948 4536 1076 4601 Christi
1112 4535 1298 4602 dicendum
1323 4547 1490 4619 quantum
1523 4538 1567 4601 ad
1600 4537 1765 4603 unitatem
1794 4539 1988 4603 secundum
2016 4538 2162 4603 formam
2185 4539 2264 4603 sub·

789 4652 994 4732 stantialem,
1019 4652 1177 4736 quamvis
1195 4673 1377 4718 erroneum
1402 4652 1445 4716 sit
1469 4654 1699 4738 reputandum
1725 4653 1840 4720 dicere
1866 4655 1960 4738 (lund
1985 4676 2113 4740 corpus
2136 4652 2265 4720 Christi

788 4768 903 4834 vivum
921 4780 955 4834 et
978 4781 1150 4833 mortuum
1176 4790 1248 4834 non
1274 4767 1337 4833 fuit
1361 4768 1453 4833 idem
1479 4789 1623 4834 numero
1647 4780 1817 4852 quantum
1841 4770 1885 4834 ad
1910 4770 2077 4836 unitatem
2101 4771 2264 4856 hyposta-

789 4885 892 4951 ticam
919 4883 994 4950 sive
1021 4883 1194 4970 suppositi
1219 4895 1252 4950 et
1280 4885 1501 4970 personalem
1533 4886 1628 4968 quod
1660 4907 1731 4950 non
1757 4885 1928 4974 contingit
1955 4886 1990 4951 in
2015 4886 2099 4951 aliis.
2127 4888 2168 4951 Et
2183 4886 2265 4953 ideo

790 4999 941 5089 graviter
956 5000 1092 5066 videtur
1108 5000 1303 5067 excessisse
1327 5001 1386 5085 qui
1411 4999 1494 5065 dixit
1511 5004 1557 5085 (l)
1583 5001 1660 5066 illos
1682 5001 1845 5068 articulos
1870 5023 1949 5068 esse
1973 5005 2148 5083 haereses
2173 5003 2266 5068 dam-

791 5127 891 5182 natas
907 5115 942 5182 in
959 5138 998 5181 se
1015 5118 1068 5182 vel
1085 5116 1150 5182 sibi
1167 5116 1345 5181 similibus.
1364 5118 1400 5182 ln
1418 5138 1457 5182 se
1474 5117 1612 5201 quidem
1631 5138 1714 5195 non,
1732 5119 1827 5202 quod
1851 5118 1979 5203 aliquid
1996 5119 2124 5185 sciatur
2145 5120 2265 5184 saltem

792 5231 1031 5313 communiter,
1063 5253 1141 5297 cum
1167 5245 1281 5297 tamen
1307 5232 1558 5298 haereticorum
1588 5233 1810 5298 articulorum
1834 5233 2010 5299 danmatio
2038 5236 2165 5301 debeat
2188 5256 2267 5301 esse

792 5345 932 5434 publica
963 5358 997 5414 et
1027 5348 1205 5427 solemnis,
1232 5370 1299 5414 nec
1333 5347 1367 5412 in
1399 5348 1464 5413 sibi
1499 5347 1668 5413 similibus
1704 5349 1799 5433 quod
1833 5349 1983 5415 Parisios
2019 5350 2156 5417 sciatur.
2192 5351 2268 5416 Nec

792 5473 909 5531 tanrm
948 5475 1001 5530 est
1040 5464 1222 5530 verisimile
1262 5465 1357 5549 (luod
1397 5467 1465 5530 hoc
1504 5464 1702 5531 venerabile
1741 5465 1893 5530 studium
1933 5466 2085 5532 Parisius
2123 5478 2192 5533 tam
2231 5467 2267 5533 in

792 5579 972 5670 theologia
1000 5603 1103 5666 quam
1135 5579 1170 5646 in
1198 5580 1271 5646 iure
1299 5580 1471 5647 canonico
1499 5581 1629 5646 lateret.
1662 5581 1782 5666 Nuper
1811 5581 1902 5647 enim
1930 5582 2145 5669 scripserunt
2172 5583 2268 5651 multi

830 5986 871 6053 (l)
884 5982 1005 6038 Scilicet
1016 5983 1165 6037 Iohannes
1177 5984 1323 6037 Peclrlrum
1337 6001 1346 6035 .·
1361 6004 1372 6031 ι
1386 5983 1461 6036 lstos
1476 5982 1564 6052 igitur
1578 5982 1717 6038 articulos
1730 5986 1868 6039 haereses
1881 6002 1947 6039 esse
1961 5984 2122 6053 damnatas
2135 5985 2164 6040 in
2178 6002 2210 6040 se
2224 5986 2270 6041 vel

795 6070 857 6142 suis
870 6070 1040 6127 similibus...
1055 6070 1297 6126 denunciamus.»
1318 6070 1562 6141 D'Argcutre‚
1578 6070 1628 6125 loc.
1642 6071 1690 6127 cit.
