6700 7992
1031 1543 1085 1594 216
1394 1540 1585 1596 MAGISTRI
1615 1540 1837 1597 GODEFRIDI
1865 1540 1917 1595 DE
1946 1539 2145 1597 FONTIBUS

1032 1708 1154 1787 iterum
1180 1721 1346 1788 confiteri.
1379 1721 1438 1788 Sic
1463 1733 1578 1787 autem
1602 1721 1738 1788 videtur
1761 1742 1839 1788 esse
1874 1721 1909 1786 in
1943 1719 2135 1807 proposito.
2171 1720 2291 1805 Quare
2326 1730 2360 1788 et
2383 1731 2509 1788 cetera.

1122 1839 1159 1905 In
1185 1837 1271 1903 libro
1297 1837 1451 1927 magistri
1474 1837 1668 1924 responsio.

1600 2218 1841 2304 Quaestio
1867 2219 1953 2284 vm.

1039 2447 1182 2525 Utrum
1224 2447 1372 2520 trudeus
1414 2444 1532 2519 talem
1569 2450 1800 2544 potestatem
1839 2444 1970 2544 possit
2011 2444 2210 2520 absolvere
2256 2445 2299 2520 in
2347 2446 2510 2522 casibus

1107 2580 1303 2679 episcopis
1331 2580 1379 2654 de
1409 2579 1495 2653 iure
1524 2584 1560 2653 ct
1586 2578 1873 2653 cousuetudine
1900 2583 1937 2653 et
1966 2579 2179 2654 retentione
2209 2580 2431 2656 reservatis.

1119 2882 1177 2948 Aa
1201 2883 1394 2948 seeundum
1420 2881 1674 2967 praedictorum
1700 2881 1751 2946 sic
1774 2880 1983 2966 proceditur,
2011 2891 2045 2946 et
2072 2880 2228 2968 arguitur
2254 2882 2350 2966 quod
2373 2883 2509 2949 habens

1003 3001 1133 3086 talem
1173 3010 1380 3084 potestatem
1420 2996 1531 3084 possit
1570 2997 1752 3062 absolvere
1788 2997 1822 3060 in
1859 2995 1998 3062 casibus
2033 3007 2066 3062 et
2102 3006 2227 3076 cetera,
2260 2996 2341 3082 quia
2372 2999 2508 3065 habens

1030 3117 1168 3201 plenam
1204 3125 1412 3200 potestatem
1448 3113 1611 3178 audiendi
1648 3112 1891 3178 confessiones
1922 3123 1955 3177 et
1990 3111 2194 3178 absolvendi
2219 3114 2263 3177 ab
2297 3112 2355 3179 illo
2387 3135 2408 3178 a
2437 3135 2507 3200 quo

1029 3231 1116 3297 alius
1141 3233 1246 3296 habet
1269 3251 1408 3296 omnem
1434 3239 1641 3315 potestatem
1666 3250 1768 3313 quam
1804 3230 1910 3294 habet
1936 3227 1972 3292 in
2000 3227 2136 3309 talibus
2165 3227 2239 3294 sive
2272 3250 2293 3293 a
2325 3229 2507 3317 superiore

1029 3347 1119 3412 illius
1144 3357 1264 3431 utpote
1300 3367 1319 3409 a
1352 3367 1453 3431 papa,
1485 3344 1543 3428 qui
1574 3345 1679 3408 habet
1714 3343 1965 3428 plenitudinem
2001 3343 2183 3428 potestatis
2220 3344 2254 3409 in
2279 3344 2444 3411 omnibus
2470 3345 2507 3412 in

1029 3463 1155 3548 quibus
1180 3461 1337 3547 episcopi
1361 3463 1491 3526 habent
1516 3459 1664 3544 aliquam
1690 3471 1906 3545 potestatem,
1931 3470 2048 3545 potest
2072 3461 2255 3527 absolvere
2279 3459 2404 3529 virtute
2428 3463 2506 3529 talis

1028 3577 1211 3664 potestatis
1236 3579 1279 3642 de
1304 3576 1465 3642 omnibus
1491 3578 1534 3642 de
1559 3575 1685 3660 quilius
1709 3587 1825 3661 potest
1849 3577 2032 3641 absolvere
2060 3575 2271 3661 quicumque
2303 3577 2504 3665 episcopus.

1029 3695 1100 3761 Sed
1129 3693 1252 3759 virtute
1279 3693 1359 3757 dicti
1384 3691 1552 3779 privilegii
1570 3697 1616 3775 (l)
1642 3693 1773 3756 habent
1796 3692 1918 3757 fratres
1943 3692 2082 3777 plenam
2107 3702 2315 3778 potestatem
2340 3694 2506 3762 audiendi

1029 3809 1271 3878 confessiones
1296 3819 1330 3874 et
1353 3808 1568 3887 absolvendi,
1593 3829 1660 3872 nec
1692 3820 1771 3892 post
1803 3807 1993 3876 clausulam
2021 3830 2091 3893 qua
2120 3807 2321 3875 huiusmodi
2348 3821 2505 3896 potestas

1029 3927 1079 3992 eis
1104 3927 1204 3991 datur
1228 3925 1261 3989 in
1287 3924 1380 3991 dicto
1404 3923 1594 4011 privilegio
1632 3923 1773 4009 ponitur
1803 3922 1932 4008 aliquid
1960 3946 2030 4007 quo
2065 3923 2302 4012 restringatur.
2328 3926 2447 4010 Quare
2470 3937 2505 3994 et

1028 4053 1153 4108 cetera.

1117 4158 1257 4223 Contra.
1297 4157 1603 4240 Quandocumque
1644 4178 1705 4241 per
1743 4154 1883 4240 aliquod
1922 4154 2139 4243 privilegium
2188 4157 2289 4223 datur
2330 4157 2504 4244 aliquibus

1027 4284 1183 4361 potestas
1207 4272 1348 4337 limitata
1372 4272 1417 4337 ita
1442 4274 1537 4357 quod
1561 4273 1605 4336 al)
1622 4271 1822 4337 huiusmodi
1847 4282 2019 4357 potestate
2044 4292 2147 4338 casus
2165 4273 2270 4358 aliqui
2286 4273 2505 4360 excipiuntur

1027 4390 1070 4454 ad
1096 4412 1184 4475 quae
1209 4411 1247 4455 se
1271 4410 1342 4453 non
1361 4387 1523 4466 extendit,
1542 4409 1604 4473 per
1620 4386 1837 4473 privilegium
1862 4387 2026 4475 generale
2050 4409 2203 4472 sequens
2226 4409 2299 4453 non
2323 4401 2504 4457 amovetur

1026 4506 1224 4571 huiusmodi
1248 4506 1287 4570 in.
1304 4507 1364 4569 illo
1375 4505 1393 4584 ¹,
1411 4504 1476 4569 nisi
1496 4503 1528 4568 in
1547 4505 1705 4570 seeundo
1724 4504 1782 4567 fiat
1798 4503 1928 4568 mentio
1946 4503 1989 4568 de
2006 4503 2122 4589 priore
2138 4525 2219 4589 per:
2241 4525 2313 4570 non
2329 4507 2502 4589 obstante,

1027 4621 1116 4687 sicut
1140 4621 1174 4685 in
1199 4620 1324 4685 talibus
1343 4619 1414 4685 fieri
1439 4619 1631 4685 consuevit.
1651 4620 1722 4684 Sed
1739 4619 1861 4683 fratres
1886 4618 2144 4704 praedicatores
2169 4621 2299 4686 habent
2323 4619 2503 4710 privilegia

1026 4760 1046 4802 a
1081 4738 1261 4803 Clemente
1279 4740 1325 4820 (2)
1362 4759 1424 4821 per
1458 4757 1548 4820 <prae
1584 4736 1684 4800 datur
1720 4734 1769 4800 eis
1805 4744 1972 4820 potestas,
2009 4746 2045 4799 ut
2080 4755 2159 4801 cum
2195 4735 2245 4801 eis
2281 4736 2503 4804 committitur

1114 4989 1121 5018 ¹
1138 4987 1170 5039 in
1184 4986 1243 5055 illo]
1258 4985 1325 5039 ideo
1339 4986 1372 5039 V.

1113 5195 1151 5258 (ll
1172 5190 1231 5246 Ctr.
1245 5209 1273 5262 p.
1287 5194 1347 5257 215,
1367 5209 1394 5245 n.
1415 5194 1462 5257 (l).
1480 5223 1513 5230 -
1534 5195 1573 5251 (⁸2)
1593 5191 1618 5243 A
1639 5190 1787 5244 Clemente
1807 5190 1825 5242 I
1829 5189 1859 5256 V,
1879 5195 1913 5243 ut
1926 5195 2012 5261 patet
2029 5209 2065 5245 ex
2083 5191 2191 5245 letteris
2209 5191 2275 5245 eius
2292 5192 2341 5247 die
2359 5205 2397 5246 20
2415 5193 2503 5247 Iunii

1022 5297 1103 5332 atino
1116 5279 1173 5332 126
1174 5292 1192 5344 5
1205 5281 1246 5332 ort
1257 5279 1443 5350 allagistrmn
1463 5283 1492 5332 et
1510 5279 1551 5331 art
1570 5279 1693 5331 Fratres
1714 5276 1841 5330 Ordinis
1859 5277 2006 5331 Fratrum
2027 5279 2278 5332 Praedicatorum
2290 5279 2325 5332 in
2339 5279 2418 5333 hanc
2435 5298 2500 5335 sen-

1023 5368 1148 5420 tentiam
1162 5368 1301 5437 scriptis:
1315 5366 1442 5436 Quidum
1460 5375 1569 5419 temere
1583 5366 1770 5419 sentientes...
1781 5365 1844 5419 Nos
1857 5383 1955 5435 ergo...
1967 5366 2160 5433 declaramus
2174 5366 2263 5438 quod,
2275 5365 2300 5421 si
2315 5367 2400 5422 vobis
2414 5368 2500 5424 detur

1022 5454 1165 5509 licentia...
1177 5472 1193 5507 a
1207 5454 1311 5523 legatis
1325 5454 1494 5524 praedictae
1509 5453 1596 5507 Sedis
1611 5451 1815 5523 tapostolicael
1831 5461 1879 5506 aut
1893 5453 2048 5508 ordinariis
2062 5454 2202 5522 locorum,
2213 5454 2321 5509 nedum
2335 5473 2353 5509 a
2366 5456 2499 5511 Romano

1021 5542 1201 5608 Pontitice,...
1214 5542 1306 5595 libere
1327 5541 1498 5613 praedicare
1513 5541 1646 5611 potestis,
1660 5541 1760 5594 audire
1781 5540 1983 5595 consessiones
1997 5552 2027 5595 et
2044 5542 2198 5596 absolvere
2217 5542 2304 5597 vobis
2324 5544 2500 5598 confitentes

1021 5646 1056 5683 ac
1075 5628 1272 5700 poenitentias
1292 5629 1377 5682 vobis
1398 5628 1605 5682 coutitentilius
1625 5627 1777 5698 iniungere
1797 5629 1948 5695 salutares,
1965 5630 2088 5683 aliorum
2110 5629 2278 5684 interiorum
2299 5631 2498 5702 praelatorum

1020 5726 1049 5771 et
1060 5725 1204 5771 rectorum
1217 5716 1416 5773 ecelesiarum,
1425 5715 1609 5770 saeerrlotiun
1621 5716 1831 5786 parochialium
1844 5733 1964 5770 assensu
1975 5717 2140 5771 nullatenus
2151 5717 2302 5789 requisit0,
2311 5717 2370 5773 illis
2380 5718 2498 5774 casibus

987 5854 991 5859 .
1020 5805 1161 5876 exeeptis,
1175 5804 1224 5876 qui
1238 5805 1275 5858 de
1290 5806 1359 5870 iure,
1372 5804 1585 5858 eonsuettuline
1598 5821 1651 5855 seu
1665 5803 1829 5857 retentione
1844 5805 1880 5856 ab
1895 5804 1937 5857 eis
1957 5804 2125 5875 specialiter
2139 5804 2227 5871 sacta,
2246 5805 2327 5873 Sedi,
2346 5806 2454 5878 legatis
2468 5815 2498 5862 et

1020 5893 1173 5947 ordinariis
1188 5893 1345 5965 praedictis
1358 5891 1527 5962 specialiter
1547 5892 1755 5961 relmquuutur‚
1773 5889 1811 5944 ad
1824 5909 1898 5962 quos
1917 5909 1975 5945 non
1990 5891 2059 5946 licet
2078 5910 2131 5946 vos
2144 5910 2248 5947 manus
2261 5893 2423 5949 extendere
2441 5894 2496 5950 nisi

1020 5984 1105 6039 rolris
1124 5981 1292 6054 specialiter
1312 5979 1555 6033 coiuruittautur...
1578 5979 1637 6032 Th.
1663 5978 1796 6050 ltipoll.
1820 5980 1996 6032 Buttorium
2020 5980 2148 6035 Ordinis
2166 5981 2313 6034 Fratrum
2333 5982 2497 6037 Praedica-

1020 6078 1127 6126 torum.
1153 6072 1274 6138 Romae,
1300 6070 1377 6131 1729,
1400 6075 1418 6120 t.
1443 6068 1463 6128 1,
1487 6085 1514 6136 p.
1537 6070 1598 6120 455.
1625 6064 1684 6120 Cfr.
1711 6067 1893 6135 Potthast,
1918 6067 2046 6139 Regesta
2071 6067 2252 6142 Pontificum
2281 6070 2497 6139 Romanorum,

1019 6159 1157 6229 Berolini‚
1179 6160 1255 6222 1875,
1270 6156 1326 6211 vol.
1341 6157 1376 6222 11,
1391 6173 1417 6227 p.
1434 6157 1509 6221 latro,
1523 6165 1558 6208 11⁰
1574 6157 1667 6211 19216.
1971 6148 1973 6151 ’
2158 6150 2161 6157 ’
