6700 7992
1053 2394 1712 2528 QUODLIBETUM
1781 2394 2274 2503 SECUNDUM

1519 2863 1762 2947 QUAEsno
1786 2864 1809 2927 1.

937 3107 1079 3183 Utrum
1109 3105 1251 3180 anima
1284 3105 1435 3182 Christi
1462 3105 1505 3180 in
1535 3106 1668 3181 triduo
1687 3106 1824 3208 fuerit
1850 3105 1986 3208 aliquo
2015 3107 2129 3180 inodo
2158 3106 2350 3206 impedita
2379 3134 2404 3181 a

962 3237 1217 3339 plenitudine
1244 3238 1504 3313 beatitudinis
1531 3239 1688 3314 ratione
1715 3265 1813 3314 snae
1840 3239 2110 3338 separationis
2138 3266 2164 3313 a
2193 3248 2367 3340 corpore.

1018 3569 1287 3652 Quaerebantur
1314 3569 1486 3652 quaedam
1515 3567 1608 3634 circa
1632 3567 1808 3634 Christum
1836 3568 1895 3652 qui
1924 3579 1977 3634 est
2005 3579 2139 3634 creator
2169 3567 2203 3632 in
2236 3580 2404 3652 quantum

929 3686 1037 3764 DeuS,
1055 3694 1089 3749 et
1105 3684 1216 3769 primo
1241 3707 1348 3749 unum
1374 3684 1552 3768 pertinens
1580 3684 1625 3749 ad
1653 3683 1768 3769 ipsum
1792 3686 1986 3750 secundum
2012 3696 2170 3749 naturam
2186 3686 2374 3749 humanum
2397 3684 2404 3719 ¹

929 3813 1095 3886 quantum
1125 3801 1169 3864 ad
1196 3800 1357 3880 animam,
1374 3799 1507 3866 scilicet
1534 3811 1647 3864 utrum
1677 3799 1792 3864 anima
1821 3799 1949 3864 Christi
1972 3799 2008 3864 in
2032 3799 2146 3865 triduo
2170 3799 2273 3864 fuerit
2290 3799 2405 3884 aliquo

929 3916 1034 3982 modo
1066 3915 1231 4001 impedita
1264 3937 1284 3979 a
1315 3915 1531 4001 plenitudine
1562 3915 1788 3982 beatitudinis
1820 3915 1955 3981 ratione
1994 3937 2079 3981 suae
2118 3915 2350 4001 separationis
2385 3936 2405 3979 a

928 4052 1087 4117 corpore.
1105 4031 1148 4096 Et
1172 4034 1383 4118 arguebatur
1407 4032 1502 4116 quod
1526 4031 1642 4096 anima
1667 4031 1794 4096 Christi
1819 4031 1855 4096 in
1882 4030 1997 4096 triduo
2021 4030 2140 4097 mortis
2165 4030 2281 4115 aliquo
2298 4032 2405 4096 modo

928 4147 1030 4212 fuerit
1056 4146 1224 4233 impedita
1247 4169 1268 4212 a
1292 4146 1509 4233 plenitudine
1536 4147 1771 4226 beatitudinis
1796 4146 1877 4232 quia
1905 4147 2031 4211 modus
2056 4147 2226 4233 operandi
2251 4146 2406 4232 sequitur

928 4262 1071 4328 modum
1091 4263 1227 4328 assandi
1250 4262 1396 4350 agentis.
1422 4262 1565 4345 Quanto
1590 4261 1706 4350 ergo²
1729 4284 1840 4350 agens
1864 4263 1971 4328 habet
1995 4261 2237 4347 perfectiorem
2263 4262 2405 4327 modum

929 4378 1070 4444 essendi
1104 4389 1201 4444 tanto
1239 4377 1481 4465 perfectiorem
1518 4380 1624 4444 habet
1663 4379 1805 4443 modum
1842 4378 2022 4463 operandi.
2057 4378 2128 4444 Sed
2160 4377 2276 4443 anima
2307 4377 2406 4443 cuius

929 4493 1085 4579 operatio
1109 4505 1163 4561 est
1185 4494 1366 4559 beatitudo
1394 4493 1637 4579 perfectiorem
1662 4495 1804 4558 modum
1833 4493 1973 4560 essendi
1997 4494 2104 4559 habet
2126 4515 2205 4559 cum
2230 4503 2283 4559 est
2311 4494 2407 4558 unita

928 4609 1066 4695 corpori
1091 4632 1194 4695 quam
1219 4631 1298 4676 cum
1322 4621 1375 4676 est
1399 4632 1419 4675 a
1443 4630 1590 4695 corpore
1613 4621 1785 4694 separata,
1816 4620 1855 4675 ut
1885 4621 1980 4694 patet
2010 4630 2072 4696 per
2098 4609 2334 4697 Augustinum
2359 4612 2405 4694 (l)

929 4725 1139 4792 duodecimo
1166 4747 1273 4812 super
1300 4725 1477 4792 Genesim.
1503 4725 1622 4808 Quare
1651 4725 1817 4809 quamdiu
1841 4737 1894 4790 est
1921 4737 2082 4810 separata
2109 4725 2223 4790 minus
2251 4735 2305 4790 est
2332 4746 2406 4811 per·

927 4841 1019 4907 fecta
1043 4841 1201 4926 operatio
1224 4840 1459 4908 beatitudinis.

1018 4956 1159 5022 Contra.
1198 4957 1311 5023 Actus
1350 4967 1384 5022 et
1422 4956 1646 5043 operationes
1685 4966 1766 5021 sunt
1804 4955 2076 5041 suppositorum.
2117 4957 2281 5022 Manente
2320 4977 2406 5047 ergo

929 5073 1054 5138 eodem
1093 5071 1279 5158 supposito
1318 5071 1464 5137 alicuius
1501 5084 1646 5137 naturae
1678 5072 1871 5156 aliqualiter
1901 5072 2068 5156 perfecta
2101 5071 2163 5136 erit
2192 5071 2295 5137 etiam
2331 5071 2406 5136 eius

929 5187 1073 5253 omnis³
1101 5187 1258 5274 operatio
1283 5209 1395 5273 aeque
1419 5188 1583 5273 perfecta.
1603 5189 1674 5255 Sed
1699 5187 1815 5252 anima
1839 5187 1967 5252 Christi
1992 5209 2064 5253 non
2087 5186 2209 5252 habuit
2235 5186 2404 5252 rationem

929 5303 1102 5389 suppositi
1133 5302 1200 5368 nisi
1232 5324 1274 5369 ex
1311 5303 1497 5389 supposito
1529 5303 1648 5369 divino
1680 5325 1792 5389 aeque
1824 5303 1992 5389 perfectu,
2029 5323 2108 5368 curn
2141 5313 2214 5368 erat
2245 5313 2406 5389 separata

929 5419 1044 5484 anima
1068 5418 1158 5485 sicut
1182 5439 1261 5484 curn
1286 5429 1339 5484 est
1363 5418 1501 5505 corpori
1525 5418 1723 5485 coniuncta.
1749 5419 1868 5502 Quare
1893 5430 1927 5484 et
1950 5429 2076 5484 cetera.

1020 5735 1027 5763 ¹
1041 5740 1173 5785 naturam
1187 5733 1353 5801 humanam]
1369 5732 1525 5785 humanam
1545 5739 1678 5784 naturam
1693 5731 1723 5785 P.
1747 5764 1779 5770 -
1799 5732 1867 5784 ²est
1880 5732 1949 5783 aaa.
1964 5732 1995 5785 P.
2019 5763 2051 5770 —
2074 5731 2162 5785 ”eius
2184 5732 2279 5785 omnis
2312 5732 2406 5787 omnis

920 5819 992 5875 >eius
1005 5821 1037 5875 Ρ.

1019 6039 1322 6110 mauman
