6700 7992
880 3893 981 3948 cod.V

844 3965 893 4019 fol.
904 3969 957 4020 264
971 3966 1010 4019 lla

1041 1394 1092 1449 roo
1406 1381 1598 1450 tramsim
1626 1394 1846 1451 conanum
1876 1394 1927 1449 un
1955 1380 2154 1449 sommus

1036 1576 1202 1661 quamde
1227 1598 1266 1642 se
1289 1578 1404 1641 habet.
1430 1577 1510 1642 Non
1536 1576 1626 1642 enim
1653 1576 1704 1642 sic
1728 1576 1862 1662 perficit
1878 1598 1954 1642 eam
1980 1576 2074 1660 quod
2092 1575 2204 1660 ipsam
2222 1574 2230 1609 ¹
2247 1571 2519 1660 faciat²perfec·

1035 1692 1157 1759 tiorem
1182 1691 1517 1773 substantialitatem,
1543 1692 1623 1776 quia
1649 1714 1714 1757 sua
1738 1691 2012 1757 substantialitas
2034 1712 2124 1775 quae
2149 1691 2193 1757 de
2217 1712 2256 1757 se
2280 1690 2347 1757 sibi
2371 1692 2520 1756 debetur

1034 1808 1200 1874 convenit
1232 1808 1298 1873 sibi
1333 1810 1528 1874 secundum
1560 1809 1708 1895 gradum
1738 1831 1823 1873 suae
1857 1807 2031 1873 essentiae
2056 1806 2312 1872 invariabiliter.
2337 1806 2409 1874 Sed
2434 1806 2517 1891 quia

1034 1924 1111 2010 ipsa
1136 1926 1248 1990 forma
1263 1923 1500 1991 substantialis
1518 1937 1570 1989 est
1587 1924 1862 1990 substantialitas
1879 1925 2051 2009 quaedam
2069 1923 2256 2009 perfectior
2273 1924 2353 2008 quia
2370 1923 2518 1989 actualis

1035 2079 1076 2088 -
1094 2062 1166 2106 non
1183 2040 1264 2126 quia
1280 2042 1408 2106 habeat
1425 2062 1504 2107 esse
1521 2042 1716 2106 secundum
1734 2062 1782 2119 se,
1800 2040 1864 2106 sed
1881 2062 1950 2125 qua
1967 2038 2097 2124 aliquid
2122 2041 2228 2106 habet
2245 2038 2448 2126 simpliciter
2465 2079 2519 2120 —,

1035 2156 1115 2223 ideo
1148 2157 1381 2242 compositum
1414 2178 1456 2222 ex
1492 2156 1634 2222 materia
1670 2167 1704 2221 et
1737 2157 1848 2222 forma
1880 2166 1948 2222 est.
1968 2156 2145 2240 quoddam
2186 2177 2249 2221 ens
2288 2155 2518 2222 substantiale

1034 2274 1226 2358 perfectum
1257 2274 1352 2357 quod
1377 2295 1448 2338 non
1473 2272 1638 2338 convenit
1673 2272 1847 2338 materiae.
1885 2271 1991 2338 Nou³
2026 2282 2141 2337 tamen
2177 2271 2254 2358 ipsa
2292 2272 2404 2337 forma
2437 2292 2517 2338 cum

1034 2388 1177 2454 materia
1204 2389 1334 2454 faceret
1359 2388 1409 2453 sic
1434 2411 1540 2453 unum
1567 2388 1800 2474 compositum
1825 2388 2064 2467 substantiale,
2089 2387 2154 2452 nisi
2180 2387 2323 2454 materia
2348 2398 2382 2452 et
2407 2388 2519 2453 forma

1035 2517 1154 2571 essent
1170 2504 1443 2570 substantialitas
1460 2505 1632 2589 quaedam
1657 2503 1895 2584 essentialiter,
1918 2505 2007 2569 haec
2031 2504 2240 2589 potentialis
2258 2506 2347 2570 haec
2372 2503 2518 2569 actualis

1035 2621 1129 2686 dicto
1154 2622 1269 2686 modu.
1295 2622 1376 2686 Non
1405 2621 1500 2705 quod
1524 2620 1719 2685 substantia
1749 2621 1842 2686 dicat
1875 2619 2051 2704 aliquam*
2083 2642 2155 2686 rem
2188 2619 2443 2686 indifferentem
2472 2620 2518 2684 ad

1035 2737 1212 2802 materiam
1229 2748 1263 2803 et
1288 2738 1442 2817 formam,
1467 2735 1541 2802 sive
1565 2736 1665 2800 aliam
1691 2739 1734 2801 ab
1760 2748 1914 2821 utraque,
1940 2736 2003 2801 sed
2027 2735 2104 2822 ipsa
2128 2735 2428 2801 substantialitas⁶
2444 2757 2518 2802 non

1035 2864 1088 2919 est
1118 2852 1184 2918 nisi
1219 2854 1274 2918 vel
1309 2852 1540 2931 materialitaS,
1573 2853 1627 2918 vel
1660 2852 1775 2937 aliqua
1807 2852 1999 2933 actualitas,
2032 2853 2086 2917 vel
2120 2852 2249 2937 aliquid
2286 2851 2439 2919 existens
2475 2873 2517 2918 ex

1035 2979 1192 3054 utroque.
1218 2968 1399 3035 Consimili
1430 2990 1514 3055 ergo
1548 2968 1692 3044 ratione,
1718 2969 1746 3033 si
1780 2969 1891 3033 forma
1914 2969 2053 3056 generis
2079 2968 2214 3034 scilieet
2240 2967 2517 3034 substantialitas

1035 3085 1119 3152 dicit
1150 3084 1298 3170 aliquam
1334 3085 1659 3150 substantialitatem
1694 3084 1872 3150 formalem
1909 3086 2168 3171 incompletarn,
2204 3085 2315 3151 forma
2349 3085 2518 3171 specifica

1035 3201 1171 3268 realiter
1194 3212 1227 3267 et
1260 3201 1440 3266 actualiter
1462 3202 1507 3265 ab
1536 3222 1578 3266 ea
1602 3201 1768 3266 differens
1802 3222 1874 3265 non
1900 3200 2003 3266 faciet
2031 3199 2274 3286 perfectiorem
2299 3201 2411 3286 ipsam
2436 3203 2517 3267 sub·

1035 3318 1291 3385 stantialitatem
1327 3316 1458 3402 primae
1495 3317 1647 3395 formae;
1684 3328 1718 3381 et
1754 3317 1805 3383 sic
1840 3316 2054 3402 corporeitas
2085 3316 2202 3382 addita
2235 3317 2518 3383 substantialitati

1036 3456 1106 3500 non
1132 3433 1254 3499 addit⁶
1278 3433 1406 3518 aliquid
1431 3454 1501 3517 quo
1526 3431 1798 3497 substantialitas
1829 3434 2045 3518 praecedens
2069 3433 2113 3497 sit
2137 3433 2323 3518 perfectior
2356 3435 2517 3499 substan·

1036 3550 1171 3629 tialitas,
1204 3550 1268 3615 sed
1292 3550 1405 3614 solum
1429 3569 1499 3632 quo
1524 3558 1632 3613 totum
1658 3548 1701 3613 sit
1726 3549 1902 3633 quoddam
1928 3547 2117 3634 perfectius
2153 3569 2216 3619 ens
2240 3550 2376 3614 habens
2400 3550 2517 3635 plures

1038 3665 1274 3752 perfectiones
1299 3687 1444 3750 quarum
1468 3687 1539 3729 una
1563 3677 1615 3730 est
1650 3663 1933 3743 substantialitas
1967 3664 2033 3729 alia
2067 3686 2150 3730 vero
2184 3686 2256 3730 non
2281 3675 2334 3730 est
2357 3666 2517 3731 substan·

1038 3780 1173 3847 tialitas.
1206 3782 1352 3866 Propter
1376 3781 1470 3866 quod
1496 3780 1597 3846 etiam
1622 3779 1700 3866 ipsa
1733 3781 1844 3845 forma
1874 3780 2040 3865 specifica
2072 3803 2142 3844 non
2175 3781 2287 3846 solum
2316 3802 2388 3846 non
2412 3773 2545 3847 faciet

1038 3896 1363 3962 substantialitatem
1390 3898 1394 3979 Ι
1420 3896 1673 3981 perfectiorem,
1691 3896 1796 3962 immo
1814 3896 1916 3962 etiam
1941 3917 2007 3962 nec
2024 3896 2349 3962 substantialitatem
2366 3896 2516 3981 aliquam

1038 4012 1153 4093 faciet,
1188 4011 1255 4077 nisi
1289 4012 1372 4098 ipsa¹
1395 4012 1506 4078 forma
1539 4011 1705 4097 specifica
1738 4012 1782 4077 sit
1818 4012 2048 4078 essentialiter
2072 4023 2106 4078 et
2137 4012 2325 4078 formaliter
2357 4014 2517 4078 substan·

1037 4129 1163 4195 tialitas
1188 4130 1371 4213 quaedam,
1397 4128 1505 4194 etsie
1529 4128 1629 4193 simul
1653 4149 1732 4194 cum
1758 4127 1869 4214 prima
1893 4128 2004 4193 forma
2028 4129 2158 4194 faceret
2188 4129 2363 4213 quandam
2388 4150 2516 4195 novam

1037 4244 1267 4311 substantiam
1314 4244 1495 4324 actualem,
1541 4255 1574 4309 et
1614 4257 1732 4309 essent
1772 4245 1863 4309 duae
1903 4242 2242 4309 substantialitates⁷
2280 4245 2443 4311 formales
2483 4255 2518 4312 et

1037 4362 1201 4439 actuales,
1234 4360 1339 4425 immo
1364 4361 1480 4445 plures
1505 4359 1605 4425 simul
1631 4360 1664 4424 in
1690 4360 1826 4426 eodem.
1858 4361 1938 4425 Hoc
1962 4370 2077 4426 autem
2111 4371 2163 4425 est
2187 4359 2411 4447 impossibile,
2436 4361 2518 4446 quia

1037 4477 1071 4542 in
1095 4498 1227 4564 genere
1251 4474 1484 4542 accidentium
1509 4486 1562 4540 est
1586 4475 1800 4562 impossibile
1835 4477 1918 4541 dare
1943 4477 2030 4541 duas
2064 4476 2192 4541 formas
2221 4475 2457 4542 accidentales
2481 4477 2516 4543 in

1037 4594 1173 4671 eodem,
1209 4591 1275 4657 nisi
1306 4592 1374 4657 sint
1399 4592 1612 4657 diversorum
1649 4613 1818 4680 generum
1855 4613 1926 4657 non
1962 4591 2220 4658 subalternatim
2257 4592 2450 4678 positorum
2483 4604 2519 4659 et

1037 4711 1159 4775 saltem
1199 4709 1413 4773 diversarum
1454 4708 1649 4794 specierum
1691 4708 1944 4794 disparatarum
1983 4708 2227 4793 pertinentium
2260 4709 2304 4773 ad
2342 4708 2518 4795 disparata

1036 4847 1168 4914 genera
1193 4823 1391 4910 propinqua
1415 4847 1486 4889 non
1512 4823 1773 4889 subalternatim
1798 4823 1923 4909 posita.
1941 4824 2035 4911 Ergo
2060 4824 2214 4890 similiter
2237 4845 2304 4890 nec
2327 4824 2361 4889 in
2386 4846 2517 4912 genere

1037 4941 1253 5007 substantiae
1277 4951 1442 5026 poterunt
1466 4939 1611 5005 inveniri
1636 4941 1754 5026 plures
1780 4940 1911 5005 formae
1943 4939 2189 5005 substantiales
2222 4940 2257 5004 in
2291 4942 2426 5021 eodem,
2451 4939 2517 5006 nisi

1036 5058 1233 5144 pertineant
1256 5058 1301 5121 ad
1326 5056 1465 5122 diversa
1498 5077 1630 5143 genera
1663 5077 1736 5121 non
1771 5055 2032 5121 subalternatim
2063 5056 2178 5142 posita
2193 5054 2214 5135 ⁸,
2239 5056 2293 5121 vel
2326 5057 2448 5122 saltem
2472 5056 2517 5121 ad

1038 5174 1193 5241 diversas
1217 5171 1355 5259 species
1380 5194 1451 5237 non
1477 5171 1739 5237 subalternatim
1763 5171 1906 5256 positas.
1930 5171 2002 5238 Sed
2026 5173 2094 5237 hoc
2118 5182 2170 5237 est
2194 5170 2419 5258 impossibile,
2437 5172 2518 5258 quia

1038 5302 1120 5356 tunc
1156 5288 1297 5373 aliquod
1333 5310 1439 5353 unum
1477 5288 1512 5352 in
1548 5309 1679 5375 genere
1714 5287 1930 5353 substantiae
1955 5299 2048 5354 esset
2083 5287 2116 5352 in
2154 5287 2300 5354 diversis
2328 5287 2517 5376 generibus

1038 5405 1255 5472 substantiae
1279 5403 1541 5470 subalternatim
1567 5392 1699 5489 positis.
1725 5404 1819 5491 Ergo
1844 5414 1879 5469 et
1902 5415 2027 5470 cetera.

1126 5521 1164 5587 Si
1189 5532 1305 5586 autem
1331 5519 1465 5584 dicatur
1488 5521 1583 5604 quod
1608 5520 1720 5584 forma
1744 5519 1909 5605 specifica
1934 5520 2149 5586 substantiae
2181 5542 2253 5586 non
2289 5519 2333 5585 sit
2357 5522 2517 5586 substan·

1037 5638 1162 5703 tialitas
1186 5639 1358 5722 quaedam
1383 5635 1621 5715 determinata,
1646 5635 1735 5701 sicut
1760 5635 1869 5721 prima
1894 5637 2004 5701 forma
2029 5636 2244 5702 substantiae
2268 5636 2410 5722 ponitur
2436 5658 2516 5703 esse

1127 5922 1213 5994 ¹ipsa
1227 5923 1257 5976 P.
1272 5953 1305 5962 -
1326 5922 1404 5975 ὀνκ,
1424 5921 1455 5975 P.
1469 5952 1502 5960 -
1517 5922 1527 5953 ³
1540 5929 1642 5975 contra
1662 5921 1696 5983 V,
1717 5921 1827 5974 lacerna
1840 5922 1871 5975 P.
1886 5953 1918 5961 -
1939 5921 2049 5974 ‘aliam
2069 5922 2101 5976 P.
2121 5952 2154 5961 -
2175 5923 2185 5954 ⁶
2203 5939 2258 5976 om.
2278 5922 2312 5977 V.
2332 5952 2365 5962 -
2385 5924 2397 5955 θ
2415 5940 2470 5977 om.
2483 5919 2515 5979 P.

1037 6042 1070 6053 —
1092 6011 1101 6044 ²
1119 6010 1301 6066 substantiae
1320 6009 1530 6063 substantiales
1550 6009 1580 6062 P.
1601 6041 1633 6048 -
1655 6011 1750 6080 ⁸ergo
1769 6008 1901 6063 similiter
1921 6042 1954 6048 —
1973 6009 2080 6080 posita]
2101 6027 2156 6063 om.
2170 6011 2201 6066 P.
