6700 7992
1184 1458 1401 1537 sacououn
1429 1478 1729 1553 Quobueerun,
1754 1480 1791 1553 Q.
1819 1478 1874 1536 vn
2214 1483 2264 1535 12³

782 1660 833 1730 sic
852 1684 925 1729 non
942 1673 996 1729 est
1012 1672 1132 1729 contra
1154 1661 1323 1727 rationem
1348 1660 1535 1749 vegetativi
1559 1673 1593 1727 et
1616 1659 1773 1726 sensitivi
1798 1661 1893 1746 quod
1917 1660 2073 1727 incidant
2089 1659 2123 1727 in
2140 1661 2263 1729 eadem

782 1782 893 1848 forma
916 1779 1054 1845 realiter
1077 1800 1155 1844 cum
1180 1779 1291 1843 forma
1309 1800 1328 1843 a
1346 1800 1415 1862 qua
1439 1788 1492 1842 est
1512 1777 1641 1862 aliquid
1666 1777 1820 1858 mixtum,
1839 1816 1879 1826 —
1897 1776 2033 1843 videtur
2057 1778 2152 1862 quod
2174 1776 2264 1843 simi·

782 1897 857 1964 liter
872 1897 908 1962 in
924 1895 1075 1963 homine.
1094 1895 1167 1960 Aut
1183 1895 1285 1960 etiam
1303 1894 1342 1974 si,
1356 1895 1551 1960 secundum
1569 1893 1667 1974 alios
1685 1894 1822 1960 realiter
1838 1894 2001 1959 differunt
2017 1893 2263 1981 vegetativum,

783 2013 986 2081 sensitivum
1010 2022 1044 2078 et
1067 2011 1209 2077 mixtum
1232 2021 1265 2077 et
1288 2012 1434 2076 suntab
1460 2010 1558 2090 intra,
1576 2031 1682 2095 quare
1701 2009 1802 2076 etiam
1820 2010 1915 2076 non¹
1940 2010 1973 2076 in
1997 2010 2139 2077 homine
2164 2020 2265 2077 erunt

784 2152 847 2218 per
869 2129 1042 2196 actionem
1059 2127 1223 2193 naturalis
1248 2126 1385 2215 agentis
1409 2126 1499 2192 sieut
1524 2126 1558 2191 in
1576 2126 1676 2192 aliis?
1701 2127 1789 2192 Cum
1815 2126 1918 2193 etiam
1943 2148 2026 2193 caro
2049 2125 2201 2193 hominis
2221 2124 2264 2193 sit

784 2244 935 2313 nobilior
956 2265 1062 2311 carne
1085 2244 1197 2324 bovis
1222 2254 1256 2309 et
1280 2264 1362 2309 caro
1387 2243 1488 2308 bovis
1512 2242 1555 2308 sit
1580 2264 1662 2309 caro
1680 2265 1700 2308 a
1717 2243 1828 2308 forma
1852 2265 1942 2328 quae
1967 2241 2196 2309 essentialiter
2212 2253 2265 2309 est

785 2385 866 2444 una,
890 2361 1026 2428 videtur
1049 2361 1151 2426 etiam
1177 2361 1272 2445 quod
1297 2381 1378 2426 caro
1402 2358 1554 2424 hominis
1571 2359 1614 2425 sit
1638 2381 1721 2426 caro
1743 2382 1764 2424 a
1788 2360 1898 2426 forma
1922 2381 2012 2444 quae
2037 2358 2266 2426 essentialiter

786 2490 839 2546 est
854 2477 1005 2545 nobilior
1019 2477 1030 2513 ²
1046 2476 1125 2543 vita.
1144 2476 1233 2543 Cum
1249 2476 1352 2542 etiam
1377 2476 1577 2541 alimentum
1594 2487 1817 2542 convertatur
1832 2475 1867 2541 in
1884 2475 2111 2541 substantiam
2136 2474 2263 2557 nutriti,

787 2596 921 2662 videtur
952 2595 1047 2680 quod
1071 2593 1196 2659 virtute
1221 2592 1399 2677 potentiae
1423 2591 1513 2657 illius
1544 2591 1760 2657 substantiae
1784 2592 1839 2658 vel
1871 2592 2002 2658 formae
2027 2591 2264 2659 substantialis

787 2734 849 2798 per
879 2733 943 2778 sua
974 2710 1202 2776 instrumenta
1227 2709 1343 2774 debita
1371 2708 1430 2773 fiat
1461 2707 1647 2774 conversio
1676 2707 1877 2774 huiusmodi
1911 2730 2013 2793 quarn
2047 2707 2180 2776 inducit
2203 2730 2266 2796 per

787 2850 825 2894 se
853 2826 994 2894 materia
1025 2825 1235 2892 nutrimenti.
1268 2825 1363 2913 Ergo
1396 2845 1475 2890 cum
1507 2824 1607 2890 cibus
1640 2835 1864 2891 convertatur
1882 2824 1917 2890 in
1952 2824 2094 2891 homine
2118 2825 2152 2891 in
2185 2826 2265 2891 sub·

787 2943 946 3011 stantiam
978 2941 1093 3010 carnis
1123 2941 1249 3007 virtute
1278 2940 1414 3007 animae
1439 2939 1657 3029 vegetativae
1686 2941 1776 3007 sicut
1800 2940 1903 3007 etiarn
1931 2940 1966 3007 in
1994 2940 2104 3021 asino,
2128 2941 2266 3007 videtur

788 3060 882 3146 quod
917 3059 1007 3126 sicut
1041 3059 1153 3124 forma
1188 3056 1426 3122 substantialis
1459 3078 1479 3122 a
1510 3079 1579 3141 qua
1609 3079 1691 3123 caro
1724 3068 1776 3124 est
1811 3078 1893 3123 caro
1924 3057 1958 3122 in
1992 3057 2093 3123 asino
2118 3069 2171 3124 est
2199 3057 2265 3123 alia

787 3177 980 3243 secundum
1004 3174 1174 3241 rationem
1198 3173 1427 3261 vegetativae,
1445 3173 1492 3238 ita
1516 3173 1618 3239 etiam
1644 3173 1708 3239 erit
1731 3173 1766 3239 in
1790 3173 1942 3240 homine.
1960 3173 1996 3241 Si
2022 3173 2124 3241 etiam
2150 3174 2267 3240 anima

789 3292 922 3380 perlicit
944 3292 980 3357 in
1004 3312 1084 3358 esse
1112 3311 1284 3376 corporeo
1312 3289 1480 3378 organico
1511 3312 1574 3376 per
1604 3289 1854 3376 dispositiones
1886 3290 2120 3358 accidentales
2153 3290 2264 3377 ipsam

789 3408 1017 3474 substantiam
1046 3407 1183 3473 animae
1214 3406 1248 3471 in
1278 3405 1476 3492 composito
1504 3405 1577 3472 sive
1606 3406 1718 3495 magis
1746 3405 1980 3494 compositum
2003 3406 2117 3494 ipsum
2141 3427 2265 3474 conse·

790 3536 947 3612 quenteS‚
975 3545 1082 3609 quare
1110 3544 1183 3589 non
1214 3522 1249 3587 in
1279 3543 1357 3589 esse
1385 3542 1559 3608 corporeo
1583 3521 1801 3589 substantiali
1828 3544 1891 3609 per
1913 3544 2011 3589 suam
2037 3522 2265 3589 substantiam

789 3639 1029 3720 immediatiuS,
1054 3639 1144 3705 sicut
1166 3650 1289 3704 natura
1313 3638 1409 3724 prius
1434 3648 1487 3704 est
1511 3659 1639 3724 corpus
1664 3661 1767 3723 quam
1792 3660 1920 3727 corpus
1948 3639 2136 3706 animatum
2164 3650 2267 3727 prout

790 3757 891 3824 etiam
919 3767 1064 3844 apparet
1092 3777 1171 3822 esse
1198 3755 1234 3820 in
1262 3755 1337 3820 aliis
1365 3754 1599 3820 animalibus?
1630 3755 1710 3821 Non
1739 3754 1876 3822 videtur
1898 3756 2000 3823 etiam
2033 3756 2266 3842 quodminus

789 3883 914 3962 potens
953 3872 996 3939 sit
1029 3874 1135 3939 homo
1167 3871 1203 3936 in
1233 3872 1439 3961 generando
1471 3893 1575 3956 quarn
1607 3871 1736 3952 asinus
1769 3873 1814 3938 ad
1851 3871 2088 3939 inducendum
2121 3873 2265 3941 formam

790 3989 938 4077 aliquam
965 3988 1229 4056 substantialem
1256 3987 1380 4054 virtute
1405 3998 1549 4054 naturae
1573 3987 1808 4055 indocibilem.
1834 3988 1871 4056 Si
1897 4010 1981 4077 ergo
1998 3988 2117 4056 asinus
2134 3988 2266 4057 inducit

790 4105 1003 4187 sensitivam,
1019 4106 1156 4171 videtur
1172 4105 1267 4190 quod
1284 4106 1393 4170 homo
1416 4103 1451 4169 in
1476 4126 1546 4189 quo
1571 4126 1641 4171 non
1670 4104 1785 4170 minus
1809 4105 1964 4191 perfecte
1981 4115 2034 4172 est
2049 4105 2164 4172 anima
2189 4128 2266 4173 sen·

789 4221 889 4290 sitiva
913 4222 1014 4292 etiam
1039 4222 1206 4288 inducere
1231 4221 1342 4308 possit
1365 4220 1566 4288 huiusmodi
1591 4221 1747 4287 sormam.

878 4537 1048 4624 Quamvis
1076 4559 1161 4626 ergo
1189 4549 1374 4623 utrumque
1402 4538 1446 4603 sit
1474 4538 1623 4618 difficile,
1655 4538 1788 4605 scilicet
1812 4561 1944 4626 ponere
1980 4561 2083 4608 unam
2120 4542 2264 4610 sormam

790 4667 924 4722 tantum
964 4655 1000 4721 in
1038 4655 1181 4721 homine
1213 4668 1247 4721 et
1277 4655 1428 4720 evadere
1459 4654 1576 4720 omnia
1608 4677 1699 4741 quae
1730 4667 1852 4722 contra
1892 4659 1960 4723 hoc
1991 4658 2199 4739 obiciuntur,
2232 4671 2266 4728 et

791 4772 892 4839 etiam
916 4793 1049 4858 ponere
1071 4772 1190 4858 plures
1214 4782 1249 4837 et
1272 4771 1445 4837 contraria
1469 4770 1609 4852 evitare,
1634 4783 1871 4839 verumtamen
1889 4773 2081 4841 difficiliora
2105 4775 2267 4843 videntur

792 4909 882 4975 quae
904 4886 1102 4955 obiciuntur
1125 4900 1247 4954 contra
1270 4901 1446 4973 ponentes
1470 4889 1597 4973 plures.
1623 4889 1731 4955 lmmo
1756 4888 1857 4956 etiarn
1883 4889 2018 4957 videtur
2042 4892 2135 4977 quod
2161 4892 2266 4979 potis·

792 5003 899 5071 simae
925 5003 1146 5070 difficultates
1173 5025 1264 5089 quae
1292 5002 1492 5069 obiciuntur
1516 5016 1639 5070 contra
1671 5016 1845 5091 ponentes
1878 5027 1983 5072 unam
2010 5008 2140 5075 habent
2163 5007 2265 5075 etiam

792 5120 981 5187 efficaciam
1011 5133 1135 5186 contra
1165 5133 1340 5206 ponentes
1375 5121 1504 5206 plures,
1536 5120 1617 5204 quia
1647 5142 1771 5188 omnes
1796 5122 1872 5189 illae
1901 5123 2091 5190 fundantur
2123 5123 2156 5192 in
2182 5124 2266 5192 (litli-

792 5239 919 5304 cultate
942 5237 1090 5303 maxima
1113 5257 1203 5321 quae
1227 5236 1400 5323 contingit
1424 5257 1466 5302 ex
1491 5238 1560 5302 boc
1583 5238 1678 5322 quod
1704 5238 1819 5304 anima
1840 5238 2016 5307 rationalis
2031 5240 2171 5327 ponitur
2187 5262 2266 5307 esse

792 5353 985 5420 substantia
1016 5352 1249 5419 immaterialis
1284 5363 1319 5418 et
1354 5374 1375 5417 a
1397 5353 1541 5419 materia
1575 5352 1819 5440 independens
1855 5378 1918 5442 pro
1950 5368 2047 5423 tanto
2071 5358 2166 5443 quod
2191 5358 2266 5445 ipsa

793 5471 837 5537 de
860 5492 899 5537 se
921 5480 975 5536 est
998 5471 1068 5535 boc
1090 5469 1220 5554 aliquid
1246 5469 1319 5535 sive
1336 5483 1454 5534 natum
1480 5490 1543 5554 per
1559 5492 1597 5536 se
1622 5471 1813 5537 subsistere
1836 5473 2046 5555 naturaliter,
2071 5486 2104 5541 et
2128 5474 2267 5561 ponitur

792 5596 908 5653 tantae
931 5585 1159 5673 simplicitatis
1184 5587 1278 5671 quod
1304 5599 1455 5650 nonest
1488 5586 1669 5652 divisibilis
1703 5609 1770 5655 nee
1802 5589 2014 5656 extensibilis
2048 5613 2114 5657 nee
2143 5613 2205 5678 per
2227 5614 2265 5657 se

793 5723 860 5770 nec
881 5724 945 5790 per
966 5701 1153 5769 accidens:
1190 5714 1224 5767 et
1256 5702 1483 5768 nihilominus
1508 5702 1581 5768 istis
1612 5726 1684 5769 non
1718 5706 1940 5772 obstantibus
1965 5706 2104 5792 ponitur
2128 5707 2265 5774 nnibilis

793 5818 956 5884 materiae
991 5818 1121 5904 primae
1157 5818 1191 5884 in
1227 5840 1317 5897 esse,
1349 5818 1395 5883 ita
1429 5819 1524 5903 quod
1559 5818 1645 5886 ‹let3
1679 5844 1758 5887 osse
1792 5822 1938 5908 primum
1972 5835 2006 5892 et
2039 5824 2265 5891 substantiale

883 6106 892 6137 ¹
909 6120 966 6158 ona
984 6104 1017 6159 P.
1035 6134 1069 6147 ·-
1087 6104 1100 6136 ’
1117 6104 1314 6158 essentialiter
1334 6135 1365 6145 -
1386 6105 1523 6173 nobilior}
1542 6106 1670 6160 nobilior
1689 6116 1734 6162 cst
1754 6107 1783 6162 l’.
1806 6142 1809 6147 -
1830 6140 1835 6147 -
1855 6110 1867 6141 ¹
1885 6108 1973 6163 debet
1994 6110 2023 6165 l'.
