6700 7992
1180 1369 1376 1439 QUARTUM
1405 1368 1704 1439 QUODLIBETUM,
1733 1367 1769 1439 Q.
1799 1367 1824 1419 V
2188 1367 2242 1418 329

761 1563 821 1600 non
841 1555 886 1599 est
906 1546 976 1600 dare
996 1564 1164 1617 supremum
1184 1556 1213 1600 et
1234 1547 1371 1600 intimum.
1393 1547 1470 1617 Ergo
1494 1545 1677 1616 impossihile
1702 1553 1748 1599 cst
1774 1545 1902 1598 infinitos
1930 1543 2054 1614 angelos
2084 1541 2241 1614 possibiles

763 1643 826 1697 lieri
847 1643 992 1714 pertinere
1014 1645 1050 1697 ad
1074 1644 1192 1698 ordines
1211 1644 1319 1708 finitos,
1340 1645 1408 1714 quia
1427 1643 1546 1696 ordines
1565 1643 1647 1708 finiti,
1670 1660 1735 1696 curn
1756 1642 1878 1713 quilibet
1897 1642 2005 1695 habeat
2025 1658 2192 1712 supremum
2211 1647 2242 1692 et

764 1740 905 1807 infimum,
932 1743 1104 1795 continent¹
1134 1750 1244 1795 tanturn
1266 1741 1363 1794 linitos
1388 1740 1505 1810 gradus.
1525 1742 1561 1794 Et
1587 1758 1638 1812 per
1667 1757 1852 1810 consequens
1877 1740 1964 1792 etiam
1993 1736 2176 1810 impossihile
2196 1744 2241 1790 est

762 1857 817 1892 eos
831 1839 977 1910 pertinere
998 1839 1035 1892 ad
1054 1839 1152 1892 linitas
1171 1838 1357 1903 hierarchias,
1378 1838 1445 1909 quia
1465 1838 1540 1892 sicut
1560 1838 1743 1909 impossibile
1763 1846 1917 1891 estonum
1937 1836 2069 1890 ordinem
2089 1836 2240 1890 continere

764 1935 893 1989 infinitas
914 1937 1037 2008 species
1063 1937 1103 1989 ita
1123 1936 1305 2007 impossihile
1332 1945 1377 1989 est
1400 1954 1485 1989 unam
1509 1935 1701 1990 hierarchiam
1722 1935 1872 1989 continere
1886 1934 2015 1988 infinitos
2034 1934 2160 1988 ordines.
2180 1932 2241 1986 Sed

763 2034 884 2088 ordines
904 2044 933 2087 et
953 2034 1134 2088 hierarchiae
1152 2052 1228 2087 nunc
1249 2033 1408 2087 existentes
1426 2042 1492 2086 sunt
1511 2033 1619 2087 linitae.
1639 2034 1718 2104 Ergo
1738 2041 1768 2086 et
1787 2041 1894 2086 cetera.
1989 2062 1991 2065 ·

854 2131 902 2185 Ad
930 2132 1073 2186 rationem
1103 2131 1257 2185 dicendum
1290 2131 1368 2202 quod
1396 2130 1578 2201 impossibile
1608 2139 1687 2184 esset
1716 2131 1813 2184 omnia
1842 2131 1970 2185 viventia
1998 2130 2149 2201 possibilia
2178 2130 2241 2182 tieri

764 2229 865 2282 reduci
895 2229 933 2283 ad
957 2229 1024 2283 illos
1049 2238 1109 2283 tres
1138 2229 1242 2282 modos
1271 2229 1425 2298 generales
1454 2228 1490 2282 de
1523 2228 1627 2299 quibus
1662 2228 1773 2281 dictum
1802 2229 1871 2281 est‘·’
1898 2229 1944 2281 vel
1974 2227 2012 2281 ad
2040 2243 2241 2298 quoscumque

766 2327 872 2381 modos
891 2327 990 2381 linitos
1010 2327 1129 2381 vivendi
1149 2327 1173 2380 si
1201 2336 1327 2398 ponatur
1352 2344 1509 2397 processus
1527 2326 1557 2379 in
1577 2326 1744 2379 viventibus
1770 2325 1798 2379 in
1826 2326 1967 2378 infinitum
1981 2326 2000 2377 ¹.
2020 2325 2107 2380 Unde
2131 2342 2241 2396 ponere

766 2442 938 2496 processum
965 2426 1136 2496 possibilem
1163 2425 1191 2477 in
1216 2423 1382 2477 infinitum¹
1408 2424 1437 2476 in
1457 2423 1623 2477 uiuentibus
1643 2432 1672 2476 et
1691 2441 1802 2494 ponere
1822 2424 1919 2476 omnia
1938 2422 2067 2477 viventia
2089 2422 2242 2495 possibilia
2339 2471 2357 2526 d
2378 2473 2399 2525 S

766 2522 829 2576 fieri
857 2527 860 2590 l
886 2522 987 2576 reduci
1019 2523 1056 2575 ad
1082 2523 1202 2576 dictos¹
1232 2531 1291 2575 tres
1318 2522 1422 2575 modos
1453 2523 1497 2575 rel
1531 2521 1568 2575 ad
1602 2538 1804 2592 quoscumque
1836 2520 1942 2574 modos
1973 2521 2080 2583 linitos
2112 2519 2242 2591 implicat
2269 2490 2424 2599 foffigvb

766 2619 995 2674 contradictoria
1010 2622 1028 2673 ¹.
1049 2620 1134 2675 l'nde
1148 2619 1217 2673 licet
1237 2619 1407 2690 simpliciter
1425 2637 1536 2690 ponere
1556 2636 1727 2690 processum
1750 2618 1778 2671 in
1797 2618 1940 2672 infinitum
1955 2618 2163 2672 invisentibus
2184 2636 2242 2672 non

767 2718 805 2771 sit
829 2718 905 2772 hene
932 2717 1125 2789 intelligibile,
1151 2735 1208 2770 non
1235 2724 1333 2770 tamen
1359 2717 1493 2770 absolute
1518 2733 1630 2788 ponere
1656 2716 1744 2769 talem
1776 2733 1948 2787 processum
1975 2716 2003 2769 in
2032 2716 2174 2769 inlinitum
2203 2715 2243 2769 ita

767 2815 920 2869 evidenter
939 2814 1070 2886 implicat
1090 2814 1317 2869 contradictoria
1337 2814 1413 2868 sicut
1432 2832 1542 2884 ponere
1563 2831 1627 2867 cum
1654 2815 1704 2867 tali
1728 2831 1867 2885 processu
1891 2814 2092 2867 reductionem
2115 2813 2243 2866 omnium

768 2912 953 2985 possibilium
974 2914 1011 2967 ad
1031 2913 1134 2966 modos
1154 2913 1252 2966 finitos
1271 2913 1334 2966 sive
1354 2912 1392 2965 ad
1411 2930 1521 2982 genera
1540 2912 1629 2965 tinita.

1345 3278 1612 3348 Quousrro
1643 3279 1668 3330 v

1424 3432 1587 3479 (BREVISi.

897 3616 1006 3671 curum
1028 3615 1105 3668 idem
1124 3620 1232 3685 corpus
1246 3616 1342 3686 possit
1360 3615 1471 3667 ur'rlule
1490 3614 1595 3668 {licina
1614 3632 1674 3667 esse
1693 3614 1828 3666 localiter
1846 3614 1879 3666 iu
1895 3614 2035 3686 pluribus
2054 3615 2125 3667 Iocis

1091 3717 1148 3783 per
1166 3731 1196 3765 se
1214 3717 1243 3765 el
1259 3713 1324 3765 sine
1343 3713 1531 3765 conversione
1550 3711 1678 3765 alterius
1698 3711 1729 3764 in
1749 3713 1848 3783 ipsum
1864 3716 1912 3778 (l).

873 3984 876 4048 ζ
903 3981 1010 4033 Postea
1034 3980 1228 4049 quaerebatur
1250 3996 1337 4032 unum
1363 3977 1400 4031 de
1424 3986 1527 4032 natura
1550 3996 1624 4050 pure
1644 3979 1791 4050 corporali
1810 3979 1838 4031 in
1859 3979 1999 4047 generali,
2019 3989 2115 4034 utrum
2135 3979 2249 4032 scilicet
2281 3956 2432 4082 sololidh'd

769 4078 848 4132 idem
875 4095 982 4148 corpus
1008 4077 1102 4147 possit
1133 4076 1239 4129 virtute
1268 4075 1388 4129 diuina¹
1416 4093 1482 4129 csse
1510 4076 1643 4130 localiter
1671 4075 1701 4129 in
1729 4077 1862 4148 pluribus
1887 4076 1961 4130 locis
1988 4095 2041 4147 per
2066 4094 2098 4130 se
2124 4084 2154 4130 et
2185 4077 2248 4130 sine
2324 4066 2352 4082 ἰ

766 4176 962 4231 conversione
983 4175 1102 4228 alterius
1127 4174 1156 4226 in
1182 4174 1284 4244 ipsum.
1311 4173 1347 4226 Et
1373 4175 1504 4243 arguitur
1530 4173 1609 4244 quod
1634 4173 1687 4241 sic,
1713 4174 1781 4244 quia
1807 4174 1886 4244 quod
1916 4174 1996 4227 Deus
2025 4183 2124 4245 potest
2149 4173 2249 4228 facere

769 4291 823 4344 per
847 4272 975 4326 medium
1003 4280 1102 4342 potest
1127 4270 1225 4324 facere
1245 4270 1308 4324 sine
1334 4270 1440 4324 medio,
1466 4271 1526 4324 Sed
1555 4271 1704 4325 mediante
1724 4271 1919 4325 conversione
1945 4270 2016 4326 facit
2044 4271 2122 4326 idem
2143 4289 2250 4344 corpus

770 4370 879 4425 Christi
899 4387 965 4423 esse
985 4370 1014 4422 in
1033 4369 1165 4440 pluribus
1180 4370 1190 4399 ¹
1208 4368 1289 4421 locis.
1309 4369 1413 4438 Ergo¹
1431 4376 1532 4439 potest
1551 4347 1651 4422 facere
1671 4369 1734 4423 sine
1754 4368 1806 4423 tali
1825 4368 2018 4424 conversione
2034 4372 2062 4423 ¹⁰.

739 4444 746 4456 ’
859 4467 978 4521 Contra.
1010 4466 1099 4537 Quod
1124 4475 1169 4520 est
1194 4465 1301 4520 alicubi
1328 4465 1462 4520 localiter
1493 4474 1523 4519 et
1548 4466 1809 4539 circumscriptive‚
1841 4476 1887 4521 est
1916 4467 1956 4521 ita
1989 4468 2029 4520 ibi
2061 4468 2140 4539 quod
2168 4477 2251 4522 extra

770 4562 868 4616 locum
889 4563 969 4616 illum
989 4561 1058 4616 nihil
1078 4562 1140 4614 eius
1160 4571 1213 4615 est.
1239 4561 1298 4614 Sed
1318 4560 1343 4614 sl
1368 4578 1434 4614 cum
1464 4563 1521 4616 hoc
1549 4569 1708 4633 poneretur
1727 4562 1805 4627 alibi,
1826 4561 1923 4633 ipsum
1951 4572 2032 4617 esset
2060 4572 2142 4617 extra
2169 4563 2251 4617 illum

771 4662 870 4717 locum
886 4663 914 4728 ¹¹,
945 4659 1013 4731 quia
1032 4659 1111 4730 quod
1130 4667 1175 4712 est
1200 4660 1247 4712 hic
1269 4658 1309 4713 ita
1335 4658 1415 4729 quod
1441 4658 1519 4723 alibi,
1539 4667 1584 4713 est
1606 4659 1646 4713 ita
1669 4659 1715 4714 hic
1736 4660 1815 4731 quod
1835 4677 1902 4713 curn
1922 4661 1979 4714 hoc
1998 4669 2044 4714 est
2062 4670 2145 4715 extra
2165 4662 2251 4715 istum

770 4759 878 4814 locum.
898 4758 977 4829 Ergo
996 4765 1077 4811 esset
1101 4760 1105 4824 1
1131 4756 1215 4810 simul
1240 4756 1318 4810 idem
1344 4764 1426 4810 extra
1451 4756 1540 4810 istum
1568 4757 1665 4811 locum
1694 4765 1724 4811 et
1749 4774 1808 4811 non
1833 4766 1917 4812 extra
1941 4758 2028 4812 istum
2057 4758 2163 4813 locum.
2191 4759 2252 4814 Sed
2310 4738 2413 4792 ΕΘΗ
2430 4812 2445 4849 b

769 4857 826 4911 hoc
842 4856 973 4927 implicat
993 4854 1221 4909 contradictoria
1236 4855 1264 4907 ¹¹.
1284 4854 1363 4925 Ergo
1382 4863 1412 4908 et
1431 4862 1539 4908 cetera.
2271 4809 2323 4864 Μ’
2340 4811 2428 4864 1th

862 4953 1040 5025 Respondeo
1066 4952 1223 5007 dicendum
1249 4951 1327 5022 quod
1354 4951 1464 5023 aliquid
1484 4951 1641 5025 dupliciter
1659 4960 1759 5024 potest
1775 4954 1795 4986 ¹¹
1818 4970 1885 5008 esse
1905 4953 1935 5007 in
1953 4955 2021 5009 loco
2037 4956 2067 5020 ¹⁴,
2085 4973 2144 5009 uno
2164 4955 2253 5011 modo

772 5069 827 5124 per
852 5069 884 5106 se
910 5050 973 5104 sive
998 5050 1056 5104 hoc
1081 5051 1118 5103 sit
1141 5048 1291 5103 definitive
1315 5057 1428 5103 tanturn
1455 5057 1576 5122 propter
1595 5049 1800 5105 limitationem
1825 5061 1948 5105 naturae
1967 5051 2044 5106 sicut
2062 5052 2092 5106 in
2112 5053 2254 5109 creaturis

863 5314 1017 5370 ¹continet
1031 5315 1064 5370 C.
1083 5346 1117 5355 —
1137 5314 1270 5369 ¹dictum
1291 5317 1345 5384 est]
1366 5332 1422 5368 om.
1437 5315 1472 5383 ὃς
1492 5316 1561 5370 add.
1574 5330 1610 5370 aa
1622 5333 1661 5371 m.
1675 5316 1705 5370 S.
1724 5347 1758 5357 -
1778 5316 1831 5370 ¹in
1844 5349 1878 5358 -
1892 5317 2047 5389 infinitum]
2068 5320 2098 5374 in
2110 5319 2255 5376 infinitum

771 5404 802 5458 in
821 5403 991 5458 viventibus
1011 5402 1043 5457 C.
1063 5434 1096 5443 -
1117 5401 1315 5474 ‘possibilem
1329 5433 1362 5442 -
1377 5401 1532 5474 inlinitum]
1551 5403 1580 5458 in
1600 5404 1747 5459 infinitum
1764 5402 1936 5476 possibilem
1957 5405 1990 5461 C.
2010 5439 2044 5448 -
2064 5407 2154 5463 ¹illos
2174 5408 2207 5464 C.
2221 5441 2255 5449 —

771 5490 1067 5546 ‘contradictionem
1086 5489 1119 5544 C.
1138 5519 1172 5528 -
1192 5491 1201 5520 ¹
1220 5488 1315 5562 possit
1334 5521 1368 5529 -
1388 5489 1498 5560 divina]
1523 5491 1623 5547 divina
1644 5491 1753 5547 virtute
1771 5491 1867 5564 possit
1887 5492 1920 5548 C.
1939 5525 1973 5534 —
1994 5495 2005 5526 ¹
2023 5493 2149 5551 diversis
2169 5496 2202 5552 C.
2221 5529 2254 5538 -

771 5579 853 5633 ¹hoc
867 5579 937 5632 add.
951 5576 984 5632 C.
1004 5609 1038 5617 —
1053 5579 1074 5610 ¹⁰
1087 5577 1138 5631 tali
1157 5577 1362 5646 conversione]
1377 5577 1572 5633 conversione
1591 5579 1641 5633 tali
1657 5579 1690 5635 C.
1705 5611 1738 5620 -
1754 5582 1773 5613 ¹¹
1787 5579 1867 5633 illum
1880 5580 1988 5651 locum]
2008 5582 2107 5637 locum
2126 5583 2208 5638 illurn
2222 5584 2256 5640 C.

771 5697 806 5707 —
828 5666 849 5735 ¹¹
862 5664 1127 5720 contradictionem
1148 5664 1181 5719 C.
1202 5696 1234 5704 -
1256 5665 1277 5697 ¹¹
1290 5663 1447 5736 dupliciter
1465 5669 1574 5737 potest]
1594 5666 1702 5722 dicitur
1722 5666 1879 5740 dupliciter
1897 5668 1930 5723 P.
1949 5701 1983 5710 -
2004 5671 2026 5702 ¹⁴
2045 5669 2203 5744 dupliciter
2221 5704 2255 5713 -

772 5753 851 5823 loco]
871 5759 972 5825 potest
990 5769 1057 5807 esse
1076 5751 1105 5805 in
1124 5752 1192 5806 loco
1211 5750 1368 5824 dupliciter
1386 5751 1421 5807 C.

862 5959 903 6024 (1)
923 5955 983 6012 Cfr.
1002 5973 1052 6028 pp.
1071 5958 1199 6012 auo-254.
