<?xml version="1.0" encoding="UTF-8"?>
<!DOCTYPE html PUBLIC "-//W3C//DTD XHTML 1.0 Transitional//EN"
    "http://www.w3.org/TR/xhtml1/DTD/xhtml1-transitional.dtd">
<html xmlns="http://www.w3.org/1999/xhtml" xml:lang="en" lang="en">
 <head>
  <title>
</title>
<meta http-equiv="Content-Type" content="text/html;charset=utf-8" />
  <meta name='ocr-system' content='tesseract 3.04.00' />
  <meta name='ocr-capabilities' content='ocr_page ocr_carea ocr_par ocr_line ocrx_word'/>
</head>
<body>
  <div class='ocr_page' id='page_1' title='image "./lesquatrepremie00wulfgoog_0258.png"; bbox 0 0 6700 7992; ppageno 0'>
   <div class='ocr_carea' id='block_1_1' title="bbox 1031 1458 2144 1517">
    <p class='ocr_par' dir='ltr' id='par_1_1' title="bbox 1031 1458 2144 1517">
     <span class='ocr_line' id='line_1_1' title="bbox 1031 1458 2144 1517; baseline 0 -3"><span class='ocrx_word' id='word_1_1' title='bbox 1031 1463 1083 1514; x_wconf 78' lang='lat'>232</span> <span class='ocrx_word' id='word_1_2' title='bbox 1397 1460 1588 1516; x_wconf 82' lang='lat' dir='ltr'>MAGISTRI</span> <span class='ocrx_word' id='word_1_3' title='bbox 1617 1460 1837 1516; x_wconf 90' lang='lat' dir='ltr'>GODEFRIDI</span> <span class='ocrx_word' id='word_1_4' title='bbox 1865 1460 1917 1514; x_wconf 91' lang='lat' dir='ltr'>DE</span> <span class='ocrx_word' id='word_1_5' title='bbox 1946 1458 2144 1517; x_wconf 87' lang='lat' dir='ltr'>FONTlBUS</span> 
     </span>
    </p>
   </div>
   <div class='ocr_carea' id='block_1_2' title="bbox 1029 1638 2508 3000">
    <p class='ocr_par' dir='ltr' id='par_1_2' title="bbox 1029 1638 2508 3000">
     <span class='ocr_line' id='line_1_2' title="bbox 1032 1638 2508 1725; baseline 0 -21"><span class='ocrx_word' id='word_1_6' title='bbox 1032 1643 1101 1706; x_wconf 90' lang='lat' dir='ltr'>hoc</span> <span class='ocrx_word' id='word_1_7' title='bbox 1124 1641 1159 1706; x_wconf 86' lang='lat' dir='ltr'>in</span> <span class='ocrx_word' id='word_1_8' title='bbox 1184 1641 1297 1720; x_wconf 90' lang='lat' dir='ltr'>Petro,</span> <span class='ocrx_word' id='word_1_9' title='bbox 1326 1641 1377 1707; x_wconf 86' lang='lat' dir='ltr'>sic</span> <span class='ocrx_word' id='word_1_10' title='bbox 1409 1641 1535 1706; x_wconf 88' lang='lat' dir='ltr'>accidit</span> <span class='ocrx_word' id='word_1_11' title='bbox 1562 1642 1657 1725; x_wconf 66' lang='lat' dir='ltr'>(arod</span> <span class='ocrx_word' id='word_1_12' title='bbox 1682 1640 1761 1706; x_wconf 88' lang='lat' dir='ltr'>idea</span> <span class='ocrx_word' id='word_1_13' title='bbox 1786 1639 2010 1705; x_wconf 87' lang='lat' dir='ltr'>humanitatis</span> <span class='ocrx_word' id='word_1_14' title='bbox 2039 1640 2092 1706; x_wconf 83' lang='lat' dir='ltr'>vel</span> <span class='ocrx_word' id='word_1_15' title='bbox 2124 1638 2275 1704; x_wconf 90' lang='lat' dir='ltr'>hominis</span> <span class='ocrx_word' id='word_1_16' title='bbox 2308 1638 2508 1725; x_wconf 85' lang='lat' dir='ltr'>simpliciter</span> 
     </span>
     <span class='ocr_line' id='line_1_3' title="bbox 1032 1754 2508 1843; baseline 0 -22"><span class='ocrx_word' id='word_1_17' title='bbox 1032 1756 1076 1821; x_wconf 87' lang='lat' dir='ltr'>sit</span> <span class='ocrx_word' id='word_1_18' title='bbox 1116 1757 1193 1822; x_wconf 86' lang='lat' dir='ltr'>idea</span> <span class='ocrx_word' id='word_1_19' title='bbox 1229 1757 1329 1821; x_wconf 84' lang='lat' dir='ltr'>Petri.</span> <span class='ocrx_word' id='word_1_20' title='bbox 1365 1757 1409 1822; x_wconf 82' lang='lat' dir='ltr'>Et</span> <span class='ocrx_word' id='word_1_21' title='bbox 1441 1757 1576 1822; x_wconf 84' lang='lat' dir='ltr'>videtur</span> <span class='ocrx_word' id='word_1_22' title='bbox 1610 1758 1679 1822; x_wconf 91' lang='lat' dir='ltr'>hoc</span> <span class='ocrx_word' id='word_1_23' title='bbox 1718 1777 1797 1822; x_wconf 87' lang='lat' dir='ltr'>esse</span> <span class='ocrx_word' id='word_1_24' title='bbox 1833 1755 1978 1821; x_wconf 89' lang='lat' dir='ltr'>intentio</span> <span class='ocrx_word' id='word_1_25' title='bbox 2011 1754 2199 1843; x_wconf 83' lang='lat' dir='ltr'>Augustini</span> <span class='ocrx_word' id='word_1_26' title='bbox 2217 1758 2263 1838; x_wconf 82' lang='lat'>(1)</span> <span class='ocrx_word' id='word_1_27' title='bbox 2295 1754 2329 1821; x_wconf 95' lang='lat' dir='ltr'>in</span> <span class='ocrx_word' id='word_1_28' title='bbox 2359 1755 2508 1842; x_wconf 83' lang='lat' dir='ltr'><strong>epistula</strong></span> 
     </span>
     <span class='ocr_line' id='line_1_4' title="bbox 1032 1871 2508 1957; baseline 0 -20"><span class='ocrx_word' id='word_1_29' title='bbox 1032 1875 1075 1937; x_wconf 91' lang='lat' dir='ltr'>ad</span> <span class='ocrx_word' id='word_1_30' title='bbox 1107 1872 1311 1939; x_wconf 81' lang='lat' dir='ltr'>Nebridium</span> <span class='ocrx_word' id='word_1_31' title='bbox 1337 1873 1395 1937; x_wconf 88' lang='lat' dir='ltr'>ubi</span> <span class='ocrx_word' id='word_1_32' title='bbox 1421 1873 1527 1937; x_wconf 88' lang='lat' dir='ltr'>dicit:</span> <span class='ocrx_word' id='word_1_33' title='bbox 1553 1883 1666 1937; x_wconf 91' lang='lat' dir='ltr'>utrum</span> <span class='ocrx_word' id='word_1_34' title='bbox 1703 1894 1838 1938; x_wconf 86' lang='lat' dir='ltr'>summa</span> <span class='ocrx_word' id='word_1_35' title='bbox 1861 1871 1917 1936; x_wconf 85' lang='lat' dir='ltr'>illa</span> <span class='ocrx_word' id='word_1_36' title='bbox 1946 1872 2073 1936; x_wconf 84' lang='lat' dir='ltr'>veritas</span> <span class='ocrx_word' id='word_1_37' title='bbox 2103 1882 2136 1937; x_wconf 91' lang='lat' dir='ltr'>et</span> <span class='ocrx_word' id='word_1_38' title='bbox 2164 1892 2276 1938; x_wconf 88' lang='lat' dir='ltr'>rerum</span> <span class='ocrx_word' id='word_1_39' title='bbox 2305 1873 2417 1937; x_wconf 82' lang='lat' dir='ltr'>forma</span> <span class='ocrx_word' id='word_1_40' title='bbox 2445 1893 2508 1957; x_wconf 90' lang='lat' dir='ltr'>per</span> 
     </span>
     <span class='ocr_line' id='line_1_5' title="bbox 1031 1987 2506 2075; baseline 0.002 -23"><span class='ocrx_word' id='word_1_41' title='bbox 1031 2011 1134 2073; x_wconf 67' lang='lat' dir='ltr'>(liram</span> <span class='ocrx_word' id='word_1_42' title='bbox 1171 1990 1262 2054; x_wconf 84' lang='lat' dir='ltr'>faeta</span> <span class='ocrx_word' id='word_1_43' title='bbox 1297 2001 1378 2054; x_wconf 89' lang='lat' dir='ltr'>sunt</span> <span class='ocrx_word' id='word_1_44' title='bbox 1410 1989 1537 2067; x_wconf 90' lang='lat' dir='ltr'>omnia,</span> <span class='ocrx_word' id='word_1_45' title='bbox 1574 1989 1781 2075; x_wconf 75' lang='lat' dir='ltr'>generaliter</span> <span class='ocrx_word' id='word_1_46' title='bbox 1811 1987 1961 2053; x_wconf 90' lang='lat' dir='ltr'>hominis</span> <span class='ocrx_word' id='word_1_47' title='bbox 1993 1998 2052 2052; x_wconf 87' lang='lat' dir='ltr'>aut</span> <span class='ocrx_word' id='word_1_48' title='bbox 2092 1987 2194 2052; x_wconf 89' lang='lat' dir='ltr'>etiam</span> <span class='ocrx_word' id='word_1_49' title='bbox 2230 1987 2506 2073; x_wconf 91' lang='lat' dir='ltr'>uniuscuiusque</span> 
     </span>
     <span class='ocr_line' id='line_1_6' title="bbox 1030 2088 2506 2189; baseline 0.001 -20"><span class='ocrx_word' id='word_1_50' title='bbox 1030 2117 1186 2170; x_wconf 88' lang='lat' dir='ltr'>nostrum</span> <span class='ocrx_word' id='word_1_51' title='bbox 1211 2105 1380 2169; x_wconf 72' lang='lat' dir='ltr'>rationem</span> <span class='ocrx_word' id='word_1_52' title='bbox 1405 2105 1582 2170; x_wconf 80' lang='lat' dir='ltr'>contineat</span> <span class='ocrx_word' id='word_1_53' title='bbox 1612 2103 1723 2189; x_wconf 86' lang='lat' dir='ltr'>magis</span> <span class='ocrx_word' id='word_1_54' title='bbox 1752 2088 1910 2188; x_wconf 89' lang='lat' dir='ltr'>quaestio</span> <span class='ocrx_word' id='word_1_55' title='bbox 1936 2114 1997 2169; x_wconf 86' lang='lat' dir='ltr'>est.</span> <span class='ocrx_word' id='word_1_56' title='bbox 2031 2103 2102 2169; x_wconf 89' lang='lat' dir='ltr'>Sed</span> <span class='ocrx_word' id='word_1_57' title='bbox 2134 2103 2217 2168; x_wconf 92' lang='lat' dir='ltr'>mihi</span> <span class='ocrx_word' id='word_1_58' title='bbox 2249 2104 2384 2170; x_wconf 90' lang='lat' dir='ltr'>videtur</span> <span class='ocrx_word' id='word_1_59' title='bbox 2411 2105 2506 2189; x_wconf 91' lang='lat' dir='ltr'>quod</span> 
     </span>
     <span class='ocr_line' id='line_1_7' title="bbox 1031 2218 2506 2305; baseline 0.001 -21"><span class='ocrx_word' id='word_1_60' title='bbox 1031 2232 1197 2305; x_wconf 88' lang='lat' dir='ltr'>quantum</span> <span class='ocrx_word' id='word_1_61' title='bbox 1230 2222 1274 2284; x_wconf 91' lang='lat' dir='ltr'>ad</span> <span class='ocrx_word' id='word_1_62' title='bbox 1307 2220 1483 2285; x_wconf 85' lang='lat' dir='ltr'>bominem</span> <span class='ocrx_word' id='word_1_63' title='bbox 1515 2221 1714 2285; x_wconf 86' lang='lat' dir='ltr'>faciendum</span> <span class='ocrx_word' id='word_1_64' title='bbox 1744 2219 1874 2299; x_wconf 83' lang='lat' dir='ltr'>attinet,</span> <span class='ocrx_word' id='word_1_65' title='bbox 1911 2218 2061 2284; x_wconf 89' lang='lat' dir='ltr'>hominis</span> <span class='ocrx_word' id='word_1_66' title='bbox 2097 2219 2237 2304; x_wconf 89' lang='lat' dir='ltr'>quidem</span> <span class='ocrx_word' id='word_1_67' title='bbox 2269 2230 2402 2284; x_wconf 86' lang='lat' dir='ltr'>tanturn</span> <span class='ocrx_word' id='word_1_68' title='bbox 2434 2241 2506 2286; x_wconf 91' lang='lat' dir='ltr'>non</span> 
     </span>
     <span class='ocr_line' id='line_1_8' title="bbox 1030 2335 2505 2421; baseline 0.001 -21"><span class='ocrx_word' id='word_1_69' title='bbox 1030 2358 1142 2401; x_wconf 86' lang='lat' dir='ltr'>meam</span> <span class='ocrx_word' id='word_1_70' title='bbox 1181 2338 1235 2402; x_wconf 80' lang='lat' dir='ltr'>rel</span> <span class='ocrx_word' id='word_1_71' title='bbox 1274 2348 1367 2401; x_wconf 85' lang='lat' dir='ltr'>tuam</span> <span class='ocrx_word' id='word_1_72' title='bbox 1404 2335 1449 2400; x_wconf 93' lang='lat' dir='ltr'>ibi</span> <span class='ocrx_word' id='word_1_73' title='bbox 1483 2357 1561 2401; x_wconf 87' lang='lat' dir='ltr'>esse</span> <span class='ocrx_word' id='word_1_74' title='bbox 1596 2336 1787 2413; x_wconf 82' lang='lat' dir='ltr'>rationem;</span> <span class='ocrx_word' id='word_1_75' title='bbox 1819 2336 1914 2419; x_wconf 92' lang='lat' dir='ltr'>quod</span> <span class='ocrx_word' id='word_1_76' title='bbox 1953 2346 2068 2400; x_wconf 87' lang='lat' dir='ltr'>autem</span> <span class='ocrx_word' id='word_1_77' title='bbox 2100 2335 2144 2400; x_wconf 90' lang='lat' dir='ltr'>ad</span> <span class='ocrx_word' id='word_1_78' title='bbox 2177 2336 2297 2401; x_wconf 89' lang='lat' dir='ltr'>orbem</span> <span class='ocrx_word' id='word_1_79' title='bbox 2327 2335 2505 2421; x_wconf 80' lang='lat' dir='ltr'>temporiS,</span> 
     </span>
     <span class='ocr_line' id='line_1_9' title="bbox 1030 2449 2504 2536; baseline 0 -20"><span class='ocrx_word' id='word_1_80' title='bbox 1030 2452 1142 2516; x_wconf 82' lang='lat' dir='ltr'>varias</span> <span class='ocrx_word' id='word_1_81' title='bbox 1177 2451 1356 2517; x_wconf 87' lang='lat' dir='ltr'>hommum</span> <span class='ocrx_word' id='word_1_82' title='bbox 1392 2452 1545 2516; x_wconf 82' lang='lat' dir='ltr'>rationes</span> <span class='ocrx_word' id='word_1_83' title='bbox 1581 2452 1706 2523; x_wconf 76' lang='lat' dir='ltr'>(reales</span> <span class='ocrx_word' id='word_1_84' title='bbox 1742 2450 1882 2535; x_wconf 91' lang='lat' dir='ltr'>quidem</span> <span class='ocrx_word' id='word_1_85' title='bbox 1918 2453 2022 2534; x_wconf 77' lang='lat' dir='ltr'>[sunt]</span> <span class='ocrx_word' id='word_1_86' title='bbox 2060 2450 2214 2536; x_wconf 80' lang='lat' dir='ltr'>ipsorum</span> <span class='ocrx_word' id='word_1_87' title='bbox 2246 2449 2504 2516; x_wconf 91' lang='lat' dir='ltr'>individuorum</span> 
     </span>
     <span class='ocr_line' id='line_1_10' title="bbox 1030 2566 2506 2653; baseline -0.001 -20"><span class='ocrx_word' id='word_1_88' title='bbox 1030 2570 1223 2633; x_wconf 89' lang='lat' dir='ltr'>secundum</span> <span class='ocrx_word' id='word_1_89' title='bbox 1249 2591 1287 2633; x_wconf 85' lang='lat' dir='ltr'>se</span> <span class='ocrx_word' id='word_1_90' title='bbox 1304 2569 1453 2653; x_wconf 72' lang='lat' dir='ltr'>ipsulml,</span> <span class='ocrx_word' id='word_1_91' title='bbox 1478 2569 1672 2632; x_wconf 82' lang='lat' dir='ltr'>secundum</span> <span class='ocrx_word' id='word_1_92' title='bbox 1701 2589 1787 2651; x_wconf 76' lang='lat' dir='ltr'>(liras</span> <span class='ocrx_word' id='word_1_93' title='bbox 1804 2578 1884 2632; x_wconf 89' lang='lat' dir='ltr'>sunt</span> <span class='ocrx_word' id='word_1_94' title='bbox 1909 2567 1943 2631; x_wconf 91' lang='lat' dir='ltr'>id</span> <span class='ocrx_word' id='word_1_95' title='bbox 1960 2568 2055 2651; x_wconf 90' lang='lat' dir='ltr'>quod</span> <span class='ocrx_word' id='word_1_96' title='bbox 2079 2578 2160 2630; x_wconf 87' lang='lat' dir='ltr'>sunt</span> <span class='ocrx_word' id='word_1_97' title='bbox 2186 2566 2220 2631; x_wconf 93' lang='lat' dir='ltr'>in</span> <span class='ocrx_word' id='word_1_98' title='bbox 2246 2589 2358 2632; x_wconf 92' lang='lat' dir='ltr'>rerum</span> <span class='ocrx_word' id='word_1_99' title='bbox 2383 2578 2506 2632; x_wconf 88' lang='lat' dir='ltr'>natura</span> 
     </span>
     <span class='ocr_line' id='line_1_11' title="bbox 1030 2682 2503 2769; baseline -0.001 -21"><span class='ocrx_word' id='word_1_100' title='bbox 1030 2705 1108 2748; x_wconf 87' lang='lat' dir='ltr'>cum</span> <span class='ocrx_word' id='word_1_101' title='bbox 1148 2696 1229 2748; x_wconf 89' lang='lat' dir='ltr'>sunt</span> <span class='ocrx_word' id='word_1_102' title='bbox 1265 2697 1298 2749; x_wconf 87' lang='lat' dir='ltr'>et</span> <span class='ocrx_word' id='word_1_103' title='bbox 1337 2706 1427 2769; x_wconf 71' lang='lat' dir='ltr'>&lt;quite</span> <span class='ocrx_word' id='word_1_104' title='bbox 1467 2705 1546 2749; x_wconf 79' lang='lat' dir='ltr'>esse</span> <span class='ocrx_word' id='word_1_105' title='bbox 1578 2683 1757 2767; x_wconf 86' lang='lat' dir='ltr'>cognitum</span> <span class='ocrx_word' id='word_1_106' title='bbox 1789 2685 1919 2748; x_wconf 77' lang='lat' dir='ltr'>liabent</span> <span class='ocrx_word' id='word_1_107' title='bbox 1949 2682 1984 2747; x_wconf 92' lang='lat' dir='ltr'>in</span> <span class='ocrx_word' id='word_1_108' title='bbox 2016 2693 2132 2748; x_wconf 88' lang='lat' dir='ltr'>mente</span> <span class='ocrx_word' id='word_1_109' title='bbox 2164 2683 2280 2748; x_wconf 80' lang='lat' dir='ltr'>diuina</span> <span class='ocrx_word' id='word_1_110' title='bbox 2310 2684 2503 2748; x_wconf 89' lang='lat' dir='ltr'>secundum</span> 
     </span>
     <span class='ocr_line' id='line_1_12' title="bbox 1029 2798 2504 2884; baseline 0 -21"><span class='ocrx_word' id='word_1_111' title='bbox 1029 2821 1133 2864; x_wconf 90' lang='lat' dir='ltr'>unam</span> <span class='ocrx_word' id='word_1_112' title='bbox 1169 2800 1338 2864; x_wconf 75' lang='lat' dir='ltr'>ratirjmem</span> <span class='ocrx_word' id='word_1_113' title='bbox 1369 2800 1513 2884; x_wconf 78' lang='lat' dir='ltr'>speciei)</span> <span class='ocrx_word' id='word_1_114' title='bbox 1545 2799 1579 2863; x_wconf 91' lang='lat' dir='ltr'>in</span> <span class='ocrx_word' id='word_1_115' title='bbox 1613 2799 1667 2863; x_wconf 85' lang='lat' dir='ltr'>illa</span> <span class='ocrx_word' id='word_1_116' title='bbox 1696 2799 1893 2864; x_wconf 77' lang='lat' dir='ltr'>sinceritate</span> <span class='ocrx_word' id='word_1_117' title='bbox 1920 2798 2047 2878; x_wconf 82' lang='lat' dir='ltr'>vivere,</span> <span class='ocrx_word' id='word_1_118' title='bbox 2074 2800 2223 2883; x_wconf 80' lang='lat' dir='ltr'>supple:</span> <span class='ocrx_word' id='word_1_119' title='bbox 2249 2798 2333 2863; x_wconf 90' lang='lat' dir='ltr'>mibi</span> <span class='ocrx_word' id='word_1_120' title='bbox 2360 2798 2504 2865; x_wconf 90' lang='lat' dir='ltr'>videtur.</span> 
     </span>
     <span class='ocr_line' id='line_1_13' title="bbox 1029 2914 2503 3000; baseline 0.001 -21"><span class='ocrx_word' id='word_1_121' title='bbox 1029 2915 1073 2979; x_wconf 84' lang='lat' dir='ltr'>Et</span> <span class='ocrx_word' id='word_1_122' title='bbox 1102 2916 1212 2980; x_wconf 85' lang='lat' dir='ltr'>infra:</span> <span class='ocrx_word' id='word_1_123' title='bbox 1243 2917 1276 2979; x_wconf 92' lang='lat' dir='ltr'>in</span> <span class='ocrx_word' id='word_1_124' title='bbox 1307 2916 1551 3000; x_wconf 74' lang='lat' dir='ltr'>disciplinalml</span> <span class='ocrx_word' id='word_1_125' title='bbox 1581 2915 1771 2980; x_wconf 86' lang='lat' dir='ltr'>mentiendi</span> <span class='ocrx_word' id='word_1_126' title='bbox 1796 2937 1866 2979; x_wconf 89' lang='lat' dir='ltr'>una</span> <span class='ocrx_word' id='word_1_127' title='bbox 1890 2926 1943 2979; x_wconf 88' lang='lat' dir='ltr'>est</span> <span class='ocrx_word' id='word_1_128' title='bbox 1967 2914 2086 2998; x_wconf 86' lang='lat' dir='ltr'>anguli</span> <span class='ocrx_word' id='word_1_129' title='bbox 2113 2914 2210 2994; x_wconf 86' lang='lat' dir='ltr'>ratio,</span> <span class='ocrx_word' id='word_1_130' title='bbox 2239 2936 2309 2979; x_wconf 88' lang='lat' dir='ltr'>una</span> <span class='ocrx_word' id='word_1_131' title='bbox 2336 2915 2503 2999; x_wconf 88' lang='lat' dir='ltr'>quadrati.</span> 
     </span>
    </p>
   </div>
   <div class='ocr_carea' id='block_1_3' title="bbox 1029 3029 2506 3117">
    <p class='ocr_par' dir='ltr' id='par_1_3' title="bbox 1029 3029 2506 3117">
     <span class='ocr_line' id='line_1_14' title="bbox 1029 3029 2506 3117; baseline 0.001 -22"><span class='ocrx_word' id='word_1_132' title='bbox 1029 3032 1147 3115; x_wconf 87' lang='lat' dir='ltr'>ltaque</span> <span class='ocrx_word' id='word_1_133' title='bbox 1172 3032 1333 3115; x_wconf 77' lang='lat' dir='ltr'>qumiens</span> <span class='ocrx_word' id='word_1_134' title='bbox 1369 3033 1608 3097; x_wconf 85' lang='lat' dir='ltr'>demonstrare</span> <span class='ocrx_word' id='word_1_135' title='bbox 1646 3031 1813 3113; x_wconf 89' lang='lat' dir='ltr'>angulum</span> <span class='ocrx_word' id='word_1_136' title='bbox 1848 3031 1939 3110; x_wconf 86' lang='lat' dir='ltr'>volo,</span> <span class='ocrx_word' id='word_1_137' title='bbox 1970 3052 2041 3095; x_wconf 91' lang='lat' dir='ltr'>non</span> <span class='ocrx_word' id='word_1_138' title='bbox 2074 3030 2140 3095; x_wconf 92' lang='lat' dir='ltr'>nisi</span> <span class='ocrx_word' id='word_1_139' title='bbox 2170 3052 2240 3095; x_wconf 86' lang='lat' dir='ltr'>una</span> <span class='ocrx_word' id='word_1_140' title='bbox 2275 3029 2362 3096; x_wconf 88' lang='lat' dir='ltr'>ratio</span> <span class='ocrx_word' id='word_1_141' title='bbox 2386 3030 2506 3117; x_wconf 87' lang='lat' dir='ltr'>anguli</span> 
     </span>
    </p>
   </div>
   <div class='ocr_carea' id='block_1_4' title="bbox 1026 3145 2505 4972">
    <p class='ocr_par' dir='ltr' id='par_1_4' title="bbox 1028 3145 2505 3697">
     <span class='ocr_line' id='line_1_15' title="bbox 1030 3145 2503 3231; baseline 0.001 -20"><span class='ocrx_word' id='word_1_142' title='bbox 1030 3147 1111 3212; x_wconf 81' lang='lat' dir='ltr'>milri</span> <span class='ocrx_word' id='word_1_143' title='bbox 1140 3148 1299 3212; x_wconf 88' lang='lat' dir='ltr'>occurrit.</span> <span class='ocrx_word' id='word_1_144' title='bbox 1330 3147 1401 3213; x_wconf 80' lang='lat' dir='ltr'>Sed</span> <span class='ocrx_word' id='word_1_145' title='bbox 1426 3148 1631 3231; x_wconf 89' lang='lat' dir='ltr'>quadratum</span> <span class='ocrx_word' id='word_1_146' title='bbox 1657 3168 1877 3231; x_wconf 85' lang='lat' dir='ltr'>nequaquam</span> <span class='ocrx_word' id='word_1_147' title='bbox 1903 3146 2090 3212; x_wconf 82' lang='lat' dir='ltr'>scriberem</span> <span class='ocrx_word' id='word_1_148' title='bbox 2116 3145 2181 3211; x_wconf 89' lang='lat' dir='ltr'>nisi</span> <span class='ocrx_word' id='word_1_149' title='bbox 2206 3157 2369 3230; x_wconf 90' lang='lat' dir='ltr'>quattuor</span> <span class='ocrx_word' id='word_1_150' title='bbox 2392 3147 2503 3212; x_wconf 90' lang='lat' dir='ltr'>solum</span> 
     </span>
     <span class='ocr_line' id='line_1_16' title="bbox 1029 3262 2504 3347; baseline 0.001 -21"><span class='ocrx_word' id='word_1_151' title='bbox 1029 3264 1235 3347; x_wconf 85' lang='lat' dir='ltr'>angulorum</span> <span class='ocrx_word' id='word_1_152' title='bbox 1260 3262 1614 3328; x_wconf 87' lang='lat' dir='ltr'>rationemimmorer.</span> <span class='ocrx_word' id='word_1_153' title='bbox 1646 3263 1696 3326; x_wconf 93' lang='lat' dir='ltr'>lta</span> <span class='ocrx_word' id='word_1_154' title='bbox 1728 3262 1870 3346; x_wconf 79' lang='lat' dir='ltr'>quilibet</span> <span class='ocrx_word' id='word_1_155' title='bbox 1895 3262 2000 3326; x_wconf 89' lang='lat' dir='ltr'>homo</span> <span class='ocrx_word' id='word_1_156' title='bbox 2032 3283 2102 3325; x_wconf 89' lang='lat' dir='ltr'>una</span> <span class='ocrx_word' id='word_1_157' title='bbox 2132 3263 2266 3327; x_wconf 90' lang='lat' dir='ltr'>ratione</span> <span class='ocrx_word' id='word_1_158' title='bbox 2298 3285 2366 3346; x_wconf 92' lang='lat' dir='ltr'>qua</span> <span class='ocrx_word' id='word_1_159' title='bbox 2397 3264 2504 3327; x_wconf 91' lang='lat' dir='ltr'>homo</span> 
     </span>
     <span class='ocr_line' id='line_1_17' title="bbox 1028 3377 2504 3466; baseline 0.001 -22"><span class='ocrx_word' id='word_1_160' title='bbox 1028 3379 1229 3466; x_wconf 71' lang='lat' dir='ltr'>intelligitur</span> <span class='ocrx_word' id='word_1_161' title='bbox 1254 3380 1367 3444; x_wconf 85' lang='lat' dir='ltr'>factus</span> <span class='ocrx_word' id='word_1_162' title='bbox 1391 3390 1453 3444; x_wconf 85' lang='lat' dir='ltr'>est.</span> <span class='ocrx_word' id='word_1_163' title='bbox 1480 3379 1526 3442; x_wconf 74' lang='lat' dir='ltr'>At</span> <span class='ocrx_word' id='word_1_164' title='bbox 1549 3391 1586 3443; x_wconf 90' lang='lat' dir='ltr'>ut</span> <span class='ocrx_word' id='word_1_165' title='bbox 1611 3379 1763 3463; x_wconf 84' lang='lat' dir='ltr'>populus</span> <span class='ocrx_word' id='word_1_166' title='bbox 1781 3378 1849 3457; x_wconf 86' lang='lat' dir='ltr'>liat,</span> <span class='ocrx_word' id='word_1_167' title='bbox 1870 3377 2032 3463; x_wconf 65' lang='lat' dir='ltr'>‚quamvis</span> <span class='ocrx_word' id='word_1_168' title='bbox 2057 3389 2091 3443; x_wconf 91' lang='lat' dir='ltr'>et</span> <span class='ocrx_word' id='word_1_169' title='bbox 2116 3377 2192 3463; x_wconf 87' lang='lat' dir='ltr'>ipsa</span> <span class='ocrx_word' id='word_1_170' title='bbox 2216 3400 2285 3443; x_wconf 91' lang='lat' dir='ltr'>una</span> <span class='ocrx_word' id='word_1_171' title='bbox 2310 3379 2408 3460; x_wconf 89' lang='lat' dir='ltr'>rati0,</span> <span class='ocrx_word' id='word_1_172' title='bbox 2432 3401 2504 3445; x_wconf 94' lang='lat' dir='ltr'>non</span> 
     </span>
     <span class='ocr_line' id='line_1_18' title="bbox 1029 3494 2505 3579; baseline 0.001 -20"><span class='ocrx_word' id='word_1_173' title='bbox 1029 3506 1144 3560; x_wconf 90' lang='lat' dir='ltr'>tamen</span> <span class='ocrx_word' id='word_1_174' title='bbox 1178 3495 1327 3560; x_wconf 87' lang='lat' dir='ltr'>hominis</span> <span class='ocrx_word' id='word_1_175' title='bbox 1357 3495 1443 3559; x_wconf 91' lang='lat' dir='ltr'>ratio</span> <span class='ocrx_word' id='word_1_176' title='bbox 1474 3496 1537 3559; x_wconf 84' lang='lat' dir='ltr'>sed</span> <span class='ocrx_word' id='word_1_177' title='bbox 1569 3494 1758 3559; x_wconf 88' lang='lat' dir='ltr'>bominum.</span> <span class='ocrx_word' id='word_1_178' title='bbox 1786 3495 1864 3559; x_wconf 88' lang='lat' dir='ltr'>Non</span> <span class='ocrx_word' id='word_1_179' title='bbox 1895 3505 2011 3579; x_wconf 89' lang='lat' dir='ltr'>potest</span> <span class='ocrx_word' id='word_1_180' title='bbox 2042 3494 2133 3559; x_wconf 89' lang='lat' dir='ltr'>enim</span> <span class='ocrx_word' id='word_1_181' title='bbox 2166 3494 2316 3560; x_wconf 91' lang='lat' dir='ltr'>universi</span> <span class='ocrx_word' id='word_1_182' title='bbox 2344 3494 2505 3560; x_wconf 91' lang='lat' dir='ltr'>conditor</span> 
     </span>
     <span class='ocr_line' id='line_1_19' title="bbox 1029 3610 1633 3697; baseline -0.002 -22"><span class='ocrx_word' id='word_1_183' title='bbox 1029 3611 1198 3676; x_wconf 89' lang='lat' dir='ltr'>rationem</span> <span class='ocrx_word' id='word_1_184' title='bbox 1223 3610 1371 3697; x_wconf 83' lang='lat' dir='ltr'>partium</span> <span class='ocrx_word' id='word_1_185' title='bbox 1395 3632 1466 3675; x_wconf 91' lang='lat' dir='ltr'>non</span> <span class='ocrx_word' id='word_1_186' title='bbox 1493 3612 1633 3675; x_wconf 85' lang='lat' dir='ltr'>habere.</span> 
     </span>
    </p>

    <p class='ocr_par' dir='ltr' id='par_1_5' title="bbox 1026 3725 2505 4972">
     <span class='ocr_line' id='line_1_20' title="bbox 1117 3725 2505 3812; baseline 0.001 -22"><span class='ocrx_word' id='word_1_187' title='bbox 1117 3727 1181 3791; x_wconf 83' lang='lat' dir='ltr'>His</span> <span class='ocrx_word' id='word_1_188' title='bbox 1199 3726 1299 3792; x_wconf 88' lang='lat' dir='ltr'>etiam</span> <span class='ocrx_word' id='word_1_189' title='bbox 1327 3726 1413 3792; x_wconf 88' lang='lat' dir='ltr'>ratio</span> <span class='ocrx_word' id='word_1_190' title='bbox 1438 3738 1619 3802; x_wconf 88' lang='lat' dir='ltr'>consonat,</span> <span class='ocrx_word' id='word_1_191' title='bbox 1640 3738 1678 3791; x_wconf 88' lang='lat' dir='ltr'>ut</span> <span class='ocrx_word' id='word_1_192' title='bbox 1704 3726 1754 3793; x_wconf 83' lang='lat' dir='ltr'>sic</span> <span class='ocrx_word' id='word_1_193' title='bbox 1779 3728 1894 3792; x_wconf 85' lang='lat' dir='ltr'>adhuc</span> <span class='ocrx_word' id='word_1_194' title='bbox 1918 3725 1984 3791; x_wconf 90' lang='lat' dir='ltr'>alia</span> <span class='ocrx_word' id='word_1_195' title='bbox 2008 3725 2140 3792; x_wconf 90' lang='lat' dir='ltr'>ratione</span> <span class='ocrx_word' id='word_1_196' title='bbox 2165 3727 2286 3812; x_wconf 93' lang='lat' dir='ltr'>quinto</span> <span class='ocrx_word' id='word_1_197' title='bbox 2311 3726 2505 3793; x_wconf 86' lang='lat' dir='ltr'>ostenditur</span> 
     </span>
     <span class='ocr_line' id='line_1_21' title="bbox 1028 3841 2505 3930; baseline 0.001 -23"><span class='ocrx_word' id='word_1_198' title='bbox 1028 3843 1255 3927; x_wconf 85' lang='lat' dir='ltr'>propositum.</span> <span class='ocrx_word' id='word_1_199' title='bbox 1281 3842 1319 3909; x_wconf 88' lang='lat' dir='ltr'>Si</span> <span class='ocrx_word' id='word_1_200' title='bbox 1344 3843 1435 3909; x_wconf 90' lang='lat' dir='ltr'>enim</span> <span class='ocrx_word' id='word_1_201' title='bbox 1464 3843 1604 3927; x_wconf 77' lang='lat' dir='ltr'>ponitur</span> <span class='ocrx_word' id='word_1_202' title='bbox 1627 3844 1721 3927; x_wconf 89' lang='lat' dir='ltr'>quod</span> <span class='ocrx_word' id='word_1_203' title='bbox 1751 3844 1897 3929; x_wconf 83' lang='lat' dir='ltr'>angelus</span> <span class='ocrx_word' id='word_1_204' title='bbox 1927 3863 1988 3927; x_wconf 86' lang='lat' dir='ltr'>per</span> <span class='ocrx_word' id='word_1_205' title='bbox 2012 3864 2116 3906; x_wconf 90' lang='lat' dir='ltr'>unam</span> <span class='ocrx_word' id='word_1_206' title='bbox 2141 3842 2293 3928; x_wconf 84' lang='lat' dir='ltr'>speciem</span> <span class='ocrx_word' id='word_1_207' title='bbox 2319 3841 2505 3930; x_wconf 82' lang='lat' dir='ltr'>cognoscit</span> 
     </span>
     <span class='ocr_line' id='line_1_22' title="bbox 1028 3957 2504 4044; baseline 0.001 -21"><span class='ocrx_word' id='word_1_208' title='bbox 1028 3957 1226 4044; x_wconf 72' lang='lat' dir='ltr'>singularia,</span> <span class='ocrx_word' id='word_1_209' title='bbox 1256 3958 1290 4023; x_wconf 92' lang='lat' dir='ltr'>in</span> <span class='ocrx_word' id='word_1_210' title='bbox 1314 3971 1481 4043; x_wconf 85' lang='lat' dir='ltr'>quantum</span> <span class='ocrx_word' id='word_1_211' title='bbox 1506 3958 1561 4023; x_wconf 88' lang='lat' dir='ltr'>illa</span> <span class='ocrx_word' id='word_1_212' title='bbox 1586 3959 1724 4043; x_wconf 82' lang='lat' dir='ltr'>species</span> <span class='ocrx_word' id='word_1_213' title='bbox 1749 3958 1878 4023; x_wconf 84' lang='lat' dir='ltr'>ellluxit</span> <span class='ocrx_word' id='word_1_214' title='bbox 1902 3959 1946 4022; x_wconf 88' lang='lat' dir='ltr'>ab</span> <span class='ocrx_word' id='word_1_215' title='bbox 1974 3957 2061 4022; x_wconf 89' lang='lat' dir='ltr'>ideis</span> <span class='ocrx_word' id='word_1_216' title='bbox 2086 3958 2341 4043; x_wconf 88' lang='lat' dir='ltr'>exemplaribus</span> <span class='ocrx_word' id='word_1_217' title='bbox 2365 3958 2401 4024; x_wconf 93' lang='lat' dir='ltr'>in</span> <span class='ocrx_word' id='word_1_218' title='bbox 2426 3960 2504 4024; x_wconf 88' lang='lat' dir='ltr'>Deo</span> 
     </span>
     <span class='ocr_line' id='line_1_23' title="bbox 1029 4074 2503 4160; baseline 0.001 -22"><span class='ocrx_word' id='word_1_219' title='bbox 1029 4095 1118 4159; x_wconf 89' lang='lat' dir='ltr'>quae</span> <span class='ocrx_word' id='word_1_220' title='bbox 1148 4085 1229 4138; x_wconf 87' lang='lat' dir='ltr'>sunt</span> <span class='ocrx_word' id='word_1_221' title='bbox 1260 4075 1415 4159; x_wconf 86' lang='lat' dir='ltr'>perfecta</span> <span class='ocrx_word' id='word_1_222' title='bbox 1449 4074 1537 4139; x_wconf 86' lang='lat' dir='ltr'>ratio</span> <span class='ocrx_word' id='word_1_223' title='bbox 1572 4074 1621 4139; x_wconf 87' lang='lat' dir='ltr'>rei</span> <span class='ocrx_word' id='word_1_224' title='bbox 1657 4074 1850 4139; x_wconf 85' lang='lat' dir='ltr'>secundnm</span> <span class='ocrx_word' id='word_1_225' title='bbox 1888 4084 1997 4138; x_wconf 91' lang='lat' dir='ltr'>totum</span> <span class='ocrx_word' id='word_1_226' title='bbox 2030 4094 2108 4139; x_wconf 88' lang='lat' dir='ltr'>esse</span> <span class='ocrx_word' id='word_1_227' title='bbox 2133 4074 2241 4160; x_wconf 87' lang='lat' dir='ltr'>ipsius</span> <span class='ocrx_word' id='word_1_228' title='bbox 2279 4095 2351 4139; x_wconf 94' lang='lat' dir='ltr'>non</span> <span class='ocrx_word' id='word_1_229' title='bbox 2391 4075 2503 4140; x_wconf 92' lang='lat' dir='ltr'>solum</span> 
     </span>
     <span class='ocr_line' id='line_1_24' title="bbox 1029 4189 2505 4275; baseline 0.001 -21"><span class='ocrx_word' id='word_1_230' title='bbox 1029 4200 1195 4274; x_wconf 89' lang='lat' dir='ltr'>quantum</span> <span class='ocrx_word' id='word_1_231' title='bbox 1213 4191 1257 4254; x_wconf 87' lang='lat' dir='ltr'>ad</span> <span class='ocrx_word' id='word_1_232' title='bbox 1283 4189 1489 4255; x_wconf 81' lang='lat' dir='ltr'>universalia</span> <span class='ocrx_word' id='word_1_233' title='bbox 1513 4191 1567 4254; x_wconf 81' lang='lat' dir='ltr'>vel</span> <span class='ocrx_word' id='word_1_234' title='bbox 1591 4202 1757 4275; x_wconf 86' lang='lat' dir='ltr'>quantum</span> <span class='ocrx_word' id='word_1_235' title='bbox 1776 4191 1820 4254; x_wconf 86' lang='lat' dir='ltr'>ad</span> <span class='ocrx_word' id='word_1_236' title='bbox 1844 4190 2000 4267; x_wconf 82' lang='lat' dir='ltr'>formam,</span> <span class='ocrx_word' id='word_1_237' title='bbox 2018 4191 2080 4254; x_wconf 90' lang='lat' dir='ltr'>sed</span> <span class='ocrx_word' id='word_1_238' title='bbox 2103 4202 2269 4274; x_wconf 88' lang='lat' dir='ltr'>quantum</span> <span class='ocrx_word' id='word_1_239' title='bbox 2295 4190 2338 4254; x_wconf 87' lang='lat' dir='ltr'>ad</span> <span class='ocrx_word' id='word_1_240' title='bbox 2363 4189 2505 4255; x_wconf 88' lang='lat' dir='ltr'>minima</span> 
     </span>
     <span class='ocr_line' id='line_1_25' title="bbox 1029 4305 2505 4392; baseline 0.001 -23"><span class='ocrx_word' id='word_1_241' title='bbox 1029 4316 1064 4370; x_wconf 89' lang='lat' dir='ltr'>et</span> <span class='ocrx_word' id='word_1_242' title='bbox 1093 4305 1281 4392; x_wconf 72' lang='lat' dir='ltr'>singularia</span> <span class='ocrx_word' id='word_1_243' title='bbox 1314 4318 1347 4372; x_wconf 95' lang='lat' dir='ltr'>et</span> <span class='ocrx_word' id='word_1_244' title='bbox 1379 4318 1546 4390; x_wconf 89' lang='lat' dir='ltr'>quantum</span> <span class='ocrx_word' id='word_1_245' title='bbox 1574 4308 1618 4370; x_wconf 92' lang='lat' dir='ltr'>ad</span> <span class='ocrx_word' id='word_1_246' title='bbox 1647 4305 1835 4383; x_wconf 86' lang='lat' dir='ltr'>materiam,</span> <span class='ocrx_word' id='word_1_247' title='bbox 1864 4306 1972 4369; x_wconf 92' lang='lat' dir='ltr'>multo</span> <span class='ocrx_word' id='word_1_248' title='bbox 2001 4305 2112 4390; x_wconf 85' lang='lat' dir='ltr'>magis</span> <span class='ocrx_word' id='word_1_249' title='bbox 2139 4306 2244 4371; x_wconf 93' lang='lat' dir='ltr'>debet</span> <span class='ocrx_word' id='word_1_250' title='bbox 2271 4307 2339 4371; x_wconf 90' lang='lat' dir='ltr'>hoc</span> <span class='ocrx_word' id='word_1_251' title='bbox 2367 4305 2436 4371; x_wconf 91' lang='lat' dir='ltr'>dici</span> <span class='ocrx_word' id='word_1_252' title='bbox 2460 4307 2505 4371; x_wconf 88' lang='lat' dir='ltr'>de</span> 
     </span>
     <span class='ocr_line' id='line_1_26' title="bbox 1028 4421 2503 4511; baseline 0.001 -26"><span class='ocrx_word' id='word_1_253' title='bbox 1028 4421 1104 4506; x_wconf 85' lang='lat' dir='ltr'>ipsa</span> <span class='ocrx_word' id='word_1_254' title='bbox 1143 4421 1296 4487; x_wconf 84' lang='lat' dir='ltr'>essentia</span> <span class='ocrx_word' id='word_1_255' title='bbox 1342 4422 1459 4486; x_wconf 81' lang='lat' dir='ltr'>divina</span> <span class='ocrx_word' id='word_1_256' title='bbox 1507 4433 1543 4486; x_wconf 90' lang='lat' dir='ltr'>ut</span> <span class='ocrx_word' id='word_1_257' title='bbox 1581 4433 1634 4486; x_wconf 85' lang='lat' dir='ltr'>est</span> <span class='ocrx_word' id='word_1_258' title='bbox 1674 4421 1752 4487; x_wconf 86' lang='lat' dir='ltr'>idea</span> <span class='ocrx_word' id='word_1_259' title='bbox 1792 4421 1922 4506; x_wconf 89' lang='lat' dir='ltr'>speciei</span> <span class='ocrx_word' id='word_1_260' title='bbox 1962 4421 2108 4486; x_wconf 85' lang='lat' dir='ltr'>alicuius</span> <span class='ocrx_word' id='word_1_261' title='bbox 2148 4421 2247 4487; x_wconf 90' lang='lat' dir='ltr'>entis.</span> <span class='ocrx_word' id='word_1_262' title='bbox 2281 4421 2379 4487; x_wconf 91' lang='lat' dir='ltr'>Sicut</span> <span class='ocrx_word' id='word_1_263' title='bbox 2418 4443 2503 4511; x_wconf 83' lang='lat' dir='ltr'>ergo</span> 
     </span>
     <span class='ocr_line' id='line_1_27' title="bbox 1029 4536 2504 4625; baseline 0.001 -24"><span class='ocrx_word' id='word_1_264' title='bbox 1029 4536 1153 4603; x_wconf 88' lang='lat' dir='ltr'>dicitur</span> <span class='ocrx_word' id='word_1_265' title='bbox 1176 4538 1271 4622; x_wconf 88' lang='lat' dir='ltr'>quod</span> <span class='ocrx_word' id='word_1_266' title='bbox 1295 4540 1442 4622; x_wconf 81' lang='lat' dir='ltr'>angelus</span> <span class='ocrx_word' id='word_1_267' title='bbox 1467 4559 1528 4622; x_wconf 87' lang='lat' dir='ltr'>per</span> <span class='ocrx_word' id='word_1_268' title='bbox 1546 4560 1649 4601; x_wconf 87' lang='lat' dir='ltr'>unam</span> <span class='ocrx_word' id='word_1_269' title='bbox 1668 4551 1701 4602; x_wconf 93' lang='lat' dir='ltr'>et</span> <span class='ocrx_word' id='word_1_270' title='bbox 1718 4539 1865 4603; x_wconf 87' lang='lat' dir='ltr'>eandem</span> <span class='ocrx_word' id='word_1_271' title='bbox 1887 4537 2040 4623; x_wconf 84' lang='lat' dir='ltr'>speciem</span> <span class='ocrx_word' id='word_1_272' title='bbox 2058 4538 2322 4625; x_wconf 63' lang='lat' dir='ltr'>cognoscendo</span> <span class='ocrx_word' id='word_1_273' title='bbox 2345 4548 2504 4603; x_wconf 86' lang='lat' dir='ltr'>naturam</span> 
     </span>
     <span class='ocr_line' id='line_1_28' title="bbox 1027 4652 2502 4739; baseline 0.001 -23"><span class='ocrx_word' id='word_1_274' title='bbox 1027 4652 1159 4739; x_wconf 88' lang='lat' dir='ltr'>speciei</span> <span class='ocrx_word' id='word_1_275' title='bbox 1183 4653 1368 4737; x_wconf 81' lang='lat' dir='ltr'>cognoscit</span> <span class='ocrx_word' id='word_1_276' title='bbox 1403 4665 1437 4717; x_wconf 89' lang='lat' dir='ltr'>et</span> <span class='ocrx_word' id='word_1_277' title='bbox 1467 4653 1584 4718; x_wconf 88' lang='lat' dir='ltr'>omnia</span> <span class='ocrx_word' id='word_1_278' title='bbox 1614 4653 1649 4717; x_wconf 92' lang='lat' dir='ltr'>in</span> <span class='ocrx_word' id='word_1_279' title='bbox 1683 4654 1809 4737; x_wconf 81' lang='lat' dir='ltr'>quilms</span> <span class='ocrx_word' id='word_1_280' title='bbox 1842 4653 1896 4717; x_wconf 92' lang='lat' dir='ltr'>illa</span> <span class='ocrx_word' id='word_1_281' title='bbox 1926 4663 2050 4718; x_wconf 89' lang='lat' dir='ltr'>natura</span> <span class='ocrx_word' id='word_1_282' title='bbox 2083 4663 2278 4718; x_wconf 87' lang='lat' dir='ltr'>reservatur</span> <span class='ocrx_word' id='word_1_283' title='bbox 2308 4654 2502 4719; x_wconf 90' lang='lat' dir='ltr'>secundum</span> 
     </span>
     <span class='ocr_line' id='line_1_29' title="bbox 1027 4767 2504 4855; baseline 0.001 -22"><span class='ocrx_word' id='word_1_284' title='bbox 1027 4769 1122 4853; x_wconf 87' lang='lat' dir='ltr'>quod</span> <span class='ocrx_word' id='word_1_285' title='bbox 1156 4770 1287 4834; x_wconf 91' lang='lat' dir='ltr'>habent</span> <span class='ocrx_word' id='word_1_286' title='bbox 1318 4768 1474 4834; x_wconf 87' lang='lat' dir='ltr'>ordinem</span> <span class='ocrx_word' id='word_1_287' title='bbox 1511 4770 1555 4833; x_wconf 89' lang='lat' dir='ltr'>ad</span> <span class='ocrx_word' id='word_1_288' title='bbox 1587 4768 1784 4834; x_wconf 85' lang='lat' dir='ltr'>huiusmodi</span> <span class='ocrx_word' id='word_1_289' title='bbox 1822 4780 1978 4833; x_wconf 90' lang='lat' dir='ltr'>naturam</span> <span class='ocrx_word' id='word_1_290' title='bbox 2014 4771 2096 4851; x_wconf 77' lang='lat' dir='ltr'>(hoc</span> <span class='ocrx_word' id='word_1_291' title='bbox 2126 4767 2217 4834; x_wconf 91' lang='lat' dir='ltr'>enirn</span> <span class='ocrx_word' id='word_1_292' title='bbox 2254 4768 2394 4854; x_wconf 90' lang='lat' dir='ltr'>requirit</span> <span class='ocrx_word' id='word_1_293' title='bbox 2429 4790 2504 4855; x_wconf 89' lang='lat' dir='ltr'>per·</span> 
     </span>
     <span class='ocr_line' id='line_1_30' title="bbox 1026 4883 2503 4972; baseline 0.001 -24"><span class='ocrx_word' id='word_1_294' title='bbox 1026 4884 1117 4949; x_wconf 84' lang='lat' dir='ltr'>fecta</span> <span class='ocrx_word' id='word_1_295' title='bbox 1142 4884 1296 4972; x_wconf 86' lang='lat' dir='ltr'>cognitio</span> <span class='ocrx_word' id='word_1_296' title='bbox 1324 4887 1492 4967; x_wconf 76' lang='lat' dir='ltr'>naturae),</span> <span class='ocrx_word' id='word_1_297' title='bbox 1519 4884 1695 4949; x_wconf 83' lang='lat' dir='ltr'>individua</span> <span class='ocrx_word' id='word_1_298' title='bbox 1721 4896 1835 4950; x_wconf 88' lang='lat' dir='ltr'>autem</span> <span class='ocrx_word' id='word_1_299' title='bbox 1863 4886 1994 4949; x_wconf 86' lang='lat' dir='ltr'>babent</span> <span class='ocrx_word' id='word_1_300' title='bbox 2021 4884 2178 4949; x_wconf 89' lang='lat' dir='ltr'>ordinem</span> <span class='ocrx_word' id='word_1_301' title='bbox 2203 4895 2237 4950; x_wconf 89' lang='lat' dir='ltr'>et</span> <span class='ocrx_word' id='word_1_302' title='bbox 2263 4883 2503 4950; x_wconf 89' lang='lat' dir='ltr'>habitudinem</span> 
     </span>
    </p>
   </div>
   <div class='ocr_carea' id='block_1_5' title="bbox 1025 5132 2503 6175">
    <p class='ocr_par' dir='ltr' id='par_1_6' title="bbox 1025 5132 2503 6175">
     <span class='ocr_line' id='line_1_31' title="bbox 1116 5132 2503 5204; baseline 0.001 -18"><span class='ocrx_word' id='word_1_303' title='bbox 1116 5137 1155 5198; x_wconf 78' lang='lat' dir='ltr'>(ll</span> <span class='ocrx_word' id='word_1_304' title='bbox 1176 5132 1368 5201; x_wconf 78' lang='lat' dir='ltr'>Augustini</span> <span class='ocrx_word' id='word_1_305' title='bbox 1390 5133 1440 5186; x_wconf 73' lang='lat' dir='ltr'>Aa</span> <span class='ocrx_word' id='word_1_306' title='bbox 1461 5133 1639 5186; x_wconf 80' lang='lat' dir='ltr'>Nebridium</span> <span class='ocrx_word' id='word_1_307' title='bbox 1660 5134 1745 5204; x_wconf 84' lang='lat' dir='ltr'>epist.</span> <span class='ocrx_word' id='word_1_308' title='bbox 1769 5134 1836 5187; x_wconf 81' lang='lat' dir='ltr'>xlv</span> <span class='ocrx_word' id='word_1_309' title='bbox 1857 5134 1898 5191; x_wconf 79' lang='grc' dir='ltr'>(Ρ.</span> <span class='ocrx_word' id='word_1_310' title='bbox 1913 5134 1953 5199; x_wconf 94' lang='lat' dir='ltr'>L.,</span> <span class='ocrx_word' id='word_1_311' title='bbox 1974 5133 2029 5187; x_wconf 82' lang='lat' dir='ltr'>vol.</span> <span class='ocrx_word' id='word_1_312' title='bbox 2044 5135 2086 5199; x_wconf 82' lang='lat'>33,</span> <span class='ocrx_word' id='word_1_313' title='bbox 2106 5132 2161 5187; x_wconf 88' lang='lat' dir='ltr'>col.</span> <span class='ocrx_word' id='word_1_314' title='bbox 2175 5136 2242 5197; x_wconf 72' lang='lat' dir='ltr'>Sol:</span> <span class='ocrx_word' id='word_1_315' title='bbox 2264 5132 2363 5187; x_wconf 75' lang='lat' dir='ltr'>‹ltem</span> <span class='ocrx_word' id='word_1_316' title='bbox 2386 5133 2503 5204; x_wconf 85' lang='lat' dir='ltr'>quaeris</span> 
     </span>
     <span class='ocr_line' id='line_1_32' title="bbox 1025 5219 2503 5292; baseline 0.001 -19"><span class='ocrx_word' id='word_1_317' title='bbox 1025 5230 1121 5274; x_wconf 86' lang='lat' dir='ltr'>utrum</span> <span class='ocrx_word' id='word_1_318' title='bbox 1135 5238 1247 5274; x_wconf 89' lang='lat' dir='ltr'>summa</span> <span class='ocrx_word' id='word_1_319' title='bbox 1267 5220 1316 5273; x_wconf 88' lang='lat' dir='ltr'>illa</span> <span class='ocrx_word' id='word_1_320' title='bbox 1335 5220 1444 5274; x_wconf 72' lang='lat' dir='ltr'>ueritas</span> <span class='ocrx_word' id='word_1_321' title='bbox 1457 5230 1485 5275; x_wconf 91' lang='lat' dir='ltr'>et</span> <span class='ocrx_word' id='word_1_322' title='bbox 1498 5239 1610 5273; x_wconf 88' lang='lat' dir='ltr'>summa</span> <span class='ocrx_word' id='word_1_323' title='bbox 1630 5221 1774 5292; x_wconf 80' lang='lat' dir='ltr'>sapientia</span> <span class='ocrx_word' id='word_1_324' title='bbox 1789 5230 1818 5275; x_wconf 93' lang='lat' dir='ltr'>et</span> <span class='ocrx_word' id='word_1_325' title='bbox 1831 5219 1925 5274; x_wconf 83' lang='lat' dir='ltr'>forma</span> <span class='ocrx_word' id='word_1_326' title='bbox 1939 5238 2043 5287; x_wconf 90' lang='lat' dir='ltr'>rerum,</span> <span class='ocrx_word' id='word_1_327' title='bbox 2056 5237 2109 5291; x_wconf 86' lang='lat' dir='ltr'>per</span> <span class='ocrx_word' id='word_1_328' title='bbox 2122 5239 2208 5291; x_wconf 90' lang='lat' dir='ltr'>quem</span> <span class='ocrx_word' id='word_1_329' title='bbox 2223 5219 2302 5275; x_wconf 84' lang='lat' dir='ltr'>facta</span> <span class='ocrx_word' id='word_1_330' title='bbox 2316 5229 2382 5274; x_wconf 91' lang='lat' dir='ltr'>sunt</span> <span class='ocrx_word' id='word_1_331' title='bbox 2396 5221 2503 5287; x_wconf 87' lang='lat' dir='ltr'>omnia,</span> 
     </span>
     <span class='ocr_line' id='line_1_33' title="bbox 1026 5307 2502 5380; baseline 0.001 -19"><span class='ocrx_word' id='word_1_332' title='bbox 1026 5326 1113 5378; x_wconf 89' lang='lat' dir='ltr'>quem</span> <span class='ocrx_word' id='word_1_333' title='bbox 1135 5308 1238 5362; x_wconf 87' lang='lat' dir='ltr'>Filium</span> <span class='ocrx_word' id='word_1_334' title='bbox 1260 5308 1314 5361; x_wconf 86' lang='lat' dir='ltr'>Dei</span> <span class='ocrx_word' id='word_1_335' title='bbox 1333 5308 1449 5361; x_wconf 86' lang='lat' dir='ltr'>unicum</span> <span class='ocrx_word' id='word_1_336' title='bbox 1469 5326 1554 5362; x_wconf 86' lang='lat' dir='ltr'>sacra</span> <span class='ocrx_word' id='word_1_337' title='bbox 1573 5318 1672 5362; x_wconf 88' lang='lat' dir='ltr'>nostra</span> <span class='ocrx_word' id='word_1_338' title='bbox 1694 5308 1876 5380; x_wconf 83' lang='lat' dir='ltr'>profitentur,</span> <span class='ocrx_word' id='word_1_339' title='bbox 1895 5309 2071 5379; x_wconf 85' lang='lat' dir='ltr'>generaliter</span> <span class='ocrx_word' id='word_1_340' title='bbox 2087 5307 2221 5374; x_wconf 79' lang='lat' dir='ltr'>hominiS,</span> <span class='ocrx_word' id='word_1_341' title='bbox 2241 5325 2277 5361; x_wconf 88' lang='lat' dir='ltr'>an</span> <span class='ocrx_word' id='word_1_342' title='bbox 2296 5307 2385 5361; x_wconf 88' lang='lat' dir='ltr'>etiam</span> <span class='ocrx_word' id='word_1_343' title='bbox 2405 5308 2502 5362; x_wconf 91' lang='lat' dir='ltr'>unius·</span> 
     </span>
     <span class='ocr_line' id='line_1_34' title="bbox 1026 5394 2502 5467; baseline 0 -18"><span class='ocrx_word' id='word_1_344' title='bbox 1026 5395 1167 5467; x_wconf 86' lang='lat' dir='ltr'>cuiusque</span> <span class='ocrx_word' id='word_1_345' title='bbox 1181 5405 1310 5449; x_wconf 91' lang='lat' dir='ltr'>nostrum</span> <span class='ocrx_word' id='word_1_346' title='bbox 1325 5395 1468 5449; x_wconf 86' lang='lat' dir='ltr'>rationem</span> <span class='ocrx_word' id='word_1_347' title='bbox 1482 5396 1640 5450; x_wconf 82' lang='lat' dir='ltr'>contineat.</span> <span class='ocrx_word' id='word_1_348' title='bbox 1654 5398 1759 5465; x_wconf 83' lang='lat' dir='ltr'>&#39;tlagna</span> <span class='ocrx_word' id='word_1_349' title='bbox 1770 5396 1912 5467; x_wconf 86' lang='lat' dir='ltr'>quaestio.</span> <span class='ocrx_word' id='word_1_350' title='bbox 1924 5396 1983 5450; x_wconf 89' lang='lat' dir='ltr'>Sed</span> <span class='ocrx_word' id='word_1_351' title='bbox 1995 5396 2063 5449; x_wconf 85' lang='lat' dir='ltr'>milri</span> <span class='ocrx_word' id='word_1_352' title='bbox 2075 5395 2197 5462; x_wconf 87' lang='lat' dir='ltr'>videtur,</span> <span class='ocrx_word' id='word_1_353' title='bbox 2210 5395 2289 5466; x_wconf 92' lang='lat' dir='ltr'>quod</span> <span class='ocrx_word' id='word_1_354' title='bbox 2302 5395 2339 5449; x_wconf 90' lang='lat' dir='ltr'>ad</span> <span class='ocrx_word' id='word_1_355' title='bbox 2353 5394 2502 5450; x_wconf 87' lang='lat' dir='ltr'>hominem</span> 
     </span>
     <span class='ocr_line' id='line_1_35' title="bbox 1026 5482 2503 5554; baseline 0.001 -18"><span class='ocrx_word' id='word_1_356' title='bbox 1026 5482 1192 5538; x_wconf 82' lang='lat' dir='ltr'>laciendum</span> <span class='ocrx_word' id='word_1_357' title='bbox 1212 5484 1324 5547; x_wconf 80' lang='lat' dir='ltr'>attinet,</span> <span class='ocrx_word' id='word_1_358' title='bbox 1343 5483 1469 5537; x_wconf 89' lang='lat' dir='ltr'>bominis</span> <span class='ocrx_word' id='word_1_359' title='bbox 1483 5483 1601 5554; x_wconf 91' lang='lat' dir='ltr'>quidem</span> <span class='ocrx_word' id='word_1_360' title='bbox 1622 5492 1734 5539; x_wconf 88' lang='lat' dir='ltr'>tantum</span> <span class='ocrx_word' id='word_1_361' title='bbox 1755 5502 1813 5537; x_wconf 92' lang='lat' dir='ltr'>non</span> <span class='ocrx_word' id='word_1_362' title='bbox 1833 5501 1927 5537; x_wconf 88' lang='lat' dir='ltr'>meam</span> <span class='ocrx_word' id='word_1_363' title='bbox 1948 5484 1994 5537; x_wconf 84' lang='lat' dir='ltr'>vel</span> <span class='ocrx_word' id='word_1_364' title='bbox 2009 5493 2088 5537; x_wconf 90' lang='lat' dir='ltr'>tuam</span> <span class='ocrx_word' id='word_1_365' title='bbox 2103 5483 2142 5536; x_wconf 93' lang='lat' dir='ltr'>ibi</span> <span class='ocrx_word' id='word_1_366' title='bbox 2162 5500 2228 5536; x_wconf 90' lang='lat' dir='ltr'>esse</span> <span class='ocrx_word' id='word_1_367' title='bbox 2242 5483 2402 5544; x_wconf 74' lang='lat' dir='ltr'>rationem:</span> <span class='ocrx_word' id='word_1_368' title='bbox 2422 5483 2503 5554; x_wconf 91' lang='lat' dir='ltr'>quod</span> 
     </span>
     <span class='ocr_line' id='line_1_36' title="bbox 1026 5570 2501 5642; baseline 0.001 -19"><span class='ocrx_word' id='word_1_369' title='bbox 1026 5579 1123 5624; x_wconf 89' lang='lat' dir='ltr'>autem</span> <span class='ocrx_word' id='word_1_370' title='bbox 1147 5571 1184 5624; x_wconf 87' lang='lat' dir='ltr'>ad</span> <span class='ocrx_word' id='word_1_371' title='bbox 1206 5572 1307 5625; x_wconf 87' lang='lat' dir='ltr'>orbem</span> <span class='ocrx_word' id='word_1_372' title='bbox 1327 5570 1476 5642; x_wconf 82' lang='lat' dir='ltr'>temporis,</span> <span class='ocrx_word' id='word_1_373' title='bbox 1496 5571 1592 5624; x_wconf 82' lang='lat' dir='ltr'>varias</span> <span class='ocrx_word' id='word_1_374' title='bbox 1611 5571 1760 5625; x_wconf 89' lang='lat' dir='ltr'>hominum</span> <span class='ocrx_word' id='word_1_375' title='bbox 1781 5571 1910 5625; x_wconf 89' lang='lat' dir='ltr'>rationes</span> <span class='ocrx_word' id='word_1_376' title='bbox 1930 5572 1957 5625; x_wconf 94' lang='lat' dir='ltr'>in</span> <span class='ocrx_word' id='word_1_377' title='bbox 1974 5571 2023 5625; x_wconf 89' lang='lat' dir='ltr'>illa</span> <span class='ocrx_word' id='word_1_378' title='bbox 2043 5570 2212 5625; x_wconf 87' lang='lat' dir='ltr'>sinceritate</span> <span class='ocrx_word' id='word_1_379' title='bbox 2232 5572 2358 5625; x_wconf 83' lang='lat' dir='ltr'>vivere...</span> <span class='ocrx_word' id='word_1_380' title='bbox 2378 5571 2453 5625; x_wconf 89' lang='lat' dir='ltr'>Nam</span> <span class='ocrx_word' id='word_1_381' title='bbox 2472 5570 2501 5624; x_wconf 91' lang='lat' dir='ltr'>in</span> 
     </span>
     <span class='ocr_line' id='line_1_37' title="bbox 1025 5658 2502 5731; baseline 0.001 -21"><span class='ocrx_word' id='word_1_382' title='bbox 1025 5658 1180 5730; x_wconf 88' lang='lat' dir='ltr'>disciplina</span> <span class='ocrx_word' id='word_1_383' title='bbox 1194 5658 1354 5712; x_wconf 86' lang='lat' dir='ltr'>mentiendi</span> <span class='ocrx_word' id='word_1_384' title='bbox 1368 5676 1424 5711; x_wconf 89' lang='lat' dir='ltr'>una</span> <span class='ocrx_word' id='word_1_385' title='bbox 1438 5668 1483 5711; x_wconf 88' lang='lat' dir='ltr'>est</span> <span class='ocrx_word' id='word_1_386' title='bbox 1497 5658 1596 5727; x_wconf 86' lang='lat' dir='ltr'>anguli</span> <span class='ocrx_word' id='word_1_387' title='bbox 1609 5658 1693 5725; x_wconf 88' lang='lat' dir='ltr'>ratio,</span> <span class='ocrx_word' id='word_1_388' title='bbox 1707 5677 1762 5712; x_wconf 86' lang='lat' dir='ltr'>una</span> <span class='ocrx_word' id='word_1_389' title='bbox 1778 5659 1920 5731; x_wconf 87' lang='lat' dir='ltr'>quadrati.</span> <span class='ocrx_word' id='word_1_390' title='bbox 1941 5661 2044 5730; x_wconf 88' lang='lat' dir='ltr'>ltaque</span> <span class='ocrx_word' id='word_1_391' title='bbox 2064 5658 2180 5731; x_wconf 90' lang='lat' dir='ltr'>quoties</span> <span class='ocrx_word' id='word_1_392' title='bbox 2195 5659 2397 5713; x_wconf 86' lang='lat' dir='ltr'>demonstrare</span> <span class='ocrx_word' id='word_1_393' title='bbox 2411 5676 2502 5727; x_wconf 82' lang='lat' dir='ltr'>angu-</span> 
     </span>
     <span class='ocr_line' id='line_1_38' title="bbox 1025 5745 2502 5819; baseline 0.001 -20"><span class='ocrx_word' id='word_1_394' title='bbox 1025 5747 1083 5800; x_wconf 89' lang='lat' dir='ltr'>lum</span> <span class='ocrx_word' id='word_1_395' title='bbox 1097 5747 1174 5813; x_wconf 89' lang='lat' dir='ltr'>volo,</span> <span class='ocrx_word' id='word_1_396' title='bbox 1194 5764 1252 5799; x_wconf 89' lang='lat' dir='ltr'>non</span> <span class='ocrx_word' id='word_1_397' title='bbox 1272 5745 1326 5800; x_wconf 91' lang='lat' dir='ltr'>nisi</span> <span class='ocrx_word' id='word_1_398' title='bbox 1346 5764 1403 5799; x_wconf 88' lang='lat' dir='ltr'>uua</span> <span class='ocrx_word' id='word_1_399' title='bbox 1422 5746 1497 5799; x_wconf 86' lang='lat' dir='ltr'>ratio</span> <span class='ocrx_word' id='word_1_400' title='bbox 1517 5747 1614 5814; x_wconf 84' lang='lat' dir='ltr'>anguli</span> <span class='ocrx_word' id='word_1_401' title='bbox 1630 5747 1698 5799; x_wconf 90' lang='lat' dir='ltr'>mibi</span> <span class='ocrx_word' id='word_1_402' title='bbox 1712 5747 1847 5801; x_wconf 85' lang='lat' dir='ltr'>occurrit.</span> <span class='ocrx_word' id='word_1_403' title='bbox 1867 5747 1927 5800; x_wconf 90' lang='lat' dir='ltr'>Sed</span> <span class='ocrx_word' id='word_1_404' title='bbox 1941 5746 2115 5819; x_wconf 89' lang='lat' dir='ltr'>quadratum</span> <span class='ocrx_word' id='word_1_405' title='bbox 2130 5765 2315 5819; x_wconf 88' lang='lat' dir='ltr'>nequaquam</span> <span class='ocrx_word' id='word_1_406' title='bbox 2333 5746 2502 5813; x_wconf 87' lang='lat' dir='ltr'>scriberem,</span> 
     </span>
     <span class='ocr_line' id='line_1_39' title="bbox 1025 5833 2502 5906; baseline 0.001 -19"><span class='ocrx_word' id='word_1_407' title='bbox 1025 5833 1080 5888; x_wconf 90' lang='lat' dir='ltr'>nisi</span> <span class='ocrx_word' id='word_1_408' title='bbox 1094 5842 1219 5905; x_wconf 92' lang='lat' dir='ltr'>quatuor</span> <span class='ocrx_word' id='word_1_409' title='bbox 1232 5833 1316 5887; x_wconf 89' lang='lat' dir='ltr'>simul</span> <span class='ocrx_word' id='word_1_410' title='bbox 1331 5835 1503 5902; x_wconf 80' lang='lat' dir='ltr'>angulorum</span> <span class='ocrx_word' id='word_1_411' title='bbox 1517 5834 1659 5888; x_wconf 82' lang='lat' dir='ltr'>rationem</span> <span class='ocrx_word' id='word_1_412' title='bbox 1673 5834 1801 5895; x_wconf 85' lang='lat' dir='ltr'>intuerer</span> <span class='ocrx_word' id='word_1_413' title='bbox 1815 5852 1820 5888; x_wconf 95' lang='lat'><strong>:</strong></span> <span class='ocrx_word' id='word_1_414' title='bbox 1835 5834 1875 5888; x_wconf 93' lang='lat' dir='ltr'>ita</span> <span class='ocrx_word' id='word_1_415' title='bbox 1889 5834 2010 5905; x_wconf 88' lang='lat' dir='ltr'>quilibet</span> <span class='ocrx_word' id='word_1_416' title='bbox 2024 5836 2112 5889; x_wconf 89' lang='lat' dir='ltr'>bomo</span> <span class='ocrx_word' id='word_1_417' title='bbox 2126 5854 2183 5889; x_wconf 89' lang='lat' dir='ltr'>una</span> <span class='ocrx_word' id='word_1_418' title='bbox 2202 5836 2324 5902; x_wconf 88' lang='lat' dir='ltr'>ratione,</span> <span class='ocrx_word' id='word_1_419' title='bbox 2338 5851 2394 5906; x_wconf 90' lang='lat' dir='ltr'>qua</span> <span class='ocrx_word' id='word_1_420' title='bbox 2412 5834 2502 5888; x_wconf 90' lang='lat' dir='ltr'>homo</span> 
     </span>
     <span class='ocr_line' id='line_1_40' title="bbox 1026 5920 2502 5994; baseline 0.001 -18"><span class='ocrx_word' id='word_1_421' title='bbox 1026 5921 1204 5992; x_wconf 87' lang='lat' dir='ltr'>intelligitur,</span> <span class='ocrx_word' id='word_1_422' title='bbox 1217 5920 1312 5975; x_wconf 86' lang='lat' dir='ltr'>factus</span> <span class='ocrx_word' id='word_1_423' title='bbox 1326 5930 1379 5975; x_wconf 88' lang='lat' dir='ltr'>est.</span> <span class='ocrx_word' id='word_1_424' title='bbox 1399 5923 1439 5974; x_wconf 79' lang='lat' dir='ltr'>At</span> <span class='ocrx_word' id='word_1_425' title='bbox 1458 5930 1489 5974; x_wconf 95' lang='lat' dir='ltr'>ut</span> <span class='ocrx_word' id='word_1_426' title='bbox 1504 5923 1631 5992; x_wconf 69' lang='lat' dir='ltr'>perpulus</span> <span class='ocrx_word' id='word_1_427' title='bbox 1650 5922 1710 5988; x_wconf 84' lang='lat' dir='ltr'>liat,</span> <span class='ocrx_word' id='word_1_428' title='bbox 1724 5921 1858 5994; x_wconf 66' lang='lat' dir='ltr'>qumvis</span> <span class='ocrx_word' id='word_1_429' title='bbox 1877 5933 1906 5975; x_wconf 86' lang='lat' dir='ltr'>et</span> <span class='ocrx_word' id='word_1_430' title='bbox 1920 5923 1982 5992; x_wconf 85' lang='lat' dir='ltr'>ipsa</span> <span class='ocrx_word' id='word_1_431' title='bbox 2003 5941 2060 5976; x_wconf 87' lang='lat' dir='ltr'>una</span> <span class='ocrx_word' id='word_1_432' title='bbox 2080 5923 2163 5990; x_wconf 89' lang='lat' dir='ltr'>ratio,</span> <span class='ocrx_word' id='word_1_433' title='bbox 2183 5941 2240 5978; x_wconf 93' lang='lat' dir='ltr'>non</span> <span class='ocrx_word' id='word_1_434' title='bbox 2261 5933 2358 5977; x_wconf 86' lang='lat' dir='ltr'>tamen</span> <span class='ocrx_word' id='word_1_435' title='bbox 2376 5921 2502 5977; x_wconf 88' lang='lat' dir='ltr'>bominis</span> 
     </span>
     <span class='ocr_line' id='line_1_41' title="bbox 1026 6008 2501 6079; baseline 0 -16"><span class='ocrx_word' id='word_1_436' title='bbox 1026 6010 1109 6077; x_wconf 83' lang='lat' dir='ltr'>ratic,</span> <span class='ocrx_word' id='word_1_437' title='bbox 1123 6010 1176 6063; x_wconf 85' lang='lat' dir='ltr'>sed</span> <span class='ocrx_word' id='word_1_438' title='bbox 1190 6009 1347 6063; x_wconf 91' lang='lat' dir='ltr'>hominum.</span> <span class='ocrx_word' id='word_1_439' title='bbox 1362 6008 1393 6062; x_wconf 91' lang='lat' dir='ltr'>Si</span> <span class='ocrx_word' id='word_1_440' title='bbox 1407 6009 1495 6079; x_wconf 83' lang='lat' dir='ltr'>igitur</span> <span class='ocrx_word' id='word_1_441' title='bbox 1508 6027 1576 6079; x_wconf 82' lang='lat' dir='ltr'>pars</span> <span class='ocrx_word' id='word_1_442' title='bbox 1595 6010 1680 6063; x_wconf 90' lang='lat' dir='ltr'>huius</span> <span class='ocrx_word' id='word_1_443' title='bbox 1700 6009 1828 6063; x_wconf 82' lang='lat' dir='ltr'>universi</span> <span class='ocrx_word' id='word_1_444' title='bbox 1842 6017 1886 6063; x_wconf 85' lang='lat' dir='ltr'>est</span> <span class='ocrx_word' id='word_1_445' title='bbox 1901 6010 2067 6077; x_wconf 87' lang='lat' dir='ltr'>Nebridius,</span> <span class='ocrx_word' id='word_1_446' title='bbox 2081 6012 2156 6065; x_wconf 89' lang='lat' dir='ltr'>sicut</span> <span class='ocrx_word' id='word_1_447' title='bbox 2169 6022 2222 6075; x_wconf 85' lang='lat' dir='ltr'>est,</span> <span class='ocrx_word' id='word_1_448' title='bbox 2236 6020 2266 6064; x_wconf 93' lang='lat' dir='ltr'>et</span> <span class='ocrx_word' id='word_1_449' title='bbox 2281 6028 2367 6065; x_wconf 88' lang='lat' dir='ltr'>omne</span> <span class='ocrx_word' id='word_1_450' title='bbox 2386 6009 2501 6064; x_wconf 87' lang='lat' dir='ltr'>univer·</span> 
     </span>
     <span class='ocr_line' id='line_1_42' title="bbox 1026 6096 2445 6175; baseline 0 -20"><span class='ocrx_word' id='word_1_451' title='bbox 1026 6116 1090 6155; x_wconf 88' lang='lat' dir='ltr'>sum</span> <span class='ocrx_word' id='word_1_452' title='bbox 1104 6096 1236 6173; x_wconf 85' lang='lat' dir='ltr'>partibus</span> <span class='ocrx_word' id='word_1_453' title='bbox 1250 6097 1356 6165; x_wconf 78' lang='lat' dir='ltr'>contit3</span> <span class='ocrx_word' id='word_1_454' title='bbox 1371 6114 1428 6149; x_wconf 87' lang='lat' dir='ltr'>non</span> <span class='ocrx_word' id='word_1_455' title='bbox 1442 6097 1539 6169; x_wconf 87' lang='lat' dir='ltr'>potuit</span> <span class='ocrx_word' id='word_1_456' title='bbox 1552 6097 1680 6152; x_wconf 78' lang='lat' dir='ltr'>universi</span> <span class='ocrx_word' id='word_1_457' title='bbox 1695 6097 1829 6153; x_wconf 88' lang='lat' dir='ltr'>conditor</span> <span class='ocrx_word' id='word_1_458' title='bbox 1843 6098 1923 6155; x_wconf 85' lang='lat' dir='ltr'>Deus</span> <span class='ocrx_word' id='word_1_459' title='bbox 1937 6097 2078 6155; x_wconf 88' lang='lat' dir='ltr'>rationem</span> <span class='ocrx_word' id='word_1_460' title='bbox 2093 6098 2219 6175; x_wconf 84' lang='lat' dir='ltr'>partium</span> <span class='ocrx_word' id='word_1_461' title='bbox 2232 6115 2290 6155; x_wconf 91' lang='lat' dir='ltr'>non</span> <span class='ocrx_word' id='word_1_462' title='bbox 2303 6098 2445 6155; x_wconf 80' lang='lat' dir='ltr'>babere.»</span> 
     </span>
    </p>
   </div>
   <div class='ocr_carea' id='block_1_6' title="bbox 0 0 3354 7992">
    <p class='ocr_par' dir='ltr' id='par_1_7' title="bbox 0 0 3354 7992">
     <span class='ocr_line' id='line_1_43' title="bbox 0 0 3354 7992; baseline 0 0"><span class='ocrx_word' id='word_1_463' title='bbox 0 0 3354 7992; x_wconf 95' lang='lat' dir='ltr'> </span> 
     </span>
    </p>
   </div>
  </div>
 </body>
</html>
