6700 7992
1291 1458 1508 1514 SECUNDUM
1537 1459 1835 1528 QUODLIBETUM‚
1864 1459 1900 1529 Q.
1928 1459 1939 1511 l
2321 1462 2351 1511 51

874 1652 908 1706 et
936 1639 1108 1725 suppositi
1138 1640 1192 1704 vel
1224 1659 1397 1724 personae
1424 1659 1526 1722 quam
1562 1649 1644 1702 nata
1669 1649 1722 1703 est
1749 1640 1879 1703 habere
1907 1660 1978 1703 non
2010 1637 2104 1702 unita
2140 1637 2174 1702 in
2202 1638 2267 1703 se¹
2298 1640 2353 1704 vel

875 1755 910 1820 in
927 1755 1111 1842 supposito
1128 1765 1245 1841 potest
1269 1753 1371 1819 etiam
1395 1755 1525 1818 habere
1550 1753 1645 1818 unita
1662 1753 1780 1818 divino
1802 1753 1997 1839 supposito,
2015 1753 2164 1819 sortiens
2182 1753 2351 1819 rationem

875 1870 1047 1957 suppositi
1082 1869 1190 1935 divini
1226 1870 1281 1935 cui
1317 1869 1434 1934 unitur
1455 1880 1500 1934 et
1535 1868 1636 1933 aliam
1672 1869 1841 1935 rationem
1882 1869 2054 1955 suppositi
2095 1890 2165 1934 non
2207 1870 2352 1935 liabens.

876 1988 1029 2071 Quando
1057 2008 1143 2073 ergo
1178 1985 1293 2050 anima
1326 1984 1402 2050 sine
1435 2005 1583 2070 corpore
1616 1997 1675 2048 aut
1703 1985 1803 2049 simul
1837 2006 1916 2049 cum
1951 2006 2098 2070 corpore
2130 1984 2245 2049 unitur
2273 2006 2354 2071 sup·

875 2101 992 2189 posito
1010 2101 1137 2180 divin0,
1155 2103 1262 2166 habet
1277 2100 1446 2165 rationem
1464 2099 1636 2186 suppositi
1661 2122 1764 2184 quam
1790 2112 1871 2165 nata
1895 2111 1947 2165 est
1971 2103 2100 2166 habere
2125 2123 2196 2165 non
2218 2101 2313 2166 unita
2334 2101 2353 2180 ¹,

876 2229 910 2285 et
938 2219 1007 2283 boc
1039 2219 1043 2302 Ι
1075 2218 1129 2282 vel
1157 2216 1194 2280 in
1223 2237 1261 2281 se
1289 2218 1343 2281 vel
1372 2216 1407 2280 in
1436 2217 1642 2301 composito
1673 2215 1770 2281 Sicut
1795 2238 1881 2303 ergo
1902 2238 1971 2280 non
1992 2215 2003 2249 ²
2027 2227 2206 2301 assumpta
2230 2237 2353 2282 secun·
2382 2171 2549 2298 fofflopva

876 2334 958 2398 dum
975 2354 1014 2398 se
1031 2334 1175 2398 haberet
1198 2331 1369 2397 rationem
1393 2331 1565 2416 suppositi
1590 2331 1800 2417 incomplete
1828 2343 1990 2416 respectu
2015 2331 2157 2396 rationis
2181 2331 2354 2417 suppositi

877 2470 981 2534 quam
1020 2449 1165 2513 haberet
1205 2447 1239 2511 in
1279 2446 1487 2531 composito,
1528 2446 1575 2510 ita
1614 2446 1716 2511 etiam
1757 2447 1852 2511 unita
1890 2447 2008 2511 divino
2044 2447 2239 2532 supposit0,
2275 2447 2356 2512 licet

877 2566 1004 2629 habeat
1030 2563 1198 2628 rationem
1226 2561 1332 2626 divini
1356 2561 1538 2646 suppositi,
1565 2583 1637 2626 non
1665 2561 1719 2625 sui
1744 2562 1816 2626 sive
1834 2564 2028 2627 secundum
2052 2584 2100 2640 se,
2118 2573 2235 2628 tamen
2253 2574 2355 2647 prout

876 2680 953 2766 ipsa
984 2690 1101 2744 manet
1141 2677 1344 2763 imperfecta
1381 2698 1424 2742 eo
1463 2679 1559 2761 quod
1595 2699 1675 2761 pars
1704 2698 1777 2741 non
1813 2689 1891 2743 actu
1921 2678 1955 2741 in
1984 2689 2066 2757 tot0,
2096 2677 2232 2743 videtur
2259 2678 2354 2762 quod

876 2797 964 2860 haec
1003 2793 1090 2859 ratio
1130 2792 1304 2879 suppositi
1344 2792 1387 2857 sit
1418 2793 1630 2876 incompleta
1668 2805 1831 2878 respectu
1870 2793 2012 2857 rationis
2044 2793 2217 2878 suppositi
2252 2815 2355 2878 quam

876 2913 1031 2988 haberet,
1057 2909 1086 2973 si
1114 2908 1214 2974 simul
1243 2930 1322 2974 cum
1354 2929 1502 2992 corpore
1531 2921 1625 2973 esset
1654 2908 1759 2972 unita.
1789 2908 1916 2972 Anima
1943 2909 2035 2973 enim
2064 2931 2135 2973 non
2159 2909 2255 2974 unita
2279 2921 2356 2975 eta

877 3047 1026 3112 corpore
1051 3036 1212 3109 separata
1240 3023 1434 3088 secundum
1459 3045 1497 3088 se
1521 3023 1718 3088 subsistens
1747 3045 1818 3088 non
1847 3024 1972 3089 dicitur
2001 3026 2130 3090 habere
2155 3024 2356 3110 imperfecte

877 3141 1046 3207 rationem
1079 3138 1262 3225 suppositi,
1295 3138 1361 3203 nisi
1393 3139 1474 3223 quia
1505 3138 1708 3223 imperfecte
1740 3140 1845 3204 habet
1872 3139 2040 3205 rationem
2069 3140 2168 3219 entis
2193 3161 2236 3206 eo
2261 3142 2356 3225 quod

878 3257 1072 3322 secundum
1108 3277 1146 3320 se
1175 3276 1246 3320 non
1272 3265 1325 3320 est
1349 3275 1412 3319 ens
1438 3255 1659 3338 completum,
1687 3254 1781 3319 sed³
1808 3277 1888 3339 pars
1916 3255 2004 3320 entis
2033 3255 2195 3341 completi
2224 3267 2259 3322 et
2282 3279 2357 3342 per·
2430 3245 2432 3248 Α

878 3372 969 3439 fecti.
1002 3371 1045 3436 Et
1074 3371 1155 3456 quia
1189 3370 1269 3435 licet
1305 3391 1376 3435 non
1413 3369 1596 3434 inclinetur
1631 3370 1676 3433 ad
1713 3369 1840 3454 aliquid
1878 3371 1911 3434 in
1945 3392 2015 3454 quo
2047 3371 2091 3436 sit
2122 3381 2287 3457 tanquam
2322 3373 2357 3438 in

878 3487 1038 3553 subiecto
1074 3498 1111 3552 ut
1147 3485 1324 3565 accidens
1356 3484 1541 3550 inclinatur
1572 3498 1689 3549 tamen
1721 3487 1766 3549 ad
1800 3485 1929 3570 aliquid
1962 3488 2056 3570 quod
2087 3487 2359 3554 substantialiter

877 3602 1035 3690 perficiat
1066 3613 1100 3668 et
1136 3623 1215 3667 cum
1252 3623 1322 3685 quo
1359 3623 1466 3665 unum
1499 3622 1562 3665 ens
1599 3611 1633 3665 et
1669 3622 1732 3684 per
1763 3622 1801 3666 se
1833 3613 1867 3666 et
1897 3601 2127 3667 essentialiter
2158 3603 2356 3668 constituat.

878 3717 1089 3783 Huiusmodi
1113 3728 1229 3782 autem
1253 3715 1553 3801 imperfectionem
1577 3717 1683 3781 habet
1711 3715 1814 3781 etiam
1839 3738 1918 3782 cum
1943 3716 2058 3782 unitur
2083 3717 2200 3783 divino
2228 3740 2357 3805 suppo-

879 3833 945 3899 sito
978 3833 1054 3898 sine
1082 3853 1240 3918 corpore,
1270 3853 1312 3897 ex
1339 3853 1408 3916 qua
1436 3832 1566 3896 unione
1595 3832 1708 3896 solum
1736 3814 1842 3897 habet
1865 3832 2034 3897 rationem
2058 3833 2230 3918 suppositi
2254 3856 2358 3919 quam

879 3951 1025 4015 haberet
1048 3948 1114 4014 sibi
1138 3947 1311 4014 derelicta.

967 4064 1066 4130 Sicut
1100 4085 1184 4151 ergo
1225 4062 1365 4128 alterius
1410 4062 1526 4127 anima
1569 4064 1674 4127 habet
1712 4074 1826 4128 actum
1868 4063 2092 4129 beatitudinis
2131 4064 2358 4151 imperfectae

879 4181 960 4267 quia
988 4190 1158 4266 separata,
1184 4190 1218 4245 et
1246 4179 1292 4243 ita
1320 4178 1436 4243 anima
1465 4177 1593 4243 Christi
1621 4178 1743 4243 babuit
1770 4200 1849 4243 cum
1879 4192 2040 4265 separata
2067 4180 2175 4245 suita
2199 4202 2358 4267 corpore.

881 4296 1029 4361 Constat
1053 4295 1144 4360 enim
1169 4296 1265 4380 quod
1289 4305 1413 4359 natura
1437 4295 1597 4382 angelica
1621 4316 1712 4378 quae
1737 4296 1931 4360 secundum
1956 4295 2024 4360 se⁴
2047 4306 2129 4360 nata
2153 4299 2359 4363 esthabere

880 4412 1034 4498 perfecte
1052 4410 1221 4476 rationem
1238 4409 1410 4495 suppositi
1428 4421 1462 4475 et
1479 4431 1651 4495 personae
1679 4422 1800 4496 posset
1825 4410 1954 4475 assumi
1979 4433 1999 4474 a
2024 4411 2143 4476 divino
2164 4413 2359 4498 supposit0,

880 4527 970 4592 sicut
1010 4538 1044 4592 et
1074 4526 1190 4591 anima
1228 4527 1303 4590 sola
1341 4525 1417 4590 sine
1457 4546 1614 4611 corpore.
1651 4526 1754 4590 Nunc
1794 4536 1909 4591 autem
1948 4538 2072 4591 natura
2110 4527 2269 4615 angelica
2310 4528 2360 4594 sie

881 4653 1061 4728 assumpta
1098 4663 1140 4706 ex
1174 4641 1305 4706 unione
1342 4640 1543 4706 huiusmodi
1578 4642 1723 4706 haberet
1760 4663 1899 4706 omnem
1937 4643 2079 4706 modum
2118 4653 2153 4707 et
2190 4643 2359 4710 rationem

881 4757 1125 4824 subsistendi⁶
1149 4779 1252 4842 quem
1277 4769 1359 4821 nata
1384 4767 1476 4822 esset
1501 4758 1629 4822 habere
1654 4755 1757 4821 etiam
1782 4759 1976 4821 secundum
2002 4779 2040 4823 se
2065 4780 2137 4823 non
2161 4771 2359 4845 assumpta:

881 4884 916 4940 et
942 4873 1023 4940 ideo
1051 4874 1147 4938 nullo
1175 4874 1281 4938 modo
1309 4883 1403 4938 esset
1430 4872 1634 4957 imperfecta
1662 4872 1697 4936 in
1726 4871 1796 4937 eu⁶
1823 4872 1909 4937 ratio
1938 4873 2120 4958 suppositi.
2146 4875 2218 4940 Sed
2245 4875 2359 4940 anima

881 4999 1052 5075 separata,
1087 5000 1146 5054 aut
1183 5009 1254 5053 non
1292 4987 1343 5053 sic
1375 4990 1520 5053 haberet
1553 5009 1692 5053 omnem
1727 4989 1870 5052 modum
1898 5000 1931 5052 et
1962 4988 2163 5054 rationem⁸
2189 4991 2361 5077 suppositi

821 5090 824 5096 ¹
882 5103 1017 5190 quem⁷
1055 5115 1137 5169 nata
1169 5115 1222 5169 est
1252 5105 1381 5169 habere
1413 5105 1606 5169 secundum
1639 5125 1688 5182 se,
1721 5105 1785 5168 sed
1824 5105 1936 5168 solum
1976 5127 2084 5169 unum
2120 5107 2261 5170 modum
2302 5107 2360 5190 qui

882 5219 1018 5286 videtur
1042 5241 1121 5285 esse
1143 5219 1376 5304 imperfectus,
1404 5241 1512 5304 quare
1537 5230 1571 5284 et
1594 5219 1752 5284 actiones
1776 5219 1949 5304 suppositi
1973 5220 2175 5305 imperfecte
2199 5223 2360 5301 haberet3

883 5346 997 5400 —aut
1021 5356 1133 5420 aeque
1160 5335 1315 5420 perfecte
1339 5336 1483 5399 haberet
1507 5334 1708 5400 omnimode
1733 5334 1901 5399 rationem
1930 5335 2102 5421 suppositi
2130 5348 2164 5401 et
2189 5358 2363 5422 personae

882 5450 998 5516 anima
1026 5450 1122 5515 unita
1149 5450 1200 5516 sic
1228 5449 1414 5536 supposito
1441 5448 1591 5515 divin0⁸
1618 5450 1708 5514 sicut
1736 5461 1770 5515 et
1797 5451 1955 5538 angelus,
1984 5463 2018 5516 et
2049 5473 2121 5517 non
2152 5463 2236 5519 tunc
2267 5465 2363 5520 esset

883 5587 991 5633 causa
1008 5587 1116 5651 quare
1140 5565 1340 5631 huiusmodi
1365 5565 1480 5630 anima
1504 5564 1705 5630 naturaliter
1729 5577 1910 5652 appeteret
1933 5588 1998 5631 suo
2024 5567 2163 5652 corpori
2186 5568 2285 5648 uniri,
2303 5568 2363 5634 si⁹

975 5875 1027 5929 ¹in
1046 5893 1078 5931 se
1098 5908 1132 5916 -
1151 5893 1209 5930 non
1229 5874 1320 5945 unita]
1341 5893 1396 5929 om.
1416 5876 1446 5929 P.
1467 5908 1500 5914 —
1521 5876 1531 5907 ¹
1550 5876 1579 5929 in
1599 5876 1629 5929 P.
1652 5906 1683 5915 —
1703 5877 1773 5929 ’est
1791 5877 1859 5929 add.
1880 5876 1910 5929 P.
1930 5909 1963 5916 —
1984 5879 1993 5909 ⁴
2013 5878 2173 5932 secundum
2194 5883 2236 5951 se]
2256 5900 2312 5936 om.
2325 5870 2363 5936 Ῥ.

884 5996 917 6004 -
938 5966 997 6018 ⁵eo
1011 5965 1045 6018 V.
1059 5996 1092 6003 —
1107 5965 1118 5995 ⁰
1131 5963 1309 6017 subsistendi
1325 5997 1357 6003 -
1371 5963 1525 6033 rationem]
1540 5981 1594 6016 om.
1611 5964 1641 6017 P.
1662 5997 1694 6003 -
1713 5966 1821 6034 'quam
1835 5965 1865 6017 P.
1887 5996 1919 6003 —
1934 5966 1944 5994 ⁸
1962 5965 2117 6037 supposito
2132 5967 2241 6039 divino]
2262 5969 2364 6024 divino

883 6053 1039 6135 supposito
1053 6053 1084 6106 P.
1099 6085 1132 6092 -
1146 6053 1220 6106 'sed
1233 6053 1264 6118 P.
