6700 7992
1040 1420 1072 1471 12
1417 1417 1608 1472 MAGISTRI
1628 1417 1849 1472 GODEFRIDI
1869 1419 1920 1472 DE
1941 1418 2139 1473 FONTIBUS

1039 1608 1092 1662 est
1107 1596 1309 1684 negandum
1334 1595 1417 1681 quin
1445 1618 1487 1663 ex
1514 1596 1579 1661 illis
1607 1597 1770 1663 deveniat
1786 1598 1821 1663 in
1849 1597 2086 1686 cognitionem
2117 1598 2183 1663 Dei
2210 1609 2377 1682 quantum
2402 1599 2446 1664 ad
2471 1621 2513 1666 ea

1039 1733 1128 1796 quae
1156 1711 1222 1777 sibi
1249 1712 1463 1777 conveniunt
1490 1715 1684 1778 seeundum
1713 1736 1751 1779 se
1781 1724 1814 1780 et
1838 1715 2006 1793 absolute,
2031 1713 2121 1779 sicut
2148 1723 2244 1800 patet
2272 1736 2334 1799 per
2357 1736 2399 1780 ea
2423 1736 2512 1799 quae

1037 1828 1220 1893 traduntur
1247 1833 1282 1893 in
1299 1827 1509 1894 duodecimo
1530 1829 1792 1914 Metaphysicae
1809 1832 1866 1914 (1).
1885 1830 1927 1894 Et
1954 1831 2147 1896 secundum
2177 1831 2245 1895 hoc
2273 1829 2513 1916 metaphysica

1037 1943 1152 2010 verius
1170 1953 1263 2009 esset
1278 1944 1430 2010 dicenda
1453 1944 1598 2010 scientia
1623 1955 1657 2010 et
1681 1945 1795 2011 verius
1820 1957 1854 2011 et
1877 1946 2107 2012 universalius
2131 1946 2355 2012 considerare
2373 1946 2417 2013 de
2434 1948 2511 2012 Deo

1038 2081 1142 2144 quam
1166 2059 1224 2124 illa
1247 2081 1336 2144 quae
1361 2060 1561 2126 considerat
1584 2061 1628 2126 de
1652 2062 1731 2127 Deo
1756 2062 1869 2126 solum
1893 2062 2088 2128 secundum
2110 2063 2205 2147 quod
2228 2061 2442 2150 glorificator
2458 2064 2512 2128 vel

1038 2175 1237 2241 defectuum
1263 2177 1452 2260 suppletor.

1098 2291 1220 2388 vItem,
1250 2290 1278 2355 si
1310 2293 1417 2357 homo
1452 2293 1570 2377 lapsus
1601 2314 1674 2358 non
1711 2292 1842 2373 fuisset,
1875 2293 2100 2359 nihilominus
2135 2306 2217 2359 nata
2250 2303 2344 2360 esset
2366 2293 2513 2360 scientia

1038 2427 1128 2492 quae
1153 2407 1271 2472 esset¹
1295 2407 1339 2473 de
1363 2409 1450 2473 Deo.
1469 2408 1673 2474 Secundum
1698 2410 1814 2493 plures
1839 2408 1924 2474 alias
1948 2409 2100 2475 rationes
2124 2409 2226 2475 etiam
2251 2431 2272 2475 a
2295 2409 2389 2476 fideli
2410 2421 2445 2475 et
2460 2422 2513 2476 est

1038 2522 1289 2610 cognoscibilis
1313 2532 1347 2588 et
1371 2523 1524 2589 creditus
1549 2523 1657 2590 fuisse
1682 2524 1876 2612 cognitus²
1899 2547 1919 2589 a
1943 2525 2133 2611 prophetis,
2151 2506 2320 2611 apostolis
2345 2538 2379 2591 et
2403 2525 2512 2593 sacris

1037 2638 1251 2704 doctoribus,

1083 2755 1228 2840 Propter
1260 2756 1354 2840 quod
1389 2755 1493 2840 aliqui
1517 2756 1660 2821 modum
1689 2756 1790 2821 istum
1815 2759 2054 2842 reprobantes
2087 2759 2133 2822 ad
2158 2757 2359 2823 evitandum
2393 2757 2512 2823 incon·

1039 2870 1183 2936 veniens
1201 2872 1296 2955 quod
1313 2870 1348 2935 in
1365 2884 1571 2958 argumento
1588 2871 1700 2957 primo
1718 2871 1902 2953 inducitur,
1921 2873 2040 2938 dicunt
2056 2873 2151 2957 quod
2176 2874 2274 2938 Deus
2295 2875 2362 2938 sub
2379 2873 2512 2939 ratione

1037 2985 1169 3049 infinita
1187 2996 1301 3071 potest
1318 2985 1386 3052 dici
1403 2985 1597 3052 subiectum
1621 2986 1787 3053 scientiae
1812 2988 2004 3072 dupliciter.
2022 2988 2102 3054 Uno
2127 2990 2232 3053 modo
2259 2999 2295 3052 ut
2318 2997 2511 3072 utrumque,

1037 3101 1170 3167 scilicet
1198 3113 1232 3167 et
1256 3123 1311 3167 res
1343 3101 1419 3187 ipsa
1446 3123 1536 3187 quae
1568 3103 1664 3167 Deus
1694 3115 1745 3168 est
1776 3116 1810 3168 et
1838 3103 1914 3188 ipsa
1941 3103 2027 3169 ratio
2058 3102 2236 3169 infinitatis
2265 3103 2309 3168 sit
2336 3103 2510 3169 obiectum

1038 3216 1232 3295 scientiae;
1269 3218 1337 3282 alio
1369 3219 1475 3283 modo
1518 3227 1555 3282 ut
1585 3219 1696 3283 solum
1731 3241 1787 3284 res
1827 3219 1986 3285 subiecta
2017 3219 2063 3284 illi
2087 3218 2211 3284 rationi
2243 3218 2287 3284 sit
2311 3217 2514 3285 obiectum³

1037 3333 1215 3413 scientiae,
1244 3333 1295 3398 sic
1323 3345 1439 3399 tamen
1468 3344 1505 3398 ut
1532 3345 1585 3399 est
1612 3336 1677 3399 sub
1705 3334 1839 3400 ratione
1866 3334 2053 3415 infinitatis,
2082 3347 2118 3400 ut
2145 3312 2234 3419 ipsa'
2253 3333 2407 3399 infinitas
2439 3333 2512 3399 sive

1037 3448 1124 3514 ratio
1150 3448 1327 3513 infinitatis
1351 3449 1395 3513 sit
1418 3450 1595 3533 quoddam
1620 3471 1794 3514 annexum
1819 3451 1958 3516 obiecto
1982 3450 2033 3516 sic
2057 3451 2153 3535 quod
2179 3472 2251 3516 non
2275 3450 2320 3515 sit
2335 3449 2510 3516 obiectum

1037 3566 1103 3630 sub
1120 3564 1254 3630 ratione
1278 3564 1470 3643 eontraria3
1496 3564 1553 3630 illa
1576 3581 1692 3631 tamen
1716 3566 1802 3631 ratio
1827 3588 1899 3632 non
1923 3566 1966 3631 sit
1990 3566 2164 3632 obiectum
2190 3565 2369 3631 scientiae.
2395 3565 2511 3631 Primo

1038 3681 1143 3746 modo
1170 3660 1269 3745 Deus
1295 3692 1348 3746 est
1375 3679 1550 3746 obiectum
1577 3702 1662 3746 suae
1690 3681 1856 3747 scientiae
1886 3682 1993 3746 solius
2018 3693 2051 3747 et
2085 3681 2199 3747 differt
2222 3682 2416 3747 secundum
2444 3681 2512 3746 hoc

1036 3796 1183 3862 scientia
1210 3796 1276 3862 Dei
1304 3817 1394 3881 quae
1424 3809 1476 3862 est
1503 3797 1547 3862 de
1575 3795 1652 3881 ipso
1681 3818 1701 3860 a
1732 3797 1877 3862 scientia
1907 3797 2086 3863 hominum
2114 3808 2149 3862 et
2172 3796 2376 3884 angelorum
2401 3817 2512 3882 penes

1036 3911 1259 3977 subiectum⁴
1286 3913 1483 3977 absolutum
1511 3923 1545 3977 et
1569 3912 1844 3977 determinatum.
1874 3912 1916 3977 Et
1944 3934 1986 3978 ex
2014 3916 2084 3978 hoc
2111 3913 2328 3997 respondent
2354 3911 2511 3978 dieentes

1037 4028 1132 4112 quod
1161 4027 1307 4093 scientia
1335 4027 1434 4093 cuius
1462 4026 1638 4093 obiectum
1666 4039 1719 4093 est
1747 4029 1844 4094 'Deus
1873 4027 2027 4093 infinitus
2060 4030 2126 4093 sub
2154 4042 2288 4092 ratrme
2320 4026 2510 4107 infinitatis

877 4140 942 4206 co'd.
956 4153 982 4205 V
1036 4155 1074 4209 ut
1098 4143 1229 4209 scilicet
1252 4143 1329 4227 ipsa
1351 4143 1438 4208 ratio
1455 4142 1631 4208 infinitatis
1649 4154 1702 4209 est
1719 4143 1904 4223 obiectum,
1923 4156 1975 4209 est
1990 4142 2132 4223 infinita,
2146 4165 2217 4208 non
2236 4156 2352 4209 nutem
2368 4140 2453 4207 illa⁶
2487 4145 2491 4223 Ι

843 4224 1013 4279 fol.253Rb
1036 4258 1072 4324 in
1096 4281 1165 4344 qua
1190 4259 1276 4324 ratio
1301 4257 1478 4324 infinitatis
1503 4270 1556 4324 est
1580 4280 1717 4325 annexa
1740 4259 1806 4345 ipsi
1830 4259 1981 4325 obiecto.

1126 4374 1198 4440 Sed
1222 4374 1287 4439 ista
1314 4373 1490 4439 distinctio
1514 4395 1586 4439 non
1615 4374 1751 4440 videtur
1774 4375 2000 4453 conveniens,
2029 4395 2097 4440 nec
2124 4374 2168 4439 ad
2193 4373 2413 4439 evadendum
2442 4372 2511 4439 die·

1036 4501 1108 4556 tum
1132 4489 1383 4556 inconveniens
1408 4489 1544 4555 videtur
1567 4478 1776 4555 necessaria.
1802 4489 1952 4554 Primum
1977 4500 2073 4575 patet
2096 4488 2208 4574 quia⁰
2231 4509 2311 4554 cum
2340 4487 2510 4553 infinitum

1036 4606 1226 4691 accipiatur
1253 4604 1348 4692 pr0⁷
1379 4606 1532 4690 quodam
1567 4604 1731 4671 attributo
1764 4605 1959 4690 pertinente
1998 4605 2043 4685 ad
2075 4603 2227 4669 divinam
2259 4603 2509 4689 perfectionem

1036 4724 1125 4789 sicut
1152 4722 1337 4788 aeternitas
1356 4720 1377 4801 ⁸,
1395 4721 1608 4806 ,simplicitas
1641 4731 1675 4786 et
1705 4720 1769 4785 alia
1802 4721 2011 4798 huiusmodi,
2041 4720 2131 4786 sicut
2162 4742 2235 4785 non
2264 4719 2388 4786 dicitur
2415 4721 2507 4804 quod

1036 4841 1133 4905 Deus
1150 4838 1194 4904 sit
1210 4837 1385 4905 obiectum
1402 4858 1487 4902 suae
1504 4837 1670 4902 scientiae
1694 4839 1760 4901 sul)
1785 4836 1920 4901 ratione
1945 4835 2156 4902 aeternitatis
2173 4836 2227 4900 vel
2245 4834 2472 4920 simplicitatis¹
2490 4839 2499 4855 ''

1035 4955 1082 5021 ita
1105 4954 1208 5020 etiam
1235 4974 1301 5020 nec
1326 4955 1391 5018 sub
1416 4952 1550 5017 ratione
1575 4951 1761 5017 infinitatis.
1780 4952 1878 5016 Talia
1898 4952 1990 5017 enirn
2015 4962 2176 5035 respectu
2203 4950 2268 5016 Dei
2293 4972 2364 5015 non
2391 4951 2445 5013 nn

1035 5070 1203 5136 rationem
1236 5070 1413 5135 formalem
1446 5067 1603 5147 subiecti,
1639 5069 1702 5133 sed
1735 5068 1834 5151 quasi
1867 5069 2035 5151 quasdam
2069 5066 2299 5151 proprietates
2329 5068 2379 5126 ul

1035 5188 1204 5272 quasdam
1229 5185 1411 5270 passiones
1436 5183 1554 5269 ipsius,
1578 5196 1819 5268 supponentes
1844 5182 2039 5247 subiectum
2065 5183 2258 5246 secundum
2286 5205 2344 5242 sn:-

1035 5324 1115 5369 nem
1151 5303 1339 5381 formalem,
1372 5300 1503 5365 nullum
1535 5299 1652 5363 talium
1686 5298 1883 5383 specialiter
1914 5297 2211 5362 (letenninantem,
2245 5322 2286 5355 nn

1035 5420 1230 5484 secundum
1264 5415 1580 5483 considerationem
1612 5414 1841 5479 universalem
1867 5427 1899 5478 et
1938 5414 2133 5477 absolutam
2166 5412 2234 5474 indi

1126 5706 1132 5734 ¹
1147 5721 1212 5756 esse
1233 5703 1265 5768 V,
1280 5701 1335 5754 litt.
1349 5708 1360 5753 t
1374 5700 1426 5751 del.
1448 5700 1477 5750 Ρ.
1502 5730 1531 5737 -
1552 5697 1703 5751 ¹·'creditus
1725 5698 1753 5748 Ρ.
1769 5730 1800 5734 -
1815 5699 1826 5727 ³
1839 5698 2000 5749 subiectum
2021 5697 2047 5746 l'.

1034 5795 1044 5821 ‘⁵
1058 5791 1137 5861 quod
1150 5791 1180 5843 P.
1198 5822 1227 5829 —
1245 5791 1325 5859 ⁷quo
1339 5788 1369 5840 P.
1384 5820 1416 5825 —
1431 5788 1442 5817 ⁸
1455 5787 1500 5840 vel
1515 5787 1583 5838 adri.
1599 5787 1628 5838 P.
1645 5817 1674 5824 -
1691 5789 1742 5837 ”et
1757 5786 1812 5836 ulia
1834 5817 1860 5822 -
1875 5783 2064 5852 simplicitati*

1124 6042 1162 6099 lll
1174 6034 1386 6091 Aristotelis
1400 6033 1610 6103 Metu-physico,
1626 6033 1643 6085 l.
1660 6032 1699 6084 XI
1716 6031 1773 6095 (ed.
1789 6031 1922 6083 Bekkcri.
