6700 7992
1205 1472 1423 1530 sacuuuuu
1451 1472 1751 1545 Quouuasruu,
1777 1472 1814 1545 Q.
1843 1470 1867 1526 x
2226 1462 2277 1529 uo

799 1668 971 1721 summum
1011 1656 1152 1721 bonum.
1190 1654 1262 1721 Sed
1297 1654 1478 1720 beatitudo
1514 1654 1675 1721 consistit
1714 1655 1749 1720 in
1785 1664 1865 1721 actu
1901 1654 2094 1721 intellectus
2136 1676 2208 1721 non
2241 1654 2276 1721 in

799 1782 880 1839 actu
902 1770 1088 1838 voluntatis
1119 1773 1313 1838 secundum
1344 1770 1427 1836 illud
1458 1770 1624 1836 Iohannis
1640 1773 1698 1855 (l),
1732 1770 1870 1837 decimo
1901 1770 2070 1857 septimo:
2103 1773 2191 1837 haec
2223 1784 2277 1837 est

798 1886 868 1954 vita
905 1898 1049 1954 aeterna
1087 1900 1124 1953 ut
1159 1900 1378 1975 cognoscant
1412 1897 1446 1952 te
1480 1909 1589 1952 unum
1627 1888 1743 1953 Deum
1782 1898 1816 1953 et
1857 1909 1960 1972 quem
2001 1886 2120 1953 misisti
2162 1888 2274 1953 lesum

799 2003 985 2070 Christum.
1010 2004 1129 2088 Quare
1153 2016 1188 2070 et
1207 2014 1332 2071 cetera.

888 2120 1029 2188 Contra.
1061 2121 1121 2186 llla
1144 2120 1302 2207 potentia
1326 2133 1379 2187 est
1402 2120 1627 2186 excellentior
1650 2120 1684 2185 in
1710 2142 1779 2205 qua
1812 2132 1865 2187 est
1896 2120 2035 2186 habitus·
2060 2120 2133 2186 sive
2168 2120 2275 2186 virtus

799 2235 1028 2304 excellentior.
1065 2236 1137 2304 Sed
1166 2237 1328 2303 voluntas
1356 2248 1409 2303 est
1441 2236 1652 2316 huiusmodi,
1685 2236 1767 2323 quia
1800 2236 1835 2301 in
1864 2238 2042 2302 voluntate
2066 2249 2119 2303 est
2150 2235 2275 2302 caritas

799 2373 889 2439 quae
909 2362 962 2419 est
989 2353 1212 2420 excellentior
1227 2375 1331 2438 quam
1360 2351 1532 2439 sapientia
1555 2374 1646 2438 quae
1671 2365 1725 2419 est
1747 2352 1783 2418 in
1806 2352 1993 2419 intellectu.
2019 2353 2108 2418 Nam
2133 2353 2275 2419 ordines

799 2470 1001 2559 angelorum
1018 2469 1278 2558 distinguuntur
1302 2483 1336 2535 et
1353 2469 1559 2535 ordinantur
1580 2470 1775 2536 secundum
1793 2469 2049 2536 distinctionem
2067 2481 2101 2536 et
2117 2469 2274 2535 ordinem

798 2586 972 2653 donorum
996 2585 1123 2671 quibus
1147 2585 1373 2671 perficiuntur
1396 2598 1430 2652 et
1454 2585 1644 2671 aquibus¹
1666 2586 1944 2653 denominantur.
1971 2586 2134 2652 Summus
2158 2598 2274 2652 autem

798 2701 886 2769 ordo
902 2702 1105 2791 angelorum
1130 2701 1378 2768 denominatur
1401 2703 1445 2766 ab
1469 2703 1593 2768 ardore
1618 2701 1770 2768 caritatis
1794 2724 1867 2768 non
1884 2713 1999 2769 autem
2025 2723 2046 2767 a
2070 2701 2275 2788 limpiditate

799 2817 1114 2904 contemplationis.
1140 2818 1260 2902 Quare
1284 2831 1319 2885 et
1341 2832 1469 2885 cetera.

886 2935 1079 3013 Praeterea,
1104 2934 1161 2999 illa
1184 2934 1341 3019 potentia
1365 2947 1418 3001 est
1445 2934 1670 3001 excellentior
1703 2957 1793 3020 quae
1824 2935 1987 3002 omnibus
2018 2935 2093 3000 aliis
2129 2935 2274 3021 imperat

798 3061 832 3117 et
856 3071 916 3118 eas
931 3062 1058 3131 movet,
1074 3050 1151 3137 ipsa
1167 3065 1282 3117 autem
1300 3072 1319 3115 a
1336 3050 1432 3117 nullo
1449 3051 1636 3118 movetur²
1659 3072 1726 3118 nec
1750 3052 1864 3137 aliqua
1889 3052 2045 3138 potentia
2069 3052 2099 3118 ei
2116 3052 2272 3137 imperat,

798 3187 901 3252 quam
925 3188 1168 3253 quaecumque
1192 3168 1349 3254 potentia
1373 3189 1464 3253 quae
1492 3169 1537 3233 ab
1565 3168 1633 3234 alio
1661 3180 1821 3235 movetur
1848 3180 1882 3235 et
1909 3170 1954 3234 ab
1981 3169 2046 3233 alia
2075 3168 2271 3254 imperatur.

797 3282 869 3349 Sed
903 3283 1065 3349 voluntas
1092 3297 1209 3349 movet
1235 3284 1321 3349 alias
1346 3284 1522 3369 potentias
1555 3296 1589 3350 et
1616 3284 1667 3350 eis
1692 3283 1848 3371 imperat,
1884 3297 1918 3351 et
1945 3307 1965 3349 a
1993 3284 2089 3350 nullo
2117 3296 2274 3350 movetur

796 3399 860 3466 sed
876 3420 915 3465 se
930 3399 1042 3486 ipsam
1058 3412 1185 3467 movet.
1202 3400 1356 3485 alioquin
1373 3400 1500 3486 periret
1517 3400 1662 3466 liberum
1680 3400 1873 3481 arbitrium;
1891 3423 1958 3467 nec
1975 3402 2090 3487 aliqua
2116 3400 2272 3487 potentia

797 3514 829 3581 ei
854 3514 1000 3601 imperat
1029 3516 1110 3602 quia
1142 3516 1220 3603 ipsa
1243 3518 1319 3583 sola
1351 3518 1458 3583 habet
1481 3516 1673 3583 dominium
1698 3516 1752 3582 sui
1785 3530 1894 3583 actus.
1929 3518 2049 3601 Quare
2079 3529 2113 3582 et
2146 3529 2271 3583 cetera.

884 3631 1083 3719 Responsio
1106 3632 1142 3698 in
1165 3632 1444 3721 libromagistri.

1376 4095 1618 4179 Quaestio
1641 4096 1685 4162 x.

926 4320 1068 4400 [irum
1098 4322 1252 4397 curilcis
1279 4323 1362 4398 sive
1389 4322 1631 4426 quicumque
1656 4324 1818 4399 habitus·
1839 4326 1970 4425 poss-it
1997 4322 2146 4425 aligeri

1366 4466 1445 4557 per
1470 4458 1696 4534 essentium.

881 4782 1020 4853 Deinde
1042 4786 1135 4854 circa
1158 4786 1308 4853 animam
1332 4802 1499 4873 quantum
1524 4788 1568 4853 ad
1585 4787 1724 4854 habitus
1750 4786 1970 4873 perficientes
1995 4788 2070 4855 uiua
2094 4790 2268 4876 potentias

794 4903 1050 4987 quaerebantur
1076 4905 1249 4988 quaedam
1288 4904 1497 4991 pertinentia
1531 4904 1576 4969 ad
1613 4904 1752 4970 habitus·
1789 4903 1926 4971 animae
1962 4905 1994 4972 in
2033 4906 2198 4991 generali,
2235 4920 2269 4974 et

793 5016 905 5104 primo
931 5021 1163 5104 quaerebatur
1196 5042 1304 5086 unum
1333 5020 1463 5087 adlicet
1489 5036 1601 5087 utrum
1637 5020 1763 5086 caritas
1792 5020 1863 5087 sive
1890 5020 2101 5107 quicumque
2130 5022 2267 5089 habitus

792 5132 904 5221 possit
927 5135 1048 5224 augeri
1071 5158 1135 5222 per
1157 5136 1356 5204 essentiam.
1381 5136 1426 5202 Et
1452 5138 1665 5225 arguebatur
1688 5136 1783 5221 quod
1808 5136 1934 5205 caritas·
1959 5138 2031 5203 sive
2057 5138 2267 5225 quicumque

792 5250 932 5317 habitus
950 5268 1121 5339 augeatur
1143 5274 1207 5339 per
1229 5254 1427 5320 essentiam.
1453 5254 1534 5340 quia
1559 5254 1640 5318 illud
1669 5254 1758 5341 per³
1783 5276 1879 5320 suam
1905 5254 2090 5321 essentium
2120 5268 2267 5343 atigetur

792 5367 888 5452 quod
910 5370 1105 5434 secundum
1131 5391 1169 5435 se
1301 5371 1335 5435 in
1364 5392 1402 5435 s-ze
1430 5388 1483 5435 est
1514 5370 1624 5457 magis
1654 5370 1707 5435 vel
1733 5370 1856 5447 minue,
1886 5382 2013 5438 utnon
2044 5372 2154 5437 sulum
2184 5372 2264 5438 illud

791 5480 827 5549 in
857 5506 929 5569 quo
960 5498 1015 5551 est
1045 5485 1171 5552 dicitur
1197 5488 1390 5552 secandum
1416 5486 1524 5551 illud*
1548 5484 1658 5572 augia.
1691 5488 1750 5551 ‘rt‘
1783 5486 1906 5553 minue.
1941 5484 2039 5553 Sed'·
2072 5489 2262 5555 ¹seeundum

879 5798 1871 5870 ¹aq11ibusjali;·.i‘:·;·='i·.-’a-,azone-u,nullm-undul’.
1907 5830 1918 5837 -
1946 5802 2043 5855 'illud
2065 5820 2117 5873 per
2154 5802 2264 5871 “illud

790 5884 1367 5941 idP.-⁴ve1add.P.-²m.u.

876 6094 918 6159 (l)
937 6091 1055 6166 Emng.
1075 6094 1235 6147 mundum
1254 6092 1324 6147 Idi„
1344 6092 1434 6147 ΠΗ.
1454 6097 1478 6145 ⁶5.
