<?xml version="1.0" encoding="UTF-8"?>
<!DOCTYPE html PUBLIC "-//W3C//DTD XHTML 1.0 Transitional//EN"
    "http://www.w3.org/TR/xhtml1/DTD/xhtml1-transitional.dtd">
<html xmlns="http://www.w3.org/1999/xhtml" xml:lang="en" lang="en">
 <head>
  <title>
</title>
<meta http-equiv="Content-Type" content="text/html;charset=utf-8" />
  <meta name='ocr-system' content='tesseract 3.04.00' />
  <meta name='ocr-capabilities' content='ocr_page ocr_carea ocr_par ocr_line ocrx_word'/>
</head>
<body>
  <div class='ocr_page' id='page_1' title='image "./lesquatrepremie00wulfgoog_0214.png"; bbox 0 0 6700 7992; ppageno 0'>
   <div class='ocr_carea' id='block_1_1' title="bbox 1268 1454 2311 1527">
    <p class='ocr_par' dir='ltr' id='par_1_1' title="bbox 1268 1454 2311 1527">
     <span class='ocr_line' id='line_1_1' title="bbox 1268 1454 2311 1527; baseline -0.007 -17"><span class='ocrx_word' id='word_1_1' title='bbox 1268 1456 1442 1510; x_wconf 78' lang='lat' dir='ltr'><strong>reantur</strong></span> <span class='ocrx_word' id='word_1_2' title='bbox 1474 1455 1773 1527; x_wconf 69' lang='lat' dir='ltr'><strong>Quoneloll&#39;st&#39;n,</strong></span> <span class='ocrx_word' id='word_1_3' title='bbox 1802 1454 1905 1524; x_wconf 80' lang='lat' dir='ltr'><strong>Q.1v</strong></span> <span class='ocrx_word' id='word_1_4' title='bbox 2266 1454 2311 1503; x_wconf 77' lang='grc'><strong>191</strong></span> 
     </span>
    </p>
   </div>
   <div class='ocr_carea' id='block_1_2' title="bbox 842 1631 2334 5779">
    <p class='ocr_par' dir='ltr' id='par_1_2' title="bbox 842 1631 2317 1953">
     <span class='ocr_line' id='line_1_2' title="bbox 842 1631 2317 1725; baseline -0.005 -20"><span class='ocrx_word' id='word_1_5' title='bbox 842 1637 1073 1725; x_wconf 89' lang='lat' dir='ltr'><strong>compositum</strong></span> <span class='ocrx_word' id='word_1_6' title='bbox 1099 1658 1141 1703; x_wconf 88' lang='lat' dir='ltr'><strong>ex</strong></span> <span class='ocrx_word' id='word_1_7' title='bbox 1166 1637 1308 1702; x_wconf 87' lang='lat' dir='ltr'><strong>materia</strong></span> <span class='ocrx_word' id='word_1_8' title='bbox 1333 1636 1460 1719; x_wconf 22' lang='lat' dir='ltr'><strong>etl-iam}</strong></span> <span class='ocrx_word' id='word_1_9' title='bbox 1489 1637 1599 1700; x_wconf 86' lang='lat' dir='ltr'><strong>forma</strong></span> <span class='ocrx_word' id='word_1_10' title='bbox 1623 1635 1696 1699; x_wconf 75' lang='lat' dir='ltr'><strong>sire</strong></span> <span class='ocrx_word' id='word_1_11' title='bbox 1722 1657 1763 1699; x_wconf 92' lang='lat' dir='ltr'><strong>ex</strong></span> <span class='ocrx_word' id='word_1_12' title='bbox 1789 1633 1943 1719; x_wconf 86' lang='lat' dir='ltr'><strong>potentia</strong></span> <span class='ocrx_word' id='word_1_13' title='bbox 1968 1631 2317 1713; x_wconf 72' lang='lat' dir='ltr'><strong>etaet11,x·&#39;ideturse</strong></span> 
     </span>
     <span class='ocr_line' id='line_1_3' title="bbox 842 1750 2317 1837; baseline -0.005 -17"><span class='ocrx_word' id='word_1_14' title='bbox 842 1756 972 1820; x_wconf 84' lang='lat' dir='ltr'><strong>habere</strong></span> <span class='ocrx_word' id='word_1_15' title='bbox 1003 1755 1047 1819; x_wconf 90' lang='lat' dir='ltr'><strong>ad</strong></span> <span class='ocrx_word' id='word_1_16' title='bbox 1079 1776 1158 1819; x_wconf 87' lang='lat' dir='ltr'><strong>esse</strong></span> <span class='ocrx_word' id='word_1_17' title='bbox 1191 1753 1393 1819; x_wconf 79' lang='lat' dir='ltr'><strong>existentiae</strong></span> <span class='ocrx_word' id='word_1_18' title='bbox 1426 1752 1489 1817; x_wconf 84' lang='lat' dir='ltr'><strong>sibi</strong></span> <span class='ocrx_word' id='word_1_19' title='bbox 1523 1753 1804 1837; x_wconf 78' lang='lat' dir='ltr'><strong>erirrespomlens</strong></span> <span class='ocrx_word' id='word_1_20' title='bbox 1844 1750 1933 1815; x_wconf 86' lang='lat' dir='ltr'><strong>sieut</strong></span> <span class='ocrx_word' id='word_1_21' title='bbox 1966 1750 2106 1815; x_wconf 82' lang='lat' dir='ltr'><strong>materia</strong></span> <span class='ocrx_word' id='word_1_22' title='bbox 2138 1771 2216 1815; x_wconf 84' lang='lat' dir='ltr'><strong>eum</strong></span> <span class='ocrx_word' id='word_1_23' title='bbox 2252 1769 2317 1813; x_wconf 87' lang='lat' dir='ltr'><strong>suo</strong></span> 
     </span>
     <span class='ocr_line' id='line_1_4' title="bbox 843 1868 1743 1953; baseline -0.004 -17"><span class='ocrx_word' id='word_1_24' title='bbox 843 1883 923 1937; x_wconf 87' lang='lat' dir='ltr'><strong>actu</strong></span> <span class='ocrx_word' id='word_1_25' title='bbox 947 1869 1164 1936; x_wconf 85' lang='lat' dir='ltr'><strong>substantiae</strong></span> <span class='ocrx_word' id='word_1_26' title='bbox 1188 1871 1231 1933; x_wconf 85' lang='lat' dir='ltr'><strong>ad</strong></span> <span class='ocrx_word' id='word_1_27' title='bbox 1257 1892 1336 1933; x_wconf 86' lang='lat' dir='ltr'><strong>esse</strong></span> <span class='ocrx_word' id='word_1_28' title='bbox 1361 1870 1642 1953; x_wconf 69' lang='lat' dir='ltr'><strong>correspomleum</strong></span> <span class='ocrx_word' id='word_1_29' title='bbox 1667 1868 1743 1932; x_wconf 84' lang='lat' dir='ltr'><strong>sibi.</strong></span> 
     </span>
    </p>

    <p class='ocr_par' dir='ltr' id='par_1_3' title="bbox 844 1983 2334 5779">
     <span class='ocr_line' id='line_1_5' title="bbox 932 1983 2318 2069; baseline -0.003 -18"><span class='ocrx_word' id='word_1_30' title='bbox 932 1987 975 2052; x_wconf 86' lang='lat' dir='ltr'><strong>Et</strong></span> <span class='ocrx_word' id='word_1_31' title='bbox 991 1986 1125 2051; x_wconf 88' lang='lat' dir='ltr'><strong>videtur</strong></span> <span class='ocrx_word' id='word_1_32' title='bbox 1142 1985 1346 2069; x_wconf 64' lang='lat' dir='ltr'><strong>contingere</strong></span> <span class='ocrx_word' id='word_1_33' title='bbox 1364 1985 1525 2069; x_wconf 70' lang='lat' dir='ltr'><strong>&lt;lecelino</strong></span> <span class='ocrx_word' id='word_1_34' title='bbox 1544 1986 1576 2048; x_wconf 95' lang='lat' dir='ltr'><strong>in</strong></span> <span class='ocrx_word' id='word_1_35' title='bbox 1595 1985 1652 2049; x_wconf 93' lang='lat' dir='ltr'><strong>illo</strong></span> <span class='ocrx_word' id='word_1_36' title='bbox 1675 1984 1773 2049; x_wconf 76' lang='lat' dir='ltr'><strong>sirnili</strong></span> <span class='ocrx_word' id='word_1_37' title='bbox 1792 1986 1887 2069; x_wconf 61' lang='lat' dir='ltr'><strong>rrirod</strong></span> <span class='ocrx_word' id='word_1_38' title='bbox 1906 1984 1999 2069; x_wconf 70' lang='lat' dir='ltr'><strong>[rrius</strong></span> <span class='ocrx_word' id='word_1_39' title='bbox 2020 1983 2238 2069; x_wconf 79' lang='lat' dir='ltr'><strong>pr‹.›positunr</strong></span> <span class='ocrx_word' id='word_1_40' title='bbox 2256 1993 2318 2061; x_wconf 91' lang='lat' dir='ltr'><strong>est,</strong></span> 
     </span>
     <span class='ocr_line' id='line_1_6' title="bbox 844 2099 2319 2187; baseline -0.004 -18"><span class='ocrx_word' id='word_1_41' title='bbox 844 2126 887 2169; x_wconf 87' lang='lat' dir='ltr'><strong>ex</strong></span> <span class='ocrx_word' id='word_1_42' title='bbox 910 2105 979 2168; x_wconf 87' lang='lat' dir='ltr'><strong>hoe</strong></span> <span class='ocrx_word' id='word_1_43' title='bbox 1003 2104 1098 2187; x_wconf 85' lang='lat' dir='ltr'><strong>quod</strong></span> <span class='ocrx_word' id='word_1_44' title='bbox 1123 2101 1280 2167; x_wconf 89' lang='lat' dir='ltr'><strong>extensio</strong></span> <span class='ocrx_word' id='word_1_45' title='bbox 1309 2101 1391 2165; x_wconf 83' lang='lat' dir='ltr'><strong>dicit</strong></span> <span class='ocrx_word' id='word_1_46' title='bbox 1415 2100 1679 2165; x_wconf 89' lang='lat' dir='ltr'><strong>detenuinatum</strong></span> <span class='ocrx_word' id='word_1_47' title='bbox 1704 2103 1850 2183; x_wconf 62' lang='lat' dir='ltr'><strong>{gradum</strong></span> <span class='ocrx_word' id='word_1_48' title='bbox 1876 2112 1908 2165; x_wconf 89' lang='lat' dir='ltr'><strong>et</strong></span> <span class='ocrx_word' id='word_1_49' title='bbox 1937 2101 2077 2165; x_wconf 91' lang='lat' dir='ltr'><strong>modum</strong></span> <span class='ocrx_word' id='word_1_50' title='bbox 2107 2099 2196 2165; x_wconf 89' lang='lat' dir='ltr'><strong>entis</strong></span> <span class='ocrx_word' id='word_1_51' title='bbox 2224 2099 2319 2183; x_wconf 86' lang='lat' dir='ltr'><strong>quod</strong></span> 
     </span>
     <span class='ocr_line' id='line_1_7' title="bbox 844 2214 2319 2303; baseline -0.004 -18"><span class='ocrx_word' id='word_1_52' title='bbox 844 2230 897 2285; x_wconf 87' lang='lat' dir='ltr'><strong>est</strong></span> <span class='ocrx_word' id='word_1_53' title='bbox 921 2218 1105 2303; x_wconf 61' lang='lat' dir='ltr'><strong>quantitas</strong></span> <span class='ocrx_word' id='word_1_54' title='bbox 1130 2239 1201 2281; x_wconf 90' lang='lat' dir='ltr'><strong>non</strong></span> <span class='ocrx_word' id='word_1_55' title='bbox 1225 2217 1484 2302; x_wconf 85' lang='lat' dir='ltr'><strong>plurilieabilem</strong></span> <span class='ocrx_word' id='word_1_56' title='bbox 1511 2216 1543 2280; x_wconf 94' lang='lat' dir='ltr'><strong>in</strong></span> <span class='ocrx_word' id='word_1_57' title='bbox 1569 2218 1693 2281; x_wconf 85' lang='lat' dir='ltr'><strong>eodem</strong></span> <span class='ocrx_word' id='word_1_58' title='bbox 1720 2216 1878 2282; x_wconf 81' lang='lat' dir='ltr'><strong>subiecto</strong></span> <span class='ocrx_word' id='word_1_59' title='bbox 1904 2216 2142 2283; x_wconf 69' lang='lat' dir='ltr'><strong>essentialiter.</strong></span> <span class='ocrx_word' id='word_1_60' title='bbox 2172 2215 2215 2280; x_wconf 79' lang='lat' dir='ltr'><strong>Et</strong></span> <span class='ocrx_word' id='word_1_61' title='bbox 2239 2214 2319 2279; x_wconf 87' lang='lat' dir='ltr'><strong>ideo</strong></span> 
     </span>
     <span class='ocr_line' id='line_1_8' title="bbox 845 2331 2320 2418; baseline -0.005 -16"><span class='ocrx_word' id='word_1_62' title='bbox 845 2336 963 2402; x_wconf 88' lang='lat' dir='ltr'><strong>omnia</strong></span> <span class='ocrx_word' id='word_1_63' title='bbox 980 2333 1073 2401; x_wconf 81' lang='lat' dir='ltr'>entia</span> <span class='ocrx_word' id='word_1_64' title='bbox 1090 2334 1124 2398; x_wconf 94' lang='lat' dir='ltr'><strong>in</strong></span> <span class='ocrx_word' id='word_1_65' title='bbox 1142 2347 1288 2399; x_wconf 85' lang='lat' dir='ltr'><strong>extenso</strong></span> <span class='ocrx_word' id='word_1_66' title='bbox 1306 2332 1363 2397; x_wconf 82' lang='lat' dir='ltr'><strong>tali</strong></span> <span class='ocrx_word' id='word_1_67' title='bbox 1381 2332 1583 2397; x_wconf 87' lang='lat' dir='ltr'><strong>extensione</strong></span> <span class='ocrx_word' id='word_1_68' title='bbox 1602 2354 1673 2395; x_wconf 74' lang='lat' dir='ltr'><strong>nsm</strong></span> <span class='ocrx_word' id='word_1_69' title='bbox 1692 2332 1854 2397; x_wconf 79' lang='lat' dir='ltr'><strong>dicuntur</strong></span> <span class='ocrx_word' id='word_1_70' title='bbox 1871 2345 2014 2398; x_wconf 78' lang='lat' dir='ltr'><strong>extensa</strong></span> <span class='ocrx_word' id='word_1_71' title='bbox 2032 2331 2186 2418; x_wconf 83' lang='lat' dir='ltr'><strong>pluribus</strong></span> <span class='ocrx_word' id='word_1_72' title='bbox 2204 2341 2320 2396; x_wconf 87' lang='lat' dir='ltr'><strong>exten·</strong></span> 
     </span>
     <span class='ocr_line' id='line_1_9' title="bbox 844 2446 2321 2536; baseline -0.005 -19"><span class='ocrx_word' id='word_1_73' title='bbox 844 2451 1003 2518; x_wconf 86' lang='lat' dir='ltr'><strong>sionibus</strong></span> <span class='ocrx_word' id='word_1_74' title='bbox 1020 2449 1180 2528; x_wconf 81' lang='lat' dir='ltr'><strong>realibus,</strong></span> <span class='ocrx_word' id='word_1_75' title='bbox 1206 2450 1295 2514; x_wconf 85' lang='lat' dir='ltr'><strong>sieut</strong></span> <span class='ocrx_word' id='word_1_76' title='bbox 1313 2448 1414 2513; x_wconf 86' lang='lat' dir='ltr'><strong>etiam</strong></span> <span class='ocrx_word' id='word_1_77' title='bbox 1433 2450 1558 2513; x_wconf 69' lang='lat' dir='ltr'><strong>alberi.)</strong></span> <span class='ocrx_word' id='word_1_78' title='bbox 1577 2448 1659 2512; x_wconf 80' lang='lat' dir='ltr'><strong>dicit</strong></span> <span class='ocrx_word' id='word_1_79' title='bbox 1684 2450 1858 2531; x_wconf 81' lang='lat' dir='ltr'><strong>‹piemlam</strong></span> <span class='ocrx_word' id='word_1_80' title='bbox 1883 2451 2029 2536; x_wconf 70' lang='lat' dir='ltr'><strong>gradum</strong></span> <span class='ocrx_word' id='word_1_81' title='bbox 2055 2446 2321 2513; x_wconf 86' lang='lat' dir='ltr'><strong>determinatum</strong></span> 
     </span>
     <span class='ocr_line' id='line_1_10' title="bbox 845 2563 2321 2649; baseline -0.003 -16"><span class='ocrx_word' id='word_1_82' title='bbox 845 2578 880 2633; x_wconf 90' lang='lat' dir='ltr'><strong>et</strong></span> <span class='ocrx_word' id='word_1_83' title='bbox 903 2568 1044 2633; x_wconf 87' lang='lat' dir='ltr'><strong>modum</strong></span> <span class='ocrx_word' id='word_1_84' title='bbox 1070 2565 1160 2632; x_wconf 90' lang='lat' dir='ltr'><strong>entis</strong></span> <span class='ocrx_word' id='word_1_85' title='bbox 1188 2566 1281 2649; x_wconf 58' lang='lat' dir='ltr'><strong>(antid</strong></span> <span class='ocrx_word' id='word_1_86' title='bbox 1311 2576 1363 2628; x_wconf 80' lang='lat' dir='ltr'><strong>est</strong></span> <span class='ocrx_word' id='word_1_87' title='bbox 1388 2564 1544 2648; x_wconf 72' lang='lat' dir='ltr'><strong>qirzrlitas,</strong></span> <span class='ocrx_word' id='word_1_88' title='bbox 1571 2587 1641 2628; x_wconf 91' lang='lat' dir='ltr'><strong>non</strong></span> <span class='ocrx_word' id='word_1_89' title='bbox 1668 2564 1929 2649; x_wconf 89' lang='lat' dir='ltr'><strong>plurilieabilem</strong></span> <span class='ocrx_word' id='word_1_90' title='bbox 1955 2565 1987 2629; x_wconf 94' lang='lat' dir='ltr'><strong>in</strong></span> <span class='ocrx_word' id='word_1_91' title='bbox 2013 2566 2136 2630; x_wconf 88' lang='lat' dir='ltr'><strong>eodem</strong></span> <span class='ocrx_word' id='word_1_92' title='bbox 2163 2563 2321 2630; x_wconf 85' lang='lat' dir='ltr'><strong>subiecto</strong></span> 
     </span>
     <span class='ocr_line' id='line_1_11' title="bbox 846 2679 2322 2765; baseline -0.004 -15"><span class='ocrx_word' id='word_1_93' title='bbox 846 2682 1076 2750; x_wconf 81' lang='lat' dir='ltr'><strong>essentialiter</strong></span> <span class='ocrx_word' id='word_1_94' title='bbox 1107 2693 1140 2747; x_wconf 89' lang='lat' dir='ltr'><strong>et</strong></span> <span class='ocrx_word' id='word_1_95' title='bbox 1172 2681 1252 2746; x_wconf 86' lang='lat' dir='ltr'><strong>ideo</strong></span> <span class='ocrx_word' id='word_1_96' title='bbox 1285 2680 1401 2744; x_wconf 82' lang='lat' dir='ltr'><strong>onnria</strong></span> <span class='ocrx_word' id='word_1_97' title='bbox 1434 2681 1526 2745; x_wconf 91' lang='lat' dir='ltr'><strong>entia</strong></span> <span class='ocrx_word' id='word_1_98' title='bbox 1563 2680 1596 2744; x_wconf 92' lang='lat' dir='ltr'><strong>in</strong></span> <span class='ocrx_word' id='word_1_99' title='bbox 1629 2682 1709 2744; x_wconf 74' lang='lat' dir='ltr'><strong>albiti</strong></span> <span class='ocrx_word' id='word_1_100' title='bbox 1743 2681 1819 2765; x_wconf 87' lang='lat' dir='ltr'><strong>ipsa</strong></span> <span class='ocrx_word' id='word_1_101' title='bbox 1851 2681 2011 2746; x_wconf 83' lang='lat' dir='ltr'><strong>albedine.</strong></span> <span class='ocrx_word' id='word_1_102' title='bbox 2044 2694 2125 2745; x_wconf 79' lang='lat' dir='ltr'><strong>simt</strong></span> <span class='ocrx_word' id='word_1_103' title='bbox 2156 2682 2234 2745; x_wconf 89' lang='lat' dir='ltr'><strong>alba</strong></span> <span class='ocrx_word' id='word_1_104' title='bbox 2266 2679 2322 2744; x_wconf 87' lang='lat' dir='ltr'><strong>illa</strong></span> 
     </span>
     <span class='ocr_line' id='line_1_12' title="bbox 848 2796 2323 2881; baseline -0.003 -15"><span class='ocrx_word' id='word_1_105' title='bbox 848 2800 950 2866; x_wconf 84' lang='lat' dir='ltr'><strong>unica</strong></span> <span class='ocrx_word' id='word_1_106' title='bbox 977 2798 1139 2864; x_wconf 78' lang='lat' dir='ltr'><strong>albedine</strong></span> <span class='ocrx_word' id='word_1_107' title='bbox 1164 2799 1208 2861; x_wconf 90' lang='lat' dir='ltr'><strong>ab</strong></span> <span class='ocrx_word' id='word_1_108' title='bbox 1234 2797 1395 2861; x_wconf 80' lang='lat' dir='ltr'><strong>onmibus</strong></span> <span class='ocrx_word' id='word_1_109' title='bbox 1421 2796 1624 2881; x_wconf 87' lang='lat' dir='ltr'><strong>partieipata</strong></span> <span class='ocrx_word' id='word_1_110' title='bbox 1654 2808 1686 2861; x_wconf 90' lang='lat' dir='ltr'><strong>et</strong></span> <span class='ocrx_word' id='word_1_111' title='bbox 1719 2819 1791 2860; x_wconf 94' lang='lat' dir='ltr'><strong>non</strong></span> <span class='ocrx_word' id='word_1_112' title='bbox 1821 2796 1976 2881; x_wconf 85' lang='lat' dir='ltr'><strong>pluribus</strong></span> <span class='ocrx_word' id='word_1_113' title='bbox 2003 2797 2244 2875; x_wconf 82' lang='lat' dir='ltr'><strong>albedinibus3</strong></span> <span class='ocrx_word' id='word_1_114' title='bbox 2270 2806 2323 2863; x_wconf 88' lang='lat' dir='ltr'><strong>est</strong></span> 
     </span>
     <span class='ocr_line' id='line_1_13' title="bbox 847 2912 2323 2998; baseline -0.003 -16"><span class='ocrx_word' id='word_1_115' title='bbox 847 2916 937 2982; x_wconf 89' lang='lat' dir='ltr'><strong>enim</strong></span> <span class='ocrx_word' id='word_1_116' title='bbox 971 2914 1165 2980; x_wconf 84' lang='lat' dir='ltr'><strong>substantia</strong></span> <span class='ocrx_word' id='word_1_117' title='bbox 1197 2914 1285 2977; x_wconf 84' lang='lat' dir='ltr'><strong>alba.</strong></span> <span class='ocrx_word' id='word_1_118' title='bbox 1319 2926 1371 2977; x_wconf 82' lang='lat' dir='ltr'><strong>est</strong></span> <span class='ocrx_word' id='word_1_119' title='bbox 1403 2912 1606 2996; x_wconf 73' lang='lat' dir='ltr'><strong>superficies</strong></span> <span class='ocrx_word' id='word_1_120' title='bbox 1631 2915 1710 2977; x_wconf 87' lang='lat' dir='ltr'><strong>alba</strong></span> <span class='ocrx_word' id='word_1_121' title='bbox 1743 2914 1864 2978; x_wconf 69' lang='lat' dir='ltr'><strong>exulem</strong></span> <span class='ocrx_word' id='word_1_122' title='bbox 1898 2914 2058 2979; x_wconf 78' lang='lat' dir='ltr'><strong>albedine</strong></span> <span class='ocrx_word' id='word_1_123' title='bbox 2091 2926 2124 2979; x_wconf 87' lang='lat' dir='ltr'><strong>et</strong></span> <span class='ocrx_word' id='word_1_124' title='bbox 2156 2914 2206 2979; x_wconf 89' lang='lat' dir='ltr'><strong>sie</strong></span> <span class='ocrx_word' id='word_1_125' title='bbox 2238 2916 2242 2998; x_wconf 84' lang='grc' dir='ltr'>Ι</span> <span class='ocrx_word' id='word_1_126' title='bbox 2279 2914 2323 2977; x_wconf 89' lang='lat' dir='ltr'><strong>de</strong></span> 
     </span>
     <span class='ocr_line' id='line_1_14' title="bbox 847 3029 2324 3113; baseline -0.002 -16"><span class='ocrx_word' id='word_1_127' title='bbox 847 3031 932 3097; x_wconf 87' lang='lat' dir='ltr'><strong>aliis.</strong></span> <span class='ocrx_word' id='word_1_128' title='bbox 958 3031 1029 3096; x_wconf 77' lang='lat' dir='ltr'><strong>Sed</strong></span> <span class='ocrx_word' id='word_1_129' title='bbox 1054 3052 1132 3095; x_wconf 87' lang='lat' dir='ltr'><strong>esse</strong></span> <span class='ocrx_word' id='word_1_130' title='bbox 1157 3030 1251 3113; x_wconf 82' lang='lat' dir='ltr'><strong>(prod</strong></span> <span class='ocrx_word' id='word_1_131' title='bbox 1284 3040 1336 3093; x_wconf 76' lang='lat' dir='ltr'><strong>est</strong></span> <span class='ocrx_word' id='word_1_132' title='bbox 1368 3029 1401 3092; x_wconf 91' lang='lat' dir='ltr'><strong>id</strong></span> <span class='ocrx_word' id='word_1_133' title='bbox 1434 3029 1547 3113; x_wconf 88' lang='lat' dir='ltr'><strong>ipsum</strong></span> <span class='ocrx_word' id='word_1_134' title='bbox 1580 3030 1715 3093; x_wconf 75' lang='lat' dir='ltr'><strong>naliter</strong></span> <span class='ocrx_word' id='word_1_135' title='bbox 1744 3031 1837 3113; x_wconf 74' lang='lat' dir='ltr'><strong>‹pirnl</strong></span> <span class='ocrx_word' id='word_1_136' title='bbox 1867 3029 2018 3094; x_wconf 77' lang='lat' dir='ltr'><strong>essentia</strong></span> <span class='ocrx_word' id='word_1_137' title='bbox 2048 3032 2102 3095; x_wconf 82' lang='lat' dir='ltr'><strong>vel</strong></span> <span class='ocrx_word' id='word_1_138' title='bbox 2131 3032 2240 3095; x_wconf 83' lang='lat' dir='ltr'><strong>t&#39;orma</strong></span> <span class='ocrx_word' id='word_1_139' title='bbox 2269 3029 2324 3095; x_wconf 85' lang='lat' dir='ltr'><strong>vel</strong></span> 
     </span>
     <span class='ocr_line' id='line_1_15' title="bbox 847 3144 2323 3228; baseline -0.002 -15"><span class='ocrx_word' id='word_1_140' title='bbox 847 3146 1047 3213; x_wconf 89' lang='lat' dir='ltr'><strong>huiusmodi</strong></span> <span class='ocrx_word' id='word_1_141' title='bbox 1076 3150 1142 3221; x_wconf 87' lang='lat' dir='ltr'><strong>(est</strong></span> <span class='ocrx_word' id='word_1_142' title='bbox 1173 3144 1302 3228; x_wconf 80' lang='lat' dir='ltr'><strong>aliquid</strong></span> <span class='ocrx_word' id='word_1_143' title='bbox 1332 3145 1424 3209; x_wconf 87' lang='lat' dir='ltr'><strong>aliud</strong></span> <span class='ocrx_word' id='word_1_144' title='bbox 1453 3147 1647 3209; x_wconf 82' lang='lat' dir='ltr'><strong>seeundum</strong></span> <span class='ocrx_word' id='word_1_145' title='bbox 1678 3145 1761 3209; x_wconf 72' lang='lat' dir='ltr'><strong>istos</strong></span> <span class='ocrx_word' id='word_1_146' title='bbox 1795 3157 1909 3211; x_wconf 67' lang='lat' dir='ltr'><strong>tannen</strong></span> <span class='ocrx_word' id='word_1_147' title='bbox 1937 3146 2045 3211; x_wconf 82' lang='lat' dir='ltr'><strong>forma</strong></span> <span class='ocrx_word' id='word_1_148' title='bbox 2076 3147 2130 3212; x_wconf 83' lang='lat' dir='ltr'><strong>vel</strong></span> <span class='ocrx_word' id='word_1_149' title='bbox 2159 3146 2323 3227; x_wconf 73' lang='lat' dir='ltr'><strong>essentia)</strong></span> 
     </span>
     <span class='ocr_line' id='line_1_16' title="bbox 848 3260 2324 3348; baseline -0.002 -17"><span class='ocrx_word' id='word_1_150' title='bbox 848 3262 1130 3347; x_wconf 56' lang='lat' dir='ltr'><strong>consemenave</strong></span> <span class='ocrx_word' id='word_1_151' title='bbox 1155 3283 1226 3325; x_wconf 93' lang='lat' dir='ltr'><strong>non</strong></span> <span class='ocrx_word' id='word_1_152' title='bbox 1255 3260 1337 3325; x_wconf 84' lang='lat' dir='ltr'><strong>dieit</strong></span> <span class='ocrx_word' id='word_1_153' title='bbox 1365 3260 1494 3343; x_wconf 74' lang='lat' dir='ltr'><strong>alirpiid</strong></span> <span class='ocrx_word' id='word_1_154' title='bbox 1523 3260 1574 3325; x_wconf 74' lang='lat' dir='ltr'><strong>sic</strong></span> <span class='ocrx_word' id='word_1_155' title='bbox 1599 3262 1863 3326; x_wconf 84' lang='lat' dir='ltr'><strong>determinatum</strong></span> <span class='ocrx_word' id='word_1_156' title='bbox 1893 3273 1925 3327; x_wconf 91' lang='lat' dir='ltr'><strong>et</strong></span> <span class='ocrx_word' id='word_1_157' title='bbox 1950 3284 2020 3326; x_wconf 89' lang='lat' dir='ltr'><strong>non</strong></span> <span class='ocrx_word' id='word_1_158' title='bbox 2054 3262 2324 3348; x_wconf 80' lang='lat' dir='ltr'><strong>multiplicabile,</strong></span> 
     </span>
     <span class='ocr_line' id='line_1_17' title="bbox 850 3376 2325 3462; baseline -0.001 -16"><span class='ocrx_word' id='word_1_159' title='bbox 850 3380 954 3446; x_wconf 89' lang='lat' dir='ltr'><strong>immo</strong></span> <span class='ocrx_word' id='word_1_160' title='bbox 987 3379 1075 3442; x_wconf 86' lang='lat' dir='ltr'><strong>sieut</strong></span> <span class='ocrx_word' id='word_1_161' title='bbox 1108 3376 1324 3462; x_wconf 80' lang='lat' dir='ltr'><strong>multiplicari</strong></span> <span class='ocrx_word' id='word_1_162' title='bbox 1358 3388 1507 3460; x_wconf 69' lang='lat' dir='ltr'><strong>posamt</strong></span> <span class='ocrx_word' id='word_1_163' title='bbox 1539 3378 1670 3441; x_wconf 78' lang='lat' dir='ltr'><strong>tonnae</strong></span> <span class='ocrx_word' id='word_1_164' title='bbox 1705 3379 1756 3441; x_wconf 80' lang='lat' dir='ltr'><strong>vel</strong></span> <span class='ocrx_word' id='word_1_165' title='bbox 1790 3378 1964 3443; x_wconf 75' lang='lat' dir='ltr'><strong>essentiae</strong></span> <span class='ocrx_word' id='word_1_166' title='bbox 1993 3378 2026 3443; x_wconf 93' lang='lat' dir='ltr'><strong>in</strong></span> <span class='ocrx_word' id='word_1_167' title='bbox 2055 3380 2191 3458; x_wconf 90' lang='lat' dir='ltr'><strong>eodem,</strong></span> <span class='ocrx_word' id='word_1_168' title='bbox 2216 3380 2266 3445; x_wconf 88' lang='lat' dir='ltr'><strong>sie</strong></span> <span class='ocrx_word' id='word_1_169' title='bbox 2292 3392 2325 3445; x_wconf 90' lang='lat' dir='ltr'><strong>et</strong></span> 
     </span>
     <span class='ocr_line' id='line_1_18' title="bbox 850 3491 2325 3576; baseline -0.001 -14"><span class='ocrx_word' id='word_1_170' title='bbox 850 3496 929 3562; x_wconf 83' lang='lat' dir='ltr'><strong>talia</strong></span> <span class='ocrx_word' id='word_1_171' title='bbox 956 3516 1035 3561; x_wconf 85' lang='lat' dir='ltr'><strong>esse</strong></span> <span class='ocrx_word' id='word_1_172' title='bbox 1064 3514 1210 3559; x_wconf 87' lang='lat' dir='ltr'><strong>neeesse</strong></span> <span class='ocrx_word' id='word_1_173' title='bbox 1240 3504 1291 3556; x_wconf 77' lang='lat' dir='ltr'><strong>est</strong></span> <span class='ocrx_word' id='word_1_174' title='bbox 1320 3491 1547 3576; x_wconf 79' lang='lat' dir='ltr'><strong>multiplicari.</strong></span> <span class='ocrx_word' id='word_1_175' title='bbox 1575 3493 1658 3557; x_wconf 85' lang='lat' dir='ltr'><strong>Ideo</strong></span> <span class='ocrx_word' id='word_1_176' title='bbox 1687 3494 1766 3558; x_wconf 88' lang='lat' dir='ltr'><strong>lieet</strong></span> <span class='ocrx_word' id='word_1_177' title='bbox 1795 3494 1952 3558; x_wconf 76' lang='lat' dir='ltr'><strong>extensio</strong></span> <span class='ocrx_word' id='word_1_178' title='bbox 1980 3495 2209 3561; x_wconf 85' lang='lat' dir='ltr'><strong>essentialiter</strong></span> <span class='ocrx_word' id='word_1_179' title='bbox 2233 3496 2325 3561; x_wconf 85' lang='lat' dir='ltr'><strong>dieat</strong></span> 
     </span>
     <span class='ocr_line' id='line_1_19' title="bbox 849 3608 2324 3697; baseline -0.002 -19"><span class='ocrx_word' id='word_1_180' title='bbox 849 3611 977 3697; x_wconf 85' lang='lat' dir='ltr'><strong>aliquid</strong></span> <span class='ocrx_word' id='word_1_181' title='bbox 1007 3632 1114 3675; x_wconf 91' lang='lat' dir='ltr'><strong>unum</strong></span> <span class='ocrx_word' id='word_1_182' title='bbox 1143 3609 1236 3674; x_wconf 87' lang='lat' dir='ltr'><strong>dieto</strong></span> <span class='ocrx_word' id='word_1_183' title='bbox 1265 3610 1371 3672; x_wconf 91' lang='lat' dir='ltr'><strong>modo</strong></span> <span class='ocrx_word' id='word_1_184' title='bbox 1396 3610 1491 3691; x_wconf 68' lang='lat' dir='ltr'><strong>‹luiul</strong></span> <span class='ocrx_word' id='word_1_185' title='bbox 1519 3608 1726 3693; x_wconf 89' lang='lat' dir='ltr'><strong>participant</strong></span> <span class='ocrx_word' id='word_1_186' title='bbox 1755 3610 1871 3674; x_wconf 91' lang='lat' dir='ltr'><strong>omnia</strong></span> <span class='ocrx_word' id='word_1_187' title='bbox 1901 3610 1932 3674; x_wconf 94' lang='lat' dir='ltr'><strong>iu</strong></span> <span class='ocrx_word' id='word_1_188' title='bbox 1963 3625 2108 3676; x_wconf 87' lang='lat' dir='ltr'><strong>extenso</strong></span> <span class='ocrx_word' id='word_1_189' title='bbox 2134 3612 2324 3691; x_wconf 77' lang='lat' dir='ltr'><strong>existentia,</strong></span> 
     </span>
     <span class='ocr_line' id='line_1_20' title="bbox 850 3724 2326 3809; baseline -0.001 -15"><span class='ocrx_word' id='word_1_190' title='bbox 850 3750 928 3795; x_wconf 89' lang='lat' dir='ltr'><strong>esse</strong></span> <span class='ocrx_word' id='word_1_191' title='bbox 960 3739 1076 3793; x_wconf 88' lang='lat' dir='ltr'><strong>tamen</strong></span> <span class='ocrx_word' id='word_1_192' title='bbox 1109 3726 1302 3790; x_wconf 87' lang='lat' dir='ltr'><strong>seeundum</strong></span> <span class='ocrx_word' id='word_1_193' title='bbox 1335 3746 1373 3789; x_wconf 89' lang='lat' dir='ltr'><strong>se</strong></span> <span class='ocrx_word' id='word_1_194' title='bbox 1406 3747 1476 3788; x_wconf 93' lang='lat' dir='ltr'><strong>non</strong></span> <span class='ocrx_word' id='word_1_195' title='bbox 1510 3724 1560 3788; x_wconf 84' lang='lat' dir='ltr'><strong>sie</strong></span> <span class='ocrx_word' id='word_1_196' title='bbox 1600 3724 1683 3789; x_wconf 88' lang='lat' dir='ltr'><strong>dieit</strong></span> <span class='ocrx_word' id='word_1_197' title='bbox 1719 3726 1847 3809; x_wconf 73' lang='lat' dir='ltr'><strong>aliquid</strong></span> <span class='ocrx_word' id='word_1_198' title='bbox 1883 3750 1987 3791; x_wconf 91' lang='lat' dir='ltr'><strong>uuum</strong></span> <span class='ocrx_word' id='word_1_199' title='bbox 2021 3728 2071 3792; x_wconf 88' lang='lat' dir='ltr'><strong>sie</strong></span> <span class='ocrx_word' id='word_1_200' title='bbox 2103 3751 2175 3793; x_wconf 94' lang='lat' dir='ltr'><strong>non</strong></span> <span class='ocrx_word' id='word_1_201' title='bbox 2216 3728 2326 3794; x_wconf 89' lang='lat' dir='ltr'><strong>multi·</strong></span> 
     </span>
     <span class='ocr_line' id='line_1_21' title="bbox 850 3840 2328 3931; baseline -0.001 -20"><span class='ocrx_word' id='word_1_202' title='bbox 850 3842 1020 3931; x_wconf 87' lang='lat' dir='ltr'><strong>plicabile,</strong></span> <span class='ocrx_word' id='word_1_203' title='bbox 1060 3841 1163 3906; x_wconf 85' lang='lat' dir='ltr'><strong>imino</strong></span> <span class='ocrx_word' id='word_1_204' title='bbox 1197 3840 1340 3904; x_wconf 86' lang='lat' dir='ltr'><strong>mnnino</strong></span> <span class='ocrx_word' id='word_1_205' title='bbox 1373 3852 1425 3904; x_wconf 82' lang='lat' dir='ltr'><strong>est</strong></span> <span class='ocrx_word' id='word_1_206' title='bbox 1458 3840 1727 3925; x_wconf 72' lang='lat' dir='ltr'><strong>multiplienbile,</strong></span> <span class='ocrx_word' id='word_1_207' title='bbox 1760 3841 1839 3906; x_wconf 85' lang='lat' dir='ltr'><strong>lieet</strong></span> <span class='ocrx_word' id='word_1_208' title='bbox 1880 3865 1950 3907; x_wconf 91' lang='lat' dir='ltr'><strong>non</strong></span> <span class='ocrx_word' id='word_1_209' title='bbox 1982 3843 2026 3907; x_wconf 90' lang='lat' dir='ltr'><strong>sit</strong></span> <span class='ocrx_word' id='word_1_210' title='bbox 2065 3844 2100 3908; x_wconf 89' lang='lat' dir='ltr'><strong>id</strong></span> <span class='ocrx_word' id='word_1_211' title='bbox 2139 3846 2235 3927; x_wconf 75' lang='lat' dir='ltr'><strong>quod</strong></span> <span class='ocrx_word' id='word_1_212' title='bbox 2274 3856 2328 3910; x_wconf 86' lang='grc' dir='ltr'><strong>θεῖ</strong></span> 
     </span>
     <span class='ocr_line' id='line_1_22' title="bbox 850 3956 2327 4043; baseline 0 -17"><span class='ocrx_word' id='word_1_213' title='bbox 850 3958 1008 4027; x_wconf 83' lang='lat' dir='ltr'><strong>extensio</strong></span> <span class='ocrx_word' id='word_1_214' title='bbox 1037 3956 1275 4023; x_wconf 68' lang='lat' dir='ltr'><strong>essentialiter.</strong></span> <span class='ocrx_word' id='word_1_215' title='bbox 1305 3960 1394 4020; x_wconf 74' lang='lat' dir='ltr'><strong>t&#39;um</strong></span> <span class='ocrx_word' id='word_1_216' title='bbox 1425 3956 1515 4021; x_wconf 84' lang='lat' dir='ltr'><strong>eninr</strong></span> <span class='ocrx_word' id='word_1_217' title='bbox 1545 3956 1680 4021; x_wconf 89' lang='lat' dir='ltr'><strong>dieatur</strong></span> <span class='ocrx_word' id='word_1_218' title='bbox 1706 3960 1801 4041; x_wconf 81' lang='lat' dir='ltr'><strong>&lt;prod</strong></span> <span class='ocrx_word' id='word_1_219' title='bbox 1830 3981 1908 4023; x_wconf 87' lang='lat' dir='ltr'><strong>esse</strong></span> <span class='ocrx_word' id='word_1_220' title='bbox 1935 3958 1978 4023; x_wconf 87' lang='lat' dir='ltr'><strong>sit</strong></span> <span class='ocrx_word' id='word_1_221' title='bbox 2011 3971 2046 4023; x_wconf 94' lang='lat' dir='ltr'><strong>ut</strong></span> <span class='ocrx_word' id='word_1_222' title='bbox 2076 3959 2159 4043; x_wconf 81' lang='lat' dir='ltr'><strong>quid</strong></span> <span class='ocrx_word' id='word_1_223' title='bbox 2192 3962 2327 4026; x_wconf 85' lang='lat' dir='ltr'><strong>aetuale</strong></span> 
     </span>
     <span class='ocr_line' id='line_1_23' title="bbox 852 4073 2327 4159; baseline 0 -17"><span class='ocrx_word' id='word_1_224' title='bbox 852 4089 886 4142; x_wconf 88' lang='lat' dir='ltr'><strong>et</strong></span> <span class='ocrx_word' id='word_1_225' title='bbox 924 4075 1069 4142; x_wconf 86' lang='lat' dir='ltr'><strong>formale</strong></span> <span class='ocrx_word' id='word_1_226' title='bbox 1108 4085 1269 4158; x_wconf 83' lang='lat' dir='ltr'><strong>respectu</strong></span> <span class='ocrx_word' id='word_1_227' title='bbox 1311 4073 1494 4151; x_wconf 74' lang='lat' dir='ltr'><strong>essentiae,</strong></span> <span class='ocrx_word' id='word_1_228' title='bbox 1536 4073 1616 4137; x_wconf 91' lang='lat' dir='ltr'><strong>nulli</strong></span> <span class='ocrx_word' id='word_1_229' title='bbox 1654 4073 1780 4158; x_wconf 90' lang='lat' dir='ltr'><strong>poterit</strong></span> <span class='ocrx_word' id='word_1_230' title='bbox 1819 4086 2018 4159; x_wconf 74' lang='lat' dir='ltr'><strong>competere</strong></span> <span class='ocrx_word' id='word_1_231' title='bbox 2054 4098 2133 4141; x_wconf 88' lang='lat' dir='ltr'><strong>esse</strong></span> <span class='ocrx_word' id='word_1_232' title='bbox 2168 4076 2233 4141; x_wconf 92' lang='lat' dir='ltr'><strong>nisi</strong></span> <span class='ocrx_word' id='word_1_233' title='bbox 2270 4077 2327 4143; x_wconf 92' lang='lat' dir='ltr'><strong>illo</strong></span> 
     </span>
     <span class='ocr_line' id='line_1_24' title="bbox 852 4189 2327 4277; baseline -0.001 -19"><span class='ocrx_word' id='word_1_234' title='bbox 852 4192 1065 4270; x_wconf 84' lang='lat' dir='ltr'><strong>informetur,</strong></span> <span class='ocrx_word' id='word_1_235' title='bbox 1098 4199 1131 4255; x_wconf 88' lang='lat' dir='ltr'><strong>et</strong></span> <span class='ocrx_word' id='word_1_236' title='bbox 1163 4189 1213 4254; x_wconf 79' lang='lat' dir='ltr'><strong>sie</strong></span> <span class='ocrx_word' id='word_1_237' title='bbox 1241 4211 1311 4253; x_wconf 91' lang='lat' dir='ltr'><strong>non</strong></span> <span class='ocrx_word' id='word_1_238' title='bbox 1349 4190 1521 4254; x_wconf 80' lang='lat' dir='ltr'><strong>sullieeret</strong></span> <span class='ocrx_word' id='word_1_239' title='bbox 1558 4189 1601 4252; x_wconf 87' lang='lat' dir='ltr'><strong>ad</strong></span> <span class='ocrx_word' id='word_1_240' title='bbox 1635 4191 1702 4253; x_wconf 87' lang='lat' dir='ltr'><strong>boe</strong></span> <span class='ocrx_word' id='word_1_241' title='bbox 1734 4191 1827 4273; x_wconf 76' lang='lat' dir='ltr'><strong>uuml</strong></span> <span class='ocrx_word' id='word_1_242' title='bbox 1862 4191 1904 4254; x_wconf 86' lang='lat' dir='ltr'><strong>sit</strong></span> <span class='ocrx_word' id='word_1_243' title='bbox 1932 4190 2070 4275; x_wconf 74' lang='lat' dir='ltr'><strong>alirprid,</strong></span> <span class='ocrx_word' id='word_1_244' title='bbox 2100 4193 2194 4277; x_wconf 86' lang='lat' dir='ltr'><strong>quod</strong></span> <span class='ocrx_word' id='word_1_245' title='bbox 2227 4193 2270 4259; x_wconf 88' lang='lat' dir='ltr'><strong>sit</strong></span> <span class='ocrx_word' id='word_1_246' title='bbox 2295 4193 2327 4257; x_wconf 95' lang='lat' dir='ltr'><strong>in</strong></span> 
     </span>
     <span class='ocr_line' id='line_1_25' title="bbox 853 4304 2330 4390; baseline -0.001 -15"><span class='ocrx_word' id='word_1_247' title='bbox 853 4307 1021 4375; x_wconf 85' lang='lat' dir='ltr'><strong>existente</strong></span> <span class='ocrx_word' id='word_1_248' title='bbox 1038 4308 1100 4371; x_wconf 85' lang='lat' dir='ltr'><strong>sed</strong></span> <span class='ocrx_word' id='word_1_249' title='bbox 1125 4306 1219 4390; x_wconf 81' lang='lat' dir='ltr'><strong>(prod</strong></span> <span class='ocrx_word' id='word_1_250' title='bbox 1244 4305 1358 4390; x_wconf 85' lang='lat' dir='ltr'><strong>ipsum</strong></span> <span class='ocrx_word' id='word_1_251' title='bbox 1384 4304 1517 4368; x_wconf 82' lang='lat' dir='ltr'><strong>formali</strong></span> <span class='ocrx_word' id='word_1_252' title='bbox 1541 4326 1606 4369; x_wconf 88' lang='lat' dir='ltr'><strong>suo</strong></span> <span class='ocrx_word' id='word_1_253' title='bbox 1631 4327 1710 4369; x_wconf 77' lang='lat' dir='ltr'><strong>esse</strong></span> <span class='ocrx_word' id='word_1_254' title='bbox 1735 4305 1867 4370; x_wconf 81' lang='lat' dir='ltr'><strong>existat.</strong></span> <span class='ocrx_word' id='word_1_255' title='bbox 1894 4308 1973 4371; x_wconf 75' lang='lat' dir='ltr'><strong>Non</strong></span> <span class='ocrx_word' id='word_1_256' title='bbox 1991 4307 2041 4372; x_wconf 83' lang='lat' dir='ltr'><strong>sie</strong></span> <span class='ocrx_word' id='word_1_257' title='bbox 2066 4320 2180 4374; x_wconf 83' lang='lat' dir='ltr'><strong>autem</strong></span> <span class='ocrx_word' id='word_1_258' title='bbox 2206 4309 2330 4375; x_wconf 87' lang='lat' dir='ltr'><strong>dieitur</strong></span> 
     </span>
     <span class='ocr_line' id='line_1_26' title="bbox 852 4420 2329 4509; baseline 0.001 -20"><span class='ocrx_word' id='word_1_259' title='bbox 852 4424 948 4509; x_wconf 89' lang='lat' dir='ltr'><strong>quod</strong></span> <span class='ocrx_word' id='word_1_260' title='bbox 979 4421 1137 4488; x_wconf 84' lang='lat' dir='ltr'><strong>extensio</strong></span> <span class='ocrx_word' id='word_1_261' title='bbox 1170 4443 1208 4485; x_wconf 82' lang='lat' dir='ltr'><strong>se</strong></span> <span class='ocrx_word' id='word_1_262' title='bbox 1240 4422 1367 4485; x_wconf 68' lang='lat' dir='ltr'><strong>babent</strong></span> <span class='ocrx_word' id='word_1_263' title='bbox 1403 4432 1438 4484; x_wconf 92' lang='lat' dir='ltr'><strong>ut</strong></span> <span class='ocrx_word' id='word_1_264' title='bbox 1470 4420 1553 4504; x_wconf 81' lang='lat' dir='ltr'><strong>quid</strong></span> <span class='ocrx_word' id='word_1_265' title='bbox 1586 4422 1729 4487; x_wconf 85' lang='lat' dir='ltr'><strong>formale</strong></span> <span class='ocrx_word' id='word_1_266' title='bbox 1763 4432 1795 4486; x_wconf 91' lang='lat' dir='ltr'><strong>et</strong></span> <span class='ocrx_word' id='word_1_267' title='bbox 1835 4423 1970 4488; x_wconf 78' lang='lat' dir='ltr'><strong>actuale</strong></span> <span class='ocrx_word' id='word_1_268' title='bbox 2002 4436 2164 4508; x_wconf 85' lang='lat' dir='ltr'><strong>respectu</strong></span> <span class='ocrx_word' id='word_1_269' title='bbox 2196 4426 2329 4492; x_wconf 84' lang='lat' dir='ltr'><strong>extensi</strong></span> 
     </span>
     <span class='ocr_line' id='line_1_27' title="bbox 852 4536 2331 4624; baseline 0.001 -19"><span class='ocrx_word' id='word_1_270' title='bbox 852 4537 1102 4616; x_wconf 84' lang='lat' dir='ltr'><strong>universaliter,</strong></span> <span class='ocrx_word' id='word_1_271' title='bbox 1135 4538 1198 4602; x_wconf 83' lang='lat' dir='ltr'><strong>sed</strong></span> <span class='ocrx_word' id='word_1_272' title='bbox 1231 4538 1343 4601; x_wconf 86' lang='lat' dir='ltr'><strong>solnm</strong></span> <span class='ocrx_word' id='word_1_273' title='bbox 1384 4547 1544 4620; x_wconf 84' lang='lat' dir='ltr'><strong>respectu</strong></span> <span class='ocrx_word' id='word_1_274' title='bbox 1583 4536 1715 4601; x_wconf 84' lang='lat' dir='ltr'><strong>extensi</strong></span> <span class='ocrx_word' id='word_1_275' title='bbox 1758 4537 1867 4621; x_wconf 86' lang='lat' dir='ltr'><strong>primo</strong></span> <span class='ocrx_word' id='word_1_276' title='bbox 1908 4549 1941 4601; x_wconf 86' lang='lat' dir='ltr'><strong>et</strong></span> <span class='ocrx_word' id='word_1_277' title='bbox 1980 4561 2042 4624; x_wconf 91' lang='lat' dir='ltr'><strong>per</strong></span> <span class='ocrx_word' id='word_1_278' title='bbox 2073 4562 2111 4605; x_wconf 90' lang='lat' dir='ltr'><strong>se</strong></span> <span class='ocrx_word' id='word_1_279' title='bbox 2144 4542 2238 4624; x_wconf 84' lang='lat' dir='ltr'><strong>quod</strong></span> <span class='ocrx_word' id='word_1_280' title='bbox 2278 4554 2331 4606; x_wconf 87' lang='grc' dir='ltr'><strong>θεῖ</strong></span> 
     </span>
     <span class='ocr_line' id='line_1_28' title="bbox 853 4651 2330 4742; baseline -0.001 -21"><span class='ocrx_word' id='word_1_281' title='bbox 853 4654 996 4721; x_wconf 85' lang='lat' dir='ltr'><strong>materia</strong></span> <span class='ocrx_word' id='word_1_282' title='bbox 1023 4676 1102 4718; x_wconf 91' lang='lat' dir='ltr'><strong>eum</strong></span> <span class='ocrx_word' id='word_1_283' title='bbox 1133 4653 1242 4717; x_wconf 82' lang='lat' dir='ltr'><strong>sonna</strong></span> <span class='ocrx_word' id='word_1_284' title='bbox 1270 4652 1496 4715; x_wconf 72' lang='lat' dir='ltr'><strong>substantiali.</strong></span> <span class='ocrx_word' id='word_1_285' title='bbox 1525 4653 1566 4715; x_wconf 70' lang='lat' dir='ltr'><strong>lit</strong></span> <span class='ocrx_word' id='word_1_286' title='bbox 1595 4651 1674 4717; x_wconf 88' lang='lat' dir='ltr'><strong>ideo</strong></span> <span class='ocrx_word' id='word_1_287' title='bbox 1705 4675 1775 4716; x_wconf 67' lang='lat' dir='ltr'><strong>urin</strong></span> <span class='ocrx_word' id='word_1_288' title='bbox 1804 4664 1941 4738; x_wconf 79' lang='lat' dir='ltr'><strong>oportet</strong></span> <span class='ocrx_word' id='word_1_289' title='bbox 1967 4656 2079 4738; x_wconf 64' lang='grc' dir='ltr'><strong>(μιαθ2</strong></span> <span class='ocrx_word' id='word_1_290' title='bbox 2107 4679 2176 4720; x_wconf 90' lang='lat' dir='ltr'><strong>non</strong></span> <span class='ocrx_word' id='word_1_291' title='bbox 2207 4680 2269 4742; x_wconf 90' lang='lat' dir='ltr'><strong>per</strong></span> <span class='ocrx_word' id='word_1_292' title='bbox 2292 4680 2330 4719; x_wconf 84' lang='lat' dir='ltr'><strong>se</strong></span> 
     </span>
     <span class='ocr_line' id='line_1_29' title="bbox 854 4767 2331 4854; baseline 0.001 -17"><span class='ocrx_word' id='word_1_293' title='bbox 854 4770 905 4837; x_wconf 88' lang='lat' dir='ltr'><strong>sic</strong></span> <span class='ocrx_word' id='word_1_294' title='bbox 943 4770 1177 4836; x_wconf 86' lang='lat' dir='ltr'><strong>extenduntur</strong></span> <span class='ocrx_word' id='word_1_295' title='bbox 1208 4769 1361 4833; x_wconf 82' lang='lat' dir='ltr'><strong>habeant</strong></span> <span class='ocrx_word' id='word_1_296' title='bbox 1400 4767 1499 4831; x_wconf 88' lang='lat' dir='ltr'><strong>aliam</strong></span> <span class='ocrx_word' id='word_1_297' title='bbox 1541 4767 1780 4832; x_wconf 80' lang='lat' dir='ltr'><strong>extensionem</strong></span> <span class='ocrx_word' id='word_1_298' title='bbox 1818 4770 1995 4835; x_wconf 77' lang='lat' dir='ltr'><strong>formalem</strong></span> <span class='ocrx_word' id='word_1_299' title='bbox 2030 4793 2097 4854; x_wconf 79' lang='lat' dir='ltr'><strong>qua</strong></span> <span class='ocrx_word' id='word_1_300' title='bbox 2137 4772 2187 4837; x_wconf 87' lang='lat' dir='ltr'><strong>sie</strong></span> <span class='ocrx_word' id='word_1_301' title='bbox 2228 4773 2331 4838; x_wconf 81' lang='lat' dir='ltr'><strong>insor-</strong></span> 
     </span>
     <span class='ocr_line' id='line_1_30' title="bbox 855 4883 2331 4969; baseline 0.001 -17"><span class='ocrx_word' id='word_1_302' title='bbox 855 4897 1000 4966; x_wconf 87' lang='lat' dir='ltr'><strong>mentur,</strong></span> <span class='ocrx_word' id='word_1_303' title='bbox 1028 4885 1092 4949; x_wconf 86' lang='lat' dir='ltr'><strong>sed</strong></span> <span class='ocrx_word' id='word_1_304' title='bbox 1120 4883 1245 4948; x_wconf 82' lang='lat' dir='ltr'><strong>suffieit</strong></span> <span class='ocrx_word' id='word_1_305' title='bbox 1278 4885 1372 4967; x_wconf 81' lang='lat' dir='ltr'><strong>‹punl</strong></span> <span class='ocrx_word' id='word_1_306' title='bbox 1401 4883 1468 4946; x_wconf 81' lang='lat' dir='ltr'><strong>sint</strong></span> <span class='ocrx_word' id='word_1_307' title='bbox 1497 4906 1603 4947; x_wconf 91' lang='lat' dir='ltr'><strong>unum</strong></span> <span class='ocrx_word' id='word_1_308' title='bbox 1633 4904 1712 4947; x_wconf 89' lang='lat' dir='ltr'><strong>eum</strong></span> <span class='ocrx_word' id='word_1_309' title='bbox 1740 4907 1802 4969; x_wconf 83' lang='lat' dir='ltr'><strong>per</strong></span> <span class='ocrx_word' id='word_1_310' title='bbox 1830 4908 1867 4949; x_wconf 88' lang='lat' dir='ltr'><strong>se</strong></span> <span class='ocrx_word' id='word_1_311' title='bbox 1897 4897 2051 4951; x_wconf 85' lang='lat' dir='ltr'><strong>extenso.</strong></span> <span class='ocrx_word' id='word_1_312' title='bbox 2082 4889 2129 4951; x_wconf 90' lang='lat' dir='ltr'><strong>lta</strong></span> <span class='ocrx_word' id='word_1_313' title='bbox 2156 4888 2257 4952; x_wconf 87' lang='lat' dir='ltr'><strong>etiam</strong></span> <span class='ocrx_word' id='word_1_314' title='bbox 2287 4891 2331 4954; x_wconf 93' lang='lat' dir='ltr'><strong>de</strong></span> 
     </span>
     <span class='ocr_line' id='line_1_31' title="bbox 854 4998 2332 5086; baseline 0.001 -19"><span class='ocrx_word' id='word_1_315' title='bbox 854 5000 929 5067; x_wconf 85' lang='lat' dir='ltr'><strong>aliis</strong></span> <span class='ocrx_word' id='word_1_316' title='bbox 962 5000 1081 5067; x_wconf 84' lang='lat' dir='ltr'><strong>fonnis</strong></span> <span class='ocrx_word' id='word_1_317' title='bbox 1113 4998 1409 5064; x_wconf 83' lang='lat' dir='ltr'><strong>substantialibus.</strong></span> <span class='ocrx_word' id='word_1_318' title='bbox 1444 5000 1530 5062; x_wconf 78' lang='lat' dir='ltr'><strong>Nam</strong></span> <span class='ocrx_word' id='word_1_319' title='bbox 1564 4998 1691 5062; x_wconf 70' lang='lat' dir='ltr'><strong>allatio</strong></span> <span class='ocrx_word' id='word_1_320' title='bbox 1718 5021 1789 5063; x_wconf 89' lang='lat' dir='ltr'><strong>non</strong></span> <span class='ocrx_word' id='word_1_321' title='bbox 1822 5024 1860 5063; x_wconf 86' lang='lat' dir='ltr'><strong>se</strong></span> <span class='ocrx_word' id='word_1_322' title='bbox 1892 5002 1997 5066; x_wconf 87' lang='lat' dir='ltr'><strong>babet</strong></span> <span class='ocrx_word' id='word_1_323' title='bbox 2026 5013 2061 5066; x_wconf 92' lang='lat' dir='ltr'><strong>ut</strong></span> <span class='ocrx_word' id='word_1_324' title='bbox 2086 5003 2168 5086; x_wconf 79' lang='lat' dir='ltr'><strong>quid</strong></span> <span class='ocrx_word' id='word_1_325' title='bbox 2187 5004 2332 5071; x_wconf 85' lang='lat' dir='ltr'><strong>fornrale</strong></span> 
     </span>
     <span class='ocr_line' id='line_1_32' title="bbox 855 5115 2331 5205; baseline 0.001 -22"><span class='ocrx_word' id='word_1_326' title='bbox 855 5128 889 5183; x_wconf 87' lang='lat' dir='ltr'><strong>et</strong></span> <span class='ocrx_word' id='word_1_327' title='bbox 925 5117 1062 5182; x_wconf 84' lang='lat' dir='ltr'><strong>actuale</strong></span> <span class='ocrx_word' id='word_1_328' title='bbox 1098 5125 1259 5200; x_wconf 85' lang='lat' dir='ltr'><strong>respeetu</strong></span> <span class='ocrx_word' id='word_1_329' title='bbox 1292 5115 1445 5178; x_wconf 83' lang='lat' dir='ltr'><strong>oninium</strong></span> <span class='ocrx_word' id='word_1_330' title='bbox 1478 5138 1567 5198; x_wconf 76' lang='lat' dir='ltr'><strong>uum·</strong></span> <span class='ocrx_word' id='word_1_331' title='bbox 1598 5115 1795 5181; x_wconf 80' lang='lat' dir='ltr'><strong>albedinem</strong></span> <span class='ocrx_word' id='word_1_332' title='bbox 1828 5116 1944 5200; x_wconf 76' lang='lat' dir='ltr'><strong>aliquo</strong></span> <span class='ocrx_word' id='word_1_333' title='bbox 1976 5119 2081 5182; x_wconf 87' lang='lat' dir='ltr'><strong>modu</strong></span> <span class='ocrx_word' id='word_1_334' title='bbox 2113 5118 2331 5205; x_wconf 86' lang='lat' dir='ltr'><strong>participant,</strong></span> 
     </span>
     <span class='ocr_line' id='line_1_33' title="bbox 855 5230 2332 5317; baseline 0.001 -18"><span class='ocrx_word' id='word_1_335' title='bbox 855 5234 918 5299; x_wconf 87' lang='lat' dir='ltr'><strong>sed</strong></span> <span class='ocrx_word' id='word_1_336' title='bbox 946 5242 1109 5317; x_wconf 85' lang='lat' dir='ltr'><strong>respectu</strong></span> <span class='ocrx_word' id='word_1_337' title='bbox 1138 5230 1344 5316; x_wconf 89' lang='lat' dir='ltr'><strong>supertieiei.</strong></span> <span class='ocrx_word' id='word_1_338' title='bbox 1380 5230 1462 5295; x_wconf 88' lang='lat' dir='ltr'><strong>ldeo</strong></span> <span class='ocrx_word' id='word_1_339' title='bbox 1499 5251 1566 5295; x_wconf 91' lang='lat' dir='ltr'><strong>non</strong></span> <span class='ocrx_word' id='word_1_340' title='bbox 1600 5243 1738 5315; x_wconf 86' lang='lat' dir='ltr'><strong>oportet</strong></span> <span class='ocrx_word' id='word_1_341' title='bbox 1771 5254 1859 5315; x_wconf 75' lang='lat' dir='ltr'><strong>uuae</strong></span> <span class='ocrx_word' id='word_1_342' title='bbox 1888 5254 1950 5316; x_wconf 90' lang='lat' dir='ltr'><strong>per</strong></span> <span class='ocrx_word' id='word_1_343' title='bbox 1973 5255 2011 5297; x_wconf 89' lang='lat' dir='ltr'><strong>se</strong></span> <span class='ocrx_word' id='word_1_344' title='bbox 2045 5256 2116 5298; x_wconf 92' lang='lat' dir='ltr'><strong>non</strong></span> <span class='ocrx_word' id='word_1_345' title='bbox 2141 5248 2223 5300; x_wconf 85' lang='lat' dir='ltr'><strong>sunt</strong></span> <span class='ocrx_word' id='word_1_346' title='bbox 2253 5238 2332 5302; x_wconf 88' lang='lat' dir='ltr'><strong>alba</strong></span> 
     </span>
     <span class='ocr_line' id='line_1_34' title="bbox 856 5346 2332 5430; baseline 0.003 -17"><span class='ocrx_word' id='word_1_347' title='bbox 856 5349 1009 5415; x_wconf 86' lang='lat' dir='ltr'><strong>babeant</strong></span> <span class='ocrx_word' id='word_1_348' title='bbox 1050 5346 1151 5411; x_wconf 82' lang='lat' dir='ltr'><strong>aliam</strong></span> <span class='ocrx_word' id='word_1_349' title='bbox 1188 5346 1384 5411; x_wconf 87' lang='lat' dir='ltr'><strong>albedinem</strong></span> <span class='ocrx_word' id='word_1_350' title='bbox 1426 5346 1603 5411; x_wconf 81' lang='lat' dir='ltr'><strong>formalem</strong></span> <span class='ocrx_word' id='word_1_351' title='bbox 1637 5369 1704 5430; x_wconf 83' lang='lat' dir='ltr'><strong>qua</strong></span> <span class='ocrx_word' id='word_1_352' title='bbox 1745 5347 1794 5411; x_wconf 85' lang='lat' dir='ltr'><strong>sie</strong></span> <span class='ocrx_word' id='word_1_353' title='bbox 1834 5348 2073 5415; x_wconf 75' lang='lat' dir='ltr'><strong>informentur.</strong></span> <span class='ocrx_word' id='word_1_354' title='bbox 2110 5352 2172 5415; x_wconf 89' lang='lat' dir='ltr'><strong>sed</strong></span> <span class='ocrx_word' id='word_1_355' title='bbox 2208 5352 2332 5418; x_wconf 84' lang='lat' dir='ltr'><strong>sullieit</strong></span> 
     </span>
     <span class='ocr_line' id='line_1_35' title="bbox 856 5462 2333 5551; baseline 0.001 -20"><span class='ocrx_word' id='word_1_356' title='bbox 856 5466 952 5551; x_wconf 87' lang='lat' dir='ltr'><strong>quod</strong></span> <span class='ocrx_word' id='word_1_357' title='bbox 987 5463 1055 5529; x_wconf 90' lang='lat' dir='ltr'><strong>sint</strong></span> <span class='ocrx_word' id='word_1_358' title='bbox 1087 5484 1193 5527; x_wconf 91' lang='lat' dir='ltr'><strong>unum</strong></span> <span class='ocrx_word' id='word_1_359' title='bbox 1223 5482 1301 5526; x_wconf 85' lang='lat' dir='ltr'><strong>eum</strong></span> <span class='ocrx_word' id='word_1_360' title='bbox 1338 5484 1399 5545; x_wconf 88' lang='lat' dir='ltr'><strong>per</strong></span> <span class='ocrx_word' id='word_1_361' title='bbox 1422 5484 1460 5525; x_wconf 89' lang='lat' dir='ltr'><strong>se</strong></span> <span class='ocrx_word' id='word_1_362' title='bbox 1493 5462 1582 5539; x_wconf 86' lang='lat' dir='ltr'><strong>albo,</strong></span> <span class='ocrx_word' id='word_1_363' title='bbox 1608 5463 1702 5545; x_wconf 86' lang='lat' dir='ltr'><strong>quod</strong></span> <span class='ocrx_word' id='word_1_364' title='bbox 1731 5474 1824 5547; x_wconf 91' lang='lat' dir='ltr'><strong>patet</strong></span> <span class='ocrx_word' id='word_1_365' title='bbox 1849 5462 1908 5527; x_wconf 85' lang='lat' dir='ltr'><strong>sie.</strong></span> <span class='ocrx_word' id='word_1_366' title='bbox 1942 5463 1978 5529; x_wconf 85' lang='lat' dir='ltr'><strong>si</strong></span> <span class='ocrx_word' id='word_1_367' title='bbox 2012 5464 2102 5529; x_wconf 87' lang='lat' dir='ltr'><strong>enim</strong></span> <span class='ocrx_word' id='word_1_368' title='bbox 2138 5467 2333 5533; x_wconf 87' lang='lat' dir='ltr'><strong>accidentia</strong></span> 
     </span>
     <span class='ocr_line' id='line_1_36' title="bbox 857 5576 2331 5666; baseline 0.001 -20"><span class='ocrx_word' id='word_1_369' title='bbox 857 5580 984 5666; x_wconf 86' lang='lat' dir='ltr'><strong>quibus</strong></span> <span class='ocrx_word' id='word_1_370' title='bbox 1015 5601 1086 5644; x_wconf 90' lang='lat' dir='ltr'><strong>non</strong></span> <span class='ocrx_word' id='word_1_371' title='bbox 1120 5577 1284 5644; x_wconf 75' lang='lat' dir='ltr'><strong>convenit</strong></span> <span class='ocrx_word' id='word_1_372' title='bbox 1316 5576 1455 5641; x_wconf 87' lang='lat' dir='ltr'><strong>extendi</strong></span> <span class='ocrx_word' id='word_1_373' title='bbox 1491 5597 1552 5660; x_wconf 90' lang='lat' dir='ltr'><strong>per</strong></span> <span class='ocrx_word' id='word_1_374' title='bbox 1591 5600 1639 5653; x_wconf 84' lang='lat' dir='ltr'><strong>se,</strong></span> <span class='ocrx_word' id='word_1_375' title='bbox 1668 5579 1730 5642; x_wconf 84' lang='lat' dir='ltr'><strong>sed</strong></span> <span class='ocrx_word' id='word_1_376' title='bbox 1763 5579 1872 5642; x_wconf 85' lang='lat' dir='ltr'><strong>solum</strong></span> <span class='ocrx_word' id='word_1_377' title='bbox 1914 5578 1994 5663; x_wconf 73' lang='lat' dir='ltr'><strong>quia</strong></span> <span class='ocrx_word' id='word_1_378' title='bbox 2026 5582 2156 5646; x_wconf 88' lang='lat' dir='ltr'><strong>babent</strong></span> <span class='ocrx_word' id='word_1_379' title='bbox 2187 5603 2266 5648; x_wconf 86' lang='lat' dir='ltr'><strong>esse</strong></span> <span class='ocrx_word' id='word_1_380' title='bbox 2298 5582 2331 5648; x_wconf 94' lang='lat' dir='ltr'><strong>in</strong></span> 
     </span>
     <span class='ocr_line' id='line_1_37' title="bbox 858 5691 2334 5779; baseline 0.001 -18"><span class='ocrx_word' id='word_1_381' title='bbox 858 5707 1004 5762; x_wconf 84' lang='lat' dir='ltr'><strong>extenso</strong></span> <span class='ocrx_word' id='word_1_382' title='bbox 1032 5694 1126 5778; x_wconf 78' lang='lat' dir='ltr'><strong>(prod</strong></span> <span class='ocrx_word' id='word_1_383' title='bbox 1147 5705 1200 5758; x_wconf 88' lang='lat' dir='ltr'><strong>est</strong></span> <span class='ocrx_word' id='word_1_384' title='bbox 1227 5691 1421 5756; x_wconf 77' lang='lat' dir='ltr'><strong>substantia</strong></span> <span class='ocrx_word' id='word_1_385' title='bbox 1448 5713 1538 5775; x_wconf 75' lang='lat' dir='ltr'><strong>«mae</strong></span> <span class='ocrx_word' id='word_1_386' title='bbox 1567 5706 1618 5757; x_wconf 82' lang='lat' dir='ltr'><strong>est</strong></span> <span class='ocrx_word' id='word_1_387' title='bbox 1647 5714 1709 5777; x_wconf 89' lang='lat' dir='ltr'><strong>per</strong></span> <span class='ocrx_word' id='word_1_388' title='bbox 1734 5716 1770 5753; x_wconf 84' lang='lat' dir='ltr'><strong>se</strong></span> <span class='ocrx_word' id='word_1_389' title='bbox 1796 5694 1988 5759; x_wconf 74' lang='lat' dir='ltr'><strong>sulieetum</strong></span> <span class='ocrx_word' id='word_1_390' title='bbox 2015 5696 2224 5779; x_wconf 75' lang='lat' dir='ltr'><strong>minutionis,</strong></span> <span class='ocrx_word' id='word_1_391' title='bbox 2252 5698 2334 5763; x_wconf 87' lang='lat' dir='ltr'><strong>liant</strong></span> 
     </span>
    </p>
   </div>
   <div class='ocr_carea' id='block_1_3' title="bbox 858 5808 2334 5901">
    <p class='ocr_par' dir='ltr' id='par_1_4' title="bbox 858 5808 2334 5901">
     <span class='ocr_line' id='line_1_38' title="bbox 858 5808 2334 5901; baseline 0.002 -24"><span class='ocrx_word' id='word_1_392' title='bbox 858 5813 1053 5879; x_wconf 86' lang='lat' dir='ltr'><strong>seeundum</strong></span> <span class='ocrx_word' id='word_1_393' title='bbox 1080 5832 1119 5876; x_wconf 85' lang='lat' dir='ltr'><strong>se</strong></span> <span class='ocrx_word' id='word_1_394' title='bbox 1146 5820 1305 5895; x_wconf 85' lang='lat' dir='ltr'><strong>separata</strong></span> <span class='ocrx_word' id='word_1_395' title='bbox 1331 5808 1406 5873; x_wconf 86' lang='lat' dir='ltr'><strong>sine</strong></span> <span class='ocrx_word' id='word_1_396' title='bbox 1434 5808 1637 5883; x_wconf 68' lang='lat' dir='ltr'><strong>substantia,</strong></span> <span class='ocrx_word' id='word_1_397' title='bbox 1667 5811 1719 5873; x_wconf 82' lang='lat' dir='ltr'><strong>xel</strong></span> <span class='ocrx_word' id='word_1_398' title='bbox 1748 5822 1950 5895; x_wconf 78' lang='lat' dir='ltr'><strong>separentur</strong></span> <span class='ocrx_word' id='word_1_399' title='bbox 1975 5835 1993 5875; x_wconf 92' lang='lat' dir='ltr'><strong>a</strong></span> <span class='ocrx_word' id='word_1_400' title='bbox 2019 5814 2211 5878; x_wconf 85' lang='lat' dir='ltr'><strong>substantia</strong></span> <span class='ocrx_word' id='word_1_401' title='bbox 2238 5836 2334 5901; x_wconf 85' lang='lat' dir='ltr'><strong>prue-</strong></span> 
     </span>
    </p>
   </div>
   <div class='ocr_carea' id='block_1_4' title="bbox 950 6056 1421 6135">
    <p class='ocr_par' dir='ltr' id='par_1_5' title="bbox 950 6056 1421 6135">
     <span class='ocr_line' id='line_1_39' title="bbox 950 6056 1421 6135; baseline -0.013 -18"><span class='ocrx_word' id='word_1_402' title='bbox 950 6062 1158 6135; x_wconf 86' lang='lat' dir='ltr'><strong>¹consequens</strong></span> <span class='ocrx_word' id='word_1_403' title='bbox 1174 6059 1208 6112; x_wconf 74' lang='lat' dir='ltr'><strong>V.</strong></span> <span class='ocrx_word' id='word_1_404' title='bbox 1223 6089 1256 6096; x_wconf 88' lang='lat'>—</span> <span class='ocrx_word' id='word_1_405' title='bbox 1270 6058 1281 6089; x_wconf 84' lang='lat'><strong>&#39;·&#39;</strong></span> <span class='ocrx_word' id='word_1_406' title='bbox 1295 6056 1374 6129; x_wconf 68' lang='lat' dir='ltr'><strong>«prod</strong></span> <span class='ocrx_word' id='word_1_407' title='bbox 1390 6056 1421 6111; x_wconf 76' lang='lat' dir='ltr'><strong>t&#39;.</strong></span> 
     </span>
    </p>
   </div>
   <div class='ocr_carea' id='block_1_5' title="bbox 0 0 3384 7988">
    <p class='ocr_par' dir='ltr' id='par_1_6' title="bbox 0 0 3384 7988">
     <span class='ocr_line' id='line_1_40' title="bbox 0 0 3384 7988; baseline 0 0"><span class='ocrx_word' id='word_1_408' title='bbox 0 0 3384 7988; x_wconf 95' lang='lat' dir='ltr'><strong> </strong></span> 
     </span>
    </p>
   </div>
  </div>
 </body>
</html>
