6700 7992
1529 1942 1839 2114 nnmsss’r'ii'l„
1875 2046 1918 2111 :-‚.-

952 2297 1551 2466 GODEFRtDt
1622 2296 1758 2461 DE
1822 2275 2394 2459 FONllssllS

1443 2719 1586 2784 parua
1622 2717 1888 2802 QUATTUOR

1276 2996 2066 3179 QUODLlBETA

1534 3329 1774 3385 REPORTATA
1788 3334 1794 3363 ¹

1088 3904 1792 4066 ouojnmaaruu
1864 3918 2254 4027 omnum

1521 4260 1763 4345 QUAESTto
1788 4262 1810 4326 1.

937 4481 1077 4558 Utrum
1114 4480 1250 4554 eodem
1284 4480 1337 4554 sit
1367 4479 1472 4554 actio
1505 4503 1584 4579 qno
1617 4478 1732 4553 Dens
1759 4477 1952 4576 producit
1978 4503 2042 4553 res
2075 4477 2118 4552 in
2151 4503 2235 4553 esse
2262 4483 2299 4552 et
2325 4504 2405 4580 qno

968 4618 1177 4688 conservat
1203 4613 1361 4688 eosdem
1389 4612 1433 4686 in
1462 4637 1545 4686 esse
1567 4619 1644 4710 per
1670 4611 1847 4686 eiusdem
1875 4636 1959 4686 esse
1986 4610 2327 4686 continuationem
2343 4607 2368 4684 2.

1018 4913 1287 4997 Quaerebantur
1325 4913 1497 4997 quaedam
1537 4911 1629 4977 circa
1661 4912 1775 4976 Deum
1807 4923 2009 4990 creatorem,
2043 4923 2077 4976 et
2108 4913 2281 4997 quaedam
2314 4911 2406 4979 circa
2465 4954 2566 5009 mv

928 5041 1116 5096 creaturas.
1135 5029 1238 5095 Circa
1254 5030 1368 5094 Deum
1393 5030 1651 5113 quaerebantur
1667 5028 1839 5112 quaedam
1864 5027 2099 5113 competentia
2122 5027 2188 5094 sibi
2211 5030 2406 5095 secundum
2429 5024 2479 5079 fol.
2492 5026 2597 5079 tolvb

930 5155 1087 5210 naturam
1105 5144 1257 5210 divinam
1272 5166 1279 5222 ;
1297 5145 1469 5229 quaedam
1487 5141 1722 5228 competentia
1737 5142 1804 5208 sibi
1826 5144 2020 5209 secundum
2045 5155 2202 5209 naturam
2218 5147 2406 5210 humanam
2429 5096 2600 5222 f0i⁰iiissppa

926 5273 965 5328 et
980 5259 1134 5326 divinam
1157 5260 1258 5326 simul
1282 5260 1316 5325 in
1342 5259 1491 5325 Christo.
1516 5259 1619 5325 Circa
1642 5259 1878 5345 competentia
1894 5260 1972 5326 Deo
1994 5261 2187 5325 secundum
2211 5261 2286 5326 eius
2310 5270 2407 5328 natu·

930 5398 1002 5442 ram
1027 5376 1178 5442 divinam
1203 5378 1459 5461 quaerebantur
1476 5376 1546 5440 duo
1571 5373 1780 5460 pertinentia
1797 5375 1841 5439 ad
1858 5375 1933 5440 eius
1958 5375 2142 5441 actionem.
2170 5375 2318 5442 Primum
2336 5389 2408 5443 erat

930 5495 974 5558 de
998 5491 1136 5558 actione
1161 5491 1235 5558 eius
1259 5491 1467 5580 generaliter
1486 5501 1648 5576 respectu
1673 5490 1827 5557 omnium
1844 5504 2089 5558 creaturarum.
2115 5491 2318 5558 Secundum
2336 5505 2408 5560 erat

1023 5780 1029 5808 ¹
1044 5776 1176 5847 Magistri
1190 5807 1223 5815 —
1237 5778 1396 5847 reportata]
1410 5775 1606 5834 addidimus:
1619 5774 1666 5828 hic
1680 5774 1866 5829 continentur
1885 5774 1979 5845 prima
1998 5783 2125 5845 quatuor
2142 5775 2296 5848 quodlibet
2309 5777 2410 5832 Gode-

931 5863 998 5918 fridi
1012 5864 1050 5918 de
1063 5863 1207 5918 Fontibus
1221 5881 1296 5935 quae
1311 5862 1447 5917 dicuntur
1460 5870 1617 5934 reportata.
1631 5860 1739 5932 Incipit
1751 5861 1876 5933 primurn
1891 5861 2043 5932 quodlibet
2056 5864 2159 5934 strips.
2171 5864 2204 5916 in
2216 5882 2315 5937 marg.
2328 5883 2409 5919 mun.

931 5969 987 6005 rec.
1008 5952 1047 6017 P;
1066 5949 1169 6022 incipit
1185 5950 1310 6022 primum
1331 5949 1533 6022 quodlibetum
1553 5949 1685 6004 eiusdem
1704 5950 1773 6003 add.
1788 5967 1869 6002 mon.
1887 5968 1943 6003 rec.
1957 5951 1990 6004 V.
2009 5982 2043 5990 —
2062 5951 2072 5983 ¹
2089 5951 2192 6006 Utrum
2212 5984 2245 5991 -
2259 5951 2410 6006 continua-

931 6038 1052 6108 tionem]
1065 6038 1270 6108 quaestionem
1283 6037 1369 6101 hunc,
1381 6041 1496 6090 ceteras
1509 6037 1588 6101 iton,
1598 6037 1859 6108 praescripsimus.
2317 6044 2338 6110 ‚l
