6700 7992
1040 1450 1091 1505 tat
1403 1448 1595 1506 MAGISTRI
1624 1447 1846 1505 GODEFRIDI
1875 1448 1927 1504 DE
1955 1445 2155 1506 FONTIBUS

1039 1641 1092 1696 est
1119 1630 1315 1696 subiectum
1346 1630 1488 1715 aliquod
1515 1630 1550 1696 in
1578 1641 1669 1697 actu.
1686 1630 1755 1698 Ubi
1783 1640 1899 1696 autem
1926 1651 1999 1696 non
2028 1640 2144 1716 potest
2171 1650 2250 1696 esse
2276 1630 2517 1698 transmutatio

1038 1747 1232 1813 secundum
1261 1746 1501 1828 substantiam,
1526 1767 1593 1813 nec
1617 1757 1670 1813 est
1694 1745 1836 1812 materia
1860 1768 1950 1832 quae
1975 1757 2028 1812 est
2052 1745 2087 1812 in
2114 1745 2271 1832 potentia
2295 1747 2341 1812 ad
2357 1749 2518 1814 substan·

1037 1863 1129 1928 tiam.
1147 1862 1273 1929 Dicere
1300 1862 1392 1928 enim
1420 1864 1515 1948 quod
1544 1863 1579 1928 in
1603 1862 1777 1947 aliquibus
1802 1873 1855 1929 est
1877 1882 1958 1928 vere
1981 1861 2125 1928 materia
2148 1872 2323 1928 ettamen
2346 1883 2419 1929 non
2436 1873 2519 1930 sunt

1037 1974 1311 2045 transmutabilia
1335 1978 1529 2044 secundum
1554 1979 1710 2058 formam,
1735 1977 1816 2063 quia
1839 1977 1982 2044 materia
2006 1979 2063 2044 illa
2086 1978 2235 2044 totaliter
2258 1989 2311 2045 est
2334 1979 2517 2046 terminata

1037 2104 1204 2179 quantum
1231 2095 1276 2161 ad
1304 2094 1379 2161 eius
1407 2095 1599 2180 appetitum
1627 2115 1732 2179 quem
1756 2096 1862 2160 habet
1889 2096 1934 2159 ad
1963 2072 2120 2160 formam*
2136 2105 2196 2160 aut
2218 2105 2360 2182 propter
2383 2096 2517 2183 perfec·

1036 2210 1166 2277 tionem
1194 2209 1327 2277 formae
1353 2231 1492 2276 omnem
1521 2210 1623 2276 aliam
1651 2210 1796 2276 formam
1823 2210 2011 2276 virtualiter
2039 2210 2261 2293 continentis,
2292 2222 2352 2277 aut
2374 2222 2517 2298 propter

1036 2325 1359 2392 determinationem
1387 2325 1498 2412 ipsius
1524 2326 1689 2392 materiae
1714 2328 1758 2391 ad
1782 2326 1928 2391 formam
1951 2327 2055 2392 talem
2079 2347 2159 2392 cum
2184 2326 2386 2393 exclusione
2409 2349 2516 2413 appe-

1035 2441 1117 2507 titus
1141 2453 1176 2507 et
1202 2441 1380 2528 potentiae
1407 2442 1451 2507 ad
1479 2441 1591 2521 aliam,
1619 2442 1756 2508 videtur
1782 2441 2037 2521 irrationabile3
2062 2463 2141 2507 curn
2171 2442 2214 2508 de
2241 2442 2375 2509 ratione
2407 2464 2515 2529 purae

1035 2557 1213 2644 potentiae
1244 2558 1297 2640 sit,
1330 2568 1498 2643 quantum
1528 2569 1581 2624 est
1612 2559 1656 2624 de
1692 2579 1741 2638 se,
1770 2566 1936 2643 appetere
1967 2580 2106 2623 omnem
2144 2560 2288 2623 formam
2313 2580 2403 2643 quae
2433 2569 2516 2624 nata

1036 2683 1089 2739 est
1126 2672 1239 2760 ipsam
1278 2674 1446 2760 perficere
1470 2694 1694 2759 quocumque
1733 2675 1849 2739 modo.
1888 2674 1937 2739 lta
1975 2675 2070 2758 quod
2108 2673 2260 2740 existens
2299 2675 2365 2739 sub
2402 2675 2514 2740 forma

1035 2789 1253 2875 perfectiore,
1277 2788 1514 2870 nihilominus
1539 2789 1620 2874 quia
1644 2789 1869 2875 perfectibilis
1897 2800 1949 2855 est
1976 2789 2086 2854 forma
2103 2789 2368 2875 imperfectiore,
2382 2791 2515 2876 appetit

1035 2905 1126 2971 illam
1153 2905 1244 2971 sicut
1269 2915 1380 2991 turpe,
1398 2904 1480 2990 quia
1506 2919 1668 2991 respectu
1696 2905 1786 2971 illius
1814 2916 1866 2971 est
1894 2904 2004 2992 turpis
2037 2915 2070 2971 et
2098 2905 2264 2972 deformis
2293 2916 2329 2972 ut
2355 2905 2450 2993 prius
2480 2917 2514 2973 et

1036 3031 1160 3087 cetera.

1124 3269 1217 3355 Quia
1241 3271 1344 3337 etiam
1368 3270 1561 3359 intelligere
1585 3282 1638 3337 est
1653 3282 1753 3337 actus
1777 3273 1963 3356 perfectus,
1980 3293 2050 3356 quo
2067 3294 2122 3338 res
2140 3273 2334 3337 secundum
2352 3273 2512 3339 conside·

1033 3386 1203 3453 rationem
1240 3388 1449 3453 abstractam
1487 3409 1507 3452 a
1545 3386 1814 3454 condicionibus
1854 3386 2151 3453 individuantibus
2190 3390 2511 3473 apprehenduntur,

1033 3513 1171 3589 oportet
1206 3502 1366 3568 virtutem
1396 3502 1447 3568 sic
1482 3503 1773 3589 apprehensivam
1812 3524 1890 3568 esse
1920 3502 1970 3568 sic
2007 3504 2196 3589 perfectam
2233 3515 2267 3570 et
2302 3505 2510 3570 abstractam

1034 3619 1129 3704 quod
1154 3618 1198 3684 de
1221 3617 1355 3684 ratione
1380 3628 1413 3684 et
1437 3618 1589 3685 essentia
1614 3619 1689 3684 eius
1713 3640 1785 3684 non
1810 3619 1854 3683 sit
1877 3640 1957 3684 vere
1982 3618 2134 3700 materia,
2150 3619 2232 3704 quia
2257 3619 2342 3684 illud
2366 3620 2511 3686 formale

1033 3735 1129 3819 quod
1167 3745 1261 3800 esset
1298 3734 1333 3799 in
1372 3733 1430 3799 tali
1470 3734 1604 3814 virtute,
1643 3756 1722 3800 cum
1761 3736 1857 3799 nullo
1893 3736 1999 3799 modo
2036 3745 2155 3800 natum
2191 3747 2285 3800 esset
2320 3756 2399 3801 esse
2434 3735 2510 3802 sine

1033 3849 1175 3916 materia
1203 3849 1270 3931 illa,
1301 3860 1395 3916 esset
1429 3849 1572 3915 omnino
1608 3850 1807 3916 immersum
1844 3850 1877 3915 in
1908 3849 2051 3916 materia
2087 3861 2121 3916 et
2156 3851 2199 3915 ab
2236 3871 2278 3916 ea
2313 3851 2364 3917 sic
2388 3873 2510 3937 appre-

1032 3967 1181 4031 hensum
1219 3967 1315 4051 quod
1353 3965 1520 4051 quicquid
1557 3964 1737 4051 reciperet,
1777 3967 1843 4031 sub
1883 3987 1961 4031 esse
2000 3966 2167 4031 materiali
2207 3978 2241 4031 et
2280 3967 2509 4033 determinato

1026 4081 1210 4168 reciperet.
1236 4079 1274 4148 Si
1303 4080 1395 4146 enim
1419 4080 1618 4147 huiusmodi
1643 4082 1787 4146 formale
1814 4103 1886 4147 non
1916 4093 2037 4167 posset
2066 4102 2144 4146 esse
2181 4080 2248 4146 nisi
2284 4081 2318 4146 in
2354 4082 2405 4147 sic
2428 4104 2509 4148 vere

1031 4196 1208 4277 materiali,
1237 4196 1284 4262 ita
1315 4206 1409 4263 esset
1437 4195 1520 4282 quid
1555 4197 1806 4282 imperfectum,
1846 4197 1936 4263 sieut
1964 4208 1998 4263 et
2033 4198 2121 4262 aliae
2146 4196 2277 4263 formae
2301 4198 2507 4279 materiales

1032 4322 1200 4397 quantum
1224 4313 1269 4377 ad
1293 4314 1361 4378 hoc
1386 4312 1481 4397 quod
1516 4312 1600 4377 nihil
1633 4312 1788 4398 recipere
1816 4324 1937 4398 posset
1965 4313 2031 4378 nisi
2066 4312 2295 4394 materialiter,
2326 4313 2406 4379 licet
2433 4336 2509 4400 per-

1031 4427 1175 4495 fectiore
1203 4429 1310 4494 modo
1343 4450 1447 4513 quam
1472 4428 1569 4508 aliae,
1595 4429 1685 4493 sicut
1715 4429 1817 4494 etiam
1853 4439 1968 4514 potest
1991 4451 2061 4493 una
2091 4429 2198 4494 virtus
2229 4428 2393 4495 sensitiva
2429 4451 2508 4496 esse

1030 4543 1215 4630 perfectior
1238 4544 1306 4609 alia
1333 4543 1413 4609 licet
1448 4544 1623 4629 quaelibet
1657 4544 1701 4609 sit
1736 4544 1930 4610 materialis.
1967 4543 2065 4610 Sicut
2100 4544 2191 4610 enim
2227 4544 2369 4610 materia
2403 4567 2509 4630 quae-

1030 4681 1180 4745 cumque
1195 4681 1275 4725 vere
1299 4669 1352 4725 est
1375 4660 1517 4725 materia
1541 4661 1670 4724 nullam
1696 4660 1929 4726 actualitatem
1954 4660 2145 4745 importans
2170 4662 2214 4725 de
2238 4681 2287 4740 se,
2312 4663 2506 4727 secundum

1029 4796 1068 4841 se
1092 4796 1164 4841 non
1189 4784 1242 4841 est
1265 4774 1488 4864 intelligibilis
1512 4776 1556 4840 ab
1582 4777 1759 4842 intellectu
1783 4776 1997 4861 intelligente
2022 4798 2084 4860 per
2111 4776 2264 4861 speciem
2293 4787 2327 4842 et
2353 4776 2507 4842 similitu·

1029 4892 1146 4957 dinem
1171 4888 1317 4957 activam
1342 4890 1458 4976 aliquo
1483 4892 1588 4956 modo
1613 4891 1647 4956 in
1673 4892 1751 4977 ipso
1776 4892 1820 4956 ab
1855 4892 1933 4970 alio,
1961 4891 2071 4956 —ita
2105 4891 2242 4957 videtur
2277 4893 2373 4976 quod
2398 4893 2506 4958 multo

1028 5006 1144 5073 minus
1168 5007 1251 5072 illud
1287 5007 1331 5072 de
1366 5006 1466 5072 cuius
1500 5007 1634 5073 ratione
1670 5018 1724 5072 est
1757 5028 1838 5072 vera
1874 5007 2016 5072 materia
2040 5007 2152 5092 possit
2181 5029 2261 5072 esse
2296 5007 2505 5095 intelligens

1028 5122 1111 5209 quia
1137 5122 1222 5188 illud
1257 5121 1464 5188 actualitatis
1500 5124 1595 5207 quod
1633 5124 1739 5188 habet
1768 5123 1851 5188 illud
1887 5124 1931 5188 de
1960 5123 2060 5188 cuius
2095 5123 2229 5189 ratione
2258 5123 2309 5187 sic
2338 5133 2391 5188 est
2428 5123 2505 5188 talis

1027 5239 1170 5306 materia
1196 5248 1230 5304 et
1252 5237 1409 5325 potentia
1432 5237 1484 5305 sic
1507 5237 1706 5304 immersum
1732 5239 1763 5305 ei
1787 5250 1821 5304 et
1846 5241 2138 5325 comprehensum
2163 5240 2207 5303 ab
2232 5238 2319 5324 ipsa,
2335 5248 2389 5304 est
2406 5249 2505 5304 actus

1027 5356 1076 5423 ita
1097 5353 1296 5442 potentialis
1321 5365 1356 5419 et
1378 5353 1573 5434 materialis
1600 5365 1633 5420 et
1667 5353 1713 5419 ita
1744 5354 1919 5420 modicum
1955 5356 2091 5419 habens
2123 5356 2166 5420 de
2203 5354 2400 5420 actualitate
2426 5365 2505 5420 eta

1026 5469 1278 5557 potentialitate
1304 5470 1475 5536 recedens
1502 5470 1598 5555 quod
1622 5491 1694 5535 non
1721 5481 1843 5556 posset
1870 5491 1949 5535 esse
1977 5469 2172 5536 subiectum
2197 5469 2410 5556 operationis
2434 5480 2503 5535 tam

1026 5586 1171 5653 actualis
1207 5597 1241 5652 et
1274 5582 1460 5671 perfectae.
1495 5586 1599 5651 Unde
1634 5586 1663 5650 si
1692 5586 1888 5651 intellectus
1922 5587 2096 5650 humanus
2132 5581 2183 5650 sic
2213 5595 2307 5651 esset
2334 5585 2502 5670 perfectio

1026 5701 1190 5768 materiae
1216 5702 1311 5787 quod
1338 5721 1410 5767 non
1437 5711 1559 5787 posset
1582 5701 1699 5786 aliquo
1723 5702 1829 5767 modo
1854 5722 1933 5766 esse
1958 5701 2033 5766 sine
2057 5700 2209 5780 materia,
2226 5700 2316 5766 sicut
2332 5700 2504 5788 contingit

1015 5818 1071 5885 'de
1099 5816 1174 5885 aliis
1204 5815 1334 5884 viribus
1363 5816 1637 5903 apprehensiviS,
1675 5818 1771 5882 nullo
1800 5815 1906 5883 modo
1944 5816 2160 5904 intelligeret,
2200 5828 2234 5882 et
2272 5836 2335 5902 pro
2372 5826 2502 5901 quanto

1025 5933 1145 6000 etiam.
1167 5934 1294 6001 modus
1332 5931 1474 5999 essendi
1513 5932 1588 5998 eius
1633 5933 1775 6017 requirit
1812 5933 2000 6012 materiam,
2035 5932 2150 5998 minus
2197 5931 2351 6018 perfecte
2397 5932 2503 5997 habet

1024 6048 1194 6119 rationem
1218 6047 1468 6115 intellectualis.
1495 6047 1614 6136 Qui[a]
1645 6059 1761 6115 tamen
1792 6047 1871 6114 licet
1895 6048 2051 6134 perficiat
2078 6047 2256 6113 materiam
2274 6056 2308 6119 et
2323 6045 2502 6117 materiam
