6700 7992
1336 1385 1553 1450 secernunt
1583 1383 1883 1465 Quonnnarou,
1912 1392 1948 1465 Q.
1975 1385 2001 1446 v
2371 1382 2405 1445 vs

927 1591 996 1661 qua
1013 1570 1137 1641 dicitur
1156 1576 1251 1661 quod
1269 1586 1367 1640 actus
1384 1586 1418 1641 et
1433 1574 1589 1660 potentia
1605 1585 1687 1640 sunt
1714 1574 1749 1640 in
1774 1576 1898 1640 eodem
1923 1595 2064 1663 genere,
2089 1587 2123 1641 et
2147 1583 2246 1639 actus
2270 1571 2406 1638 animae

927 1703 980 1758 est
1011 1691 1177 1758 accidens
1208 1691 1288 1757 ideo
1313 1703 1347 1756 et
1381 1690 1547 1777 potentia,
1572 1713 1644 1756 non
1677 1691 1812 1756 videtur
1848 1692 2007 1757 absolute
2031 1693 2154 1757 valere.
2186 1690 2275 1755 Nam
2307 1699 2407 1755 actus

927 1807 1049 1893 aliquis
1074 1806 1299 1873 accidentalis
1328 1818 1379 1872 est
1403 1806 1618 1873 substantiae
1647 1806 1704 1872 cui
1735 1829 1807 1873 non
1835 1807 2027 1893 respondet
2057 1805 2214 1894 potentia
2245 1825 2336 1891 quae
2364 1802 2408 1869 sit

928 1923 1093 1990 accidens
1117 1924 1209 1989 reale
1233 1935 1270 1989 ut
1297 1923 1426 1989 dictum
1454 1935 1516 1989 est.
1542 1923 1580 1990 Si
1604 1944 1690 2010 ergo
1714 1922 1906 2011 intelligere
1934 1935 2028 1990 esset
2052 1922 2220 2009 perfectio
2248 1922 2407 1987 substan-

927 2039 1016 2104 tialis
1049 2039 1244 2105 intellectus
1273 2039 1327 2105 vel
1351 2038 1520 2126 perfectio
1544 2039 1619 2104 eius
1647 2039 1874 2105 accidentalis
1902 2038 2143 2125 inseparabilis
2169 2049 2203 2104 et
2231 2035 2408 2118 naturalis,

928 2166 1051 2242 posset
1078 2154 1195 2221 inesse
1222 2155 1436 2221 substantiae
1466 2155 1612 2236 animae,
1640 2177 1712 2221 non
1737 2155 1911 2222 mediante
1939 2155 2033 2220 alio¹
2060 2154 2252 2221 accidente.
2281 2153 2353 2220 Sed
2384 2155 2389 2238 Ι

929 2292 1008 2336 cum
1035 2270 1079 2336 sit
1111 2270 1280 2356 perfectio
1309 2271 1535 2337 accidentalis
1563 2281 1597 2336 et
1628 2271 1813 2350 variabilis
1839 2271 1920 2337 ideo
1950 2291 2098 2338 necesse
2131 2280 2184 2337 est
2208 2272 2304 2356 quod
2327 2268 2409 2335 insit

928 2386 1105 2454 mediante
1140 2386 1256 2472 aliquo
1287 2386 1480 2452 invariabili
1515 2398 1548 2454 et
1586 2387 1833 2473 inseparabili:
1874 2386 2069 2453 accidentia
2101 2385 2192 2453 enim
2231 2386 2288 2452 illa
2319 2406 2409 2471 quae

929 2501 1126 2568 immediate
1154 2502 1345 2568 fundantur
1371 2502 1406 2567 in
1431 2502 1625 2568 substantia
1653 2503 1754 2569 simul
1783 2524 1862 2568 cum
1890 2503 2085 2569 substantia
2113 2502 2292 2588 incipiunt.
2317 2501 2409 2586 Quia

929 2640 1014 2707 ergo
1039 2618 1231 2706 intelligere
1255 2630 1289 2683 et
1313 2620 1412 2699 velle,
1437 2618 1501 2684 ut²
1524 2630 1605 2684 sunt
1629 2619 1783 2685 actuales
1800 2618 2023 2704 operationes
2047 2619 2195 2699 animae,
2212 2640 2283 2684 non
2308 2617 2409 2682 simul

931 2755 1010 2801 cuin
1042 2733 1237 2799 substantia
1268 2733 1406 2800 animae
1438 2756 1516 2800 esse
1551 2733 1732 2820 incipiunt,
1764 2734 1962 2801 immediate
1986 2734 2021 2799 in
2055 2733 2250 2800 substantia
2273 2732 2409 2798 animae

918 2849 1100 2919 fundari³
1123 2871 1195 2916 non
1220 2849 1391 2916 videntur.

1019 2966 1099 3032 Hoc
1130 2976 1246 3032 autem
1270 2965 1456 3052 supposito
1489 2977 1523 3031 et
1552 2966 1638 3048 vis0,
1662 2967 1771 3033 multo
1801 2966 1912 3056 magis
1940 2977 2036 3053 patet
2064 2968 2108 3033 de
2140 2965 2214 3032 aliis
2246 2962 2410 3052 potentiis

931 3081 1106 3171 organicis
1125 3081 1220 3167 quod
1244 3092 1326 3147 sunt
1350 3081 1486 3168 aliquae
1510 3083 1740 3169 proprietates
1764 3082 2000 3150 accidentales
2017 3093 2052 3149 et
2068 3092 2192 3149 cetera.
2218 3082 2308 3147 Cum
2324 3100 2410 3167 ergo

931 3197 1079 3265 dicitur:
1106 3198 1302 3264 substantia
1326 3207 1378 3264 est
1398 3197 1554 3284 potentia
1577 3199 1790 3286 generativa,
1809 3198 1997 3265 dicendum
2015 3198 2110 3285 quod
2126 3197 2307 3286 generatio
2330 3196 2411 3263 sub·

930 3314 1079 3382 stantiae
1106 3325 1160 3381 est
1183 3313 1327 3381 mutatio
1352 3315 1405 3380 vel
1428 3324 1597 3380 mutatum
1622 3336 1701 3382 esse
1729 3336 1820 3400 quae
1845 3327 1898 3380 est
1921 3315 2089 3382 terminus
2113 3313 2348 3394 alterationis;
2373 3325 2411 3380 ut

931 3453 1010 3498 cum
1034 3442 1223 3520 generatur
1250 3430 1352 3520 igniS,
1382 3429 1579 3496 immediate
1608 3430 1722 3497 calefit
1750 3442 1784 3496 et
1810 3431 1924 3498 rarefit
1951 3430 2095 3498 materia
2122 3429 2315 3497 secundum
2345 3430 2412 3497 exi·

932 3547 1086 3637 gentiam
1112 3548 1245 3613 formae
1273 3545 1458 3634 igneitatiS,
1483 3545 1518 3611 in
1551 3545 1651 3613 cuius
1679 3546 1804 3612 virtute
1833 3547 1936 3613 etiam
1961 3558 2126 3633 operatur
2152 3546 2229 3633 ipsa
2256 3545 2413 3633 potentia

931 3662 1053 3730 activa.
1086 3663 1130 3729 Et
1157 3662 1237 3730 ideo
1270 3662 1395 3729 dicitur
1425 3661 1586 3751 generari
1617 3661 1708 3752 ignis
1736 3662 1973 3729 substantialis
2005 3664 2048 3728 ab
2080 3663 2162 3751 igne
2195 3661 2412 3729 substantiali

932 3779 1107 3846 mediante
1137 3791 1234 3845 motu
1266 3777 1490 3860 alterationis
1519 3791 1553 3845 et
1586 3777 1637 3844 sic
1665 3778 1841 3845 mediante
1869 3778 2025 3865 potentia
2055 3779 2167 3846 activa
2195 3777 2412 3859 accidentali,

932 3895 1031 3962 cuius
1059 3895 1207 3963 actionis
1235 3917 1308 3962 non
1337 3906 1390 3962 est
1417 3894 1653 3960 immediatum
1682 3894 1889 3981 principium
1918 3894 2066 3962 activum
2094 3894 2172 3981 ipsa
2199 3895 2311 3960 forma
2333 3894 2413 3960 sub·

932 4012 1101 4078 stantialis
1125 4012 1336 4101 generantis
1354 4011 1520 4078 terminus
1546 4021 1661 4077 tamen
1686 4021 1739 4077 est
1763 4012 1874 4077 forma
1898 4011 2135 4077 substantialis
2158 4009 2314 4099 generati
2339 4009 2413 4076 sive

933 4129 1166 4216 compositum
1190 4130 1385 4196 secundum
1411 4140 1526 4194 actum
1550 4127 1666 4194 illius⁴
1691 4129 1833 4194 formae.

1520 4587 1762 4674 Quaestio
1787 4588 1827 4657 v.

943 4815 1084 4895 Utrum
1119 4814 1259 4918 orzgeli
1289 4816 1516 4916 superiores
1550 4816 1780 4918 intelligant
1811 4825 1888 4916 per
1925 4813 2234 4893 urn'versuliores
2265 4814 2416 4917 species

1336 4956 1373 5025 ct
1394 4950 1613 5049 pottciorcs
1641 4978 1761 5052 priam
1791 4951 2014 5054 inferiores

1025 5281 1153 5348 Postea
1181 5280 1273 5348 circa
1299 5282 1468 5368 quasdam
1494 5281 1707 5348 substantias
1735 5280 1771 5348 in
1798 5279 1941 5368 speciali
1964 5283 2221 5368 quaerebantur
2245 5283 2416 5367 quaedam

936 5396 1145 5484 pertinentia
1169 5400 1214 5464 ad
1242 5399 1472 5464 substantiam
1500 5399 1639 5484 penitus
1670 5398 1937 5479 immaterialem,
1966 5410 2000 5465 et
2023 5399 2134 5484 primo
2162 5409 2276 5464 utrum
2301 5398 2417 5487 angeli

937 5513 1135 5600 superiores
1152 5513 1346 5602 intelligant
1370 5536 1432 5601 per
1456 5513 1724 5580 universaliores
1742 5513 1801 5580 et⁵
1825 5515 2008 5601 pauciores
2025 5515 2162 5600 species
2179 5537 2283 5600 quam
2301 5515 2417 5604 angeli

937 5628 1127 5696 inferiores.
1145 5630 1187 5696 Et
1216 5633 1429 5718 arguebatur
1453 5632 1546 5716 quod
1571 5630 1686 5718 angeli
1704 5630 1901 5716 superiores
1917 5630 2111 5719 intelligant
2135 5652 2197 5717 per
2214 5630 2227 5665 ⁶
2253 5629 2418 5717 species⁸

1027 5945 1036 5976 ¹
1049 5943 1148 6014 aliquo
1163 5945 1192 5998 P.
1213 5975 1245 5984 -
1261 5945 1271 5976 ²
1284 5952 1371 6016 prout
1384 5945 1415 5999 P.
1436 5976 1469 5984 —
1482 5944 1493 5977 ³
1505 5944 1568 5999 sive
1583 5944 1644 5999 dari
1661 5941 1685 5994 V
1698 5948 1727 5998 et
1746 5961 1843 6015 marg.
1858 5957 1892 5997 2⁰
1906 5962 1943 5998 m.
1958 5944 1988 5998 P.
2004 5975 2035 5983 —
2051 5947 2060 5976 ⁴
2074 5944 2166 6017 ipsius
2180 5944 2210 6000 P.
2227 5975 2258 5983 —
2275 5946 2327 5998 let
2346 5963 2417 6017 pau·

940 6029 1036 6086 ciores
1049 6064 1080 6072 -
1093 6035 1156 6105 per]
1170 6051 1224 6086 om.
1239 6033 1269 6086 P.
1284 6065 1317 6072 -
1331 6034 1342 6064 ⁰
1356 6041 1385 6087 et
1399 6033 1468 6086 add.
1482 6033 1505 6086 P
2296 6037 2330 6090 12
