6700 7992
1405 1436 1596 1491 lllAGlSTRl
1625 1436 1845 1491 GODEFRlDl
1874 1437 1926 1490 DE
1955 1435 2153 1492 FONTlBUS

1128 1615 1394 1705 Intelligendum
1424 1637 1508 1704 ergo
1537 1617 1631 1699 quod
1651 1614 1738 1680 illud
1764 1626 2005 1704 argumentum
2033 1617 2077 1682 de
2102 1614 2284 1681 animabus
2309 1627 2343 1682 et
2366 1616 2448 1682 illud
2473 1618 2517 1684 de

1039 1731 1213 1819 lapidibus
1230 1754 1301 1798 non
1326 1742 1477 1820 arguunt
1500 1734 1668 1797 mundum
1693 1731 1893 1817 simpliciter
1916 1753 1987 1796 non
2012 1730 2169 1817 potuisse
2194 1731 2302 1799 fuisse
2326 1745 2516 1815 aeternum,

1040 1848 1113 1915 sive
1138 1859 1305 1933 quantum
1334 1848 1379 1912 ad
1403 1847 1534 1933 aliquas
1554 1858 1670 1932 partes
1696 1847 1781 1927 eiuS,
1807 1847 1880 1914 sive
1905 1849 2100 1914 seeundum
2126 1847 2229 1913 alium
2257 1847 2415 1914 ordinem
2444 1848 2517 1917 sive

1039 1963 1141 2029 etiam
1177 1963 1280 2029 alium
1317 1965 1484 2029 mundum
1521 1963 1595 2029 sive
1624 1984 1881 2049 quamcumque
1918 1975 2121 2030 ereaturam.
2155 1963 2226 2030 Sed
2256 1964 2337 2049 quia
2364 1966 2517 2033 mundus

1038 2081 1231 2146 seeundum
1248 2101 1387 2145 cursum
1409 2080 1418 2114 ¹
1441 2101 1545 2164 quem
1562 2079 1721 2146 videmus
1739 2079 1874 2146 videtur
1898 2100 1976 2146 esse
2001 2080 2052 2145 sic
2076 2080 2188 2145 lactus
2213 2081 2308 2165 quod
2332 2082 2439 2147 homo
2465 2092 2517 2148 est

1038 2194 1264 2282 principalius
1292 2195 1460 2261 intentum
1489 2195 1579 2261 inter
1606 2195 1699 2261 entia
1725 2195 1899 2276 inferiora,
1924 2196 1952 2261 si
1988 2199 2094 2261 homo
2123 2216 2196 2261 non
2229 2196 2342 2282 potuit
2369 2218 2448 2264 esse
2472 2199 2516 2263 ab

1038 2323 1192 2391 aeterno,
1225 2311 1450 2398 probabiliter
1481 2311 1635 2400 arguitur
1666 2313 1762 2397 quod
1791 2314 1942 2377 mundus
1974 2315 2168 2379 secundum
2200 2314 2294 2378 hunc
2319 2334 2458 2379 cursum
2483 2324 2518 2380 et

1038 2426 1196 2493 ordinem
1232 2450 1302 2492 non
1336 2427 1448 2512 potuit
1479 2449 1557 2493 esse
1590 2430 1634 2494 ab
1667 2439 1810 2494 aeterno
1830 2427 1850 2508 ²,
1885 2428 2040 2514 potentia
2072 2428 2261 2514 praecipue
2292 2428 2452 2495 ordinata
2483 2439 2518 2496 et

1038 2542 1227 2628 praecipue
1254 2543 1344 2608 sieut
1379 2564 1474 2609 nune
1509 2554 1561 2610 est
1593 2544 1628 2608 in
1664 2544 1787 2610 ordine
1812 2546 1856 2608 ad
1891 2544 2036 2633 gloriam
2076 2556 2109 2610 et
2141 2543 2412 2625 beatitudinem3
2447 2548 2517 2611 hoc

1037 2670 1154 2725 tamen
1171 2681 1242 2724 non
1268 2658 1381 2746 arguit
1405 2660 1498 2744 quod
1518 2658 1530 2694 ⁸
1553 2661 1649 2724 nullo
1675 2661 1781 2724 modo
1806 2681 1885 2725 esse
1909 2660 2022 2745 potuit
2046 2671 2203 2725 creatura
2227 2663 2271 2725 ab
2296 2671 2448 2726 aeterno.
2474 2661 2517 2726 Et

1037 2775 1117 2841 ideo
1143 2784 1300 2840 neutram
1325 2786 1458 2860 partem
1483 2775 1748 2841 determinando
1773 2787 1939 2860 tanquam
1957 2798 2075 2841 verum
2093 2776 2340 2856 necessarium,
2358 2789 2515 2843 neutram

1037 2891 1140 2958 etiam
1176 2893 1398 2977 reprobando
1435 2901 1600 2976 tanquam
1631 2893 1756 2956 falsum
1789 2892 2004 2977 impossibile
2040 2893 2102 2957 sed
2135 2903 2299 2977 tanquam
2335 2892 2516 2979 probabile

1037 3007 1111 3073 sive
1143 3007 1368 3094 probabiliter
1391 3030 1511 3073 verum
1546 3009 1601 3073 vel
1624 3009 1761 3086 falsum,
1787 3019 1903 3092 potest
1939 3007 2007 3074 dici
2043 3010 2137 3092 quod
2173 3020 2317 3094 utraque
2349 3031 2431 3094 pars
2454 3031 2517 3097 per
2586 3011 2590 3021 '

1037 3124 1180 3189 modum
1197 3123 1383 3209 opinabilis
1399 3124 1473 3189 sive
1490 3124 1593 3190 etiam
1610 3123 1795 3204 credibilis,
1812 3145 1884 3189 non
1903 3124 2192 3204 demonstrabilis,
2211 3137 2327 3211 potest
2343 3125 2514 3206 sustineri,

1038 3251 1072 3307 et
1096 3251 1219 3306 neutra
1243 3261 1398 3306 erronea.

1615 3608 1857 3691 QUAESTlo
1882 3609 1939 3673 lV.

1111 3807 1254 3883 Utrton
1288 3805 1427 3908 aliquo
1459 3806 1685 3880 tribulantia
1719 3810 1855 3880 creata
1885 3807 2012 3904 possit
2045 3833 2128 3881 esso
2167 3807 2444 3882 immediatum

1392 3938 1647 4038 principium
1681 3939 1858 4015 alicuius
1891 3940 2144 4039 operationis,

1126 4270 1255 4334 Postea
1278 4268 1369 4335 circa
1394 4280 1570 4334 creaturas
1594 4269 1629 4333 in
1654 4268 1798 4354 speciali
1822 4272 2080 4353 quaerebantur
2104 4272 2276 4355 quaedam
2305 4269 2514 4356 pertinentia

1036 4387 1081 4450 ad
1105 4384 1335 4450 substantiam
1359 4383 1394 4449 in
1418 4384 1585 4470 generali,
1611 4386 1783 4469 quaedam
1808 4385 2017 4470 pertinentia
2041 4388 2085 4450 ad
2106 4388 2276 4470 quasdam
2302 4383 2514 4455 substantias

1037 4500 1072 4565 in
1104 4499 1258 4586 speciali.
1292 4500 1394 4566 Circa
1426 4500 1633 4586 pertinentia
1671 4502 1715 4566 ad
1751 4501 1981 4566 substantiam
2018 4501 2052 4566 in
2090 4501 2244 4589 generali
2284 4503 2515 4586 quaerebatur

1037 4638 1155 4696 unum,
1173 4626 1285 4680 utrum
1311 4615 1426 4701 aliqua
1450 4617 1645 4682 substantia
1668 4629 1784 4683 creata
1809 4617 1919 4702 possit
1937 4640 2016 4683 esse
2044 4617 2280 4683 immediatum
2304 4616 2512 4703 principium

1036 4731 1182 4797 alicuius
1211 4731 1425 4817 operationis
1455 4735 1590 4817 absque
1614 4733 1729 4816 aliqua
1752 4734 1909 4818 potentia
1938 4733 2003 4819 ipsi
2026 4733 2265 4799 substantiae⁴
2289 4732 2514 4819 superaddita

1036 4869 1126 4932 quae
1157 4850 1285 4913 habeat
1309 4847 1478 4913 rationem
1503 4848 1704 4914 accidentis.
1738 4849 1780 4913 Et
1812 4851 2023 4936 arguebatur
2051 4850 2146 4933 quod
2178 4848 2373 4914 substantia
2397 4859 2513 4914 creata

1035 4963 1147 5048 possit
1172 4984 1250 5029 esse
1275 4963 1511 5030 immediatum
1544 4963 1753 5049 principium
1783 4964 1928 5030 alieuius
1964 4965 2178 5050 operationis
2214 4964 2316 5030 etiam
2353 4963 2513 5030 acciden-

1035 5078 1122 5145 talis.
1148 5079 1241 5162 Quia
1264 5100 1433 5168 generare
1458 5089 1509 5144 est
1535 5081 1707 5164 quaedam
1733 5081 1891 5165 operatio
1916 5102 2006 5164 quae
2030 5103 2101 5145 non
2127 5079 2331 5160 substantia,
2348 5079 2429 5165 quia
2446 5100 2513 5145 nec

1036 5205 1088 5259 est
1119 5193 1313 5260 substantia
1345 5194 1546 5281 generantis
1571 5215 1637 5260 nec
1669 5195 1826 5282 generati
1860 5217 1927 5261 nee
1951 5195 2050 5261 tertia
2082 5194 2275 5260 substantia
2300 5194 2513 5274 subsistens;

1035 5331 1142 5396 quare
1171 5323 1223 5375 est
1252 5309 1488 5376 accidentalis.
1518 5311 1561 5376 Et
1592 5322 1708 5376 tamen
1733 5311 1933 5376 huiusmodi
1958 5309 2170 5396 operationis
2198 5333 2269 5376 non
2294 5321 2410 5396 potest
2434 5331 2513 5377 esse

1035 5425 1200 5492 accidens
1225 5425 1442 5512 principium,
1467 5426 1549 5510 quia
1573 5426 1738 5492 accidens
1763 5449 1834 5491 non
1860 5437 1976 5511 potest
1999 5427 2170 5512 attingere
2195 5427 2239 5490 ad
2263 5425 2392 5511 aliquid
2417 5425 2514 5510 quod

1035 5540 1079 5607 sit
1103 5551 1200 5607 extra
1223 5541 1347 5606 limites
1372 5541 1573 5622 accidentis
1599 5554 1633 5607 et
1657 5542 1708 5607 sic
1732 5565 1804 5607 non
1830 5544 1874 5606 atl
1898 5542 2150 5620 substantiam3
2175 5541 2370 5607 substantia
2397 5551 2512 5606 autem

1035 5657 1238 5743 producitur
1262 5657 1296 5722 in
1322 5679 1401 5724 esse
1426 5680 1488 5743 per
1511 5659 1785 5745 generationem.
1811 5660 1930 5742 Quare
1955 5671 1988 5724 et
2012 5669 2138 5724 cetera.

1125 5971 1132 6000 ¹
1152 5969 1313 6023 secundum
1337 5973 1463 6038 cursum]
1484 5987 1538 6022 om.
1559 5970 1590 6022 P.
1606 5970 1662 6008 -Ε
1682 5968 1875 6041 probabiliter
1896 6002 1925 6008 -υ
1947 5973 2077 6039 aetemo]
2098 5988 2153 6023 om.
2174 5970 2204 6023 P.
2225 6001 2258 6008 -
2271 5970 2282 6001 ⁸
2295 5986 2354 6023 non
2369 6001 2402 6009 -
2421 5967 2512 6040 quod]

1033 6074 1088 6111 am.
1102 6057 1134 6112 P.
1149 6090 1182 6097 —
1195 6060 1205 6090 ⁴
1219 6057 1370 6130 potentiae
1388 6058 1446 6112 PV.
