6700 7992
1041 1409 1094 1461 286
1408 1408 1599 1467 MAGISTRI
1628 1409 1849 1468 GODEFRIDI
1879 1414 1930 1468 DE
1959 1412 2158 1472 FONTlBUS

1042 1599 1201 1668 teneatur
1234 1590 1278 1655 ad
1317 1591 1517 1657 habendum
1549 1592 1765 1678 propositum
1801 1593 1845 1659 de
1883 1595 2097 1661 remanendo
2131 1616 2194 1681 per
2231 1618 2280 1676 se,
2315 1595 2405 1662 sicut
2443 1619 2515 1663 non

1042 1718 1179 1771 tenetur
1202 1706 1245 1771 ad
1281 1707 1481 1773 habendum
1518 1708 1737 1794 propositum
1772 1722 1934 1795 respectu
1965 1723 2064 1776 actus
2095 1710 2245 1778 intrandi
2281 1733 2343 1798 per
2373 1733 2421 1791 se,
2453 1714 2517 1779 sed

1041 1835 1179 1888 tenetur
1194 1822 1238 1887 nd
1255 1822 1368 1908 ipsum
1389 1834 1504 1889 actum
1528 1823 1678 1890 intrandi
1703 1825 1761 1910 qui
1785 1827 1891 1892 habet
1914 1827 2131 1913 propositum
2152 1848 2335 1909 annexum,
2361 1829 2423 1894 sed
2448 1831 2517 1894 hoc

1042 1948 1095 2003 est
1133 1937 1214 2023 quia
1252 1951 1389 2004 tenetur
1425 1940 1470 2004 ad
1512 1961 1691 2006 remanere
1730 1941 1786 2006 cui
1826 1943 1930 2007 debet
1969 1964 2047 2008 esse
2086 1965 2259 2009 annexum
2298 1945 2515 2030 propositum

1041 2054 1254 2121 remanendi.
1279 2055 1321 2119 Et
1353 2053 1477 2120 sinon
1510 2066 1647 2121 tenetur
1679 2058 1723 2122 ad
1747 2079 1937 2139 remanere,
1969 2080 2041 2124 non
2073 2069 2210 2124 tenetur
2240 2061 2284 2125 ad
2320 2082 2518 2146 proponere

1042 2193 1231 2238 remanere.
1268 2174 1416 2237 Constat
1449 2171 1551 2237 etiarn
1587 2174 1684 2256 quod
1721 2173 1749 2237 si
1784 2186 2007 2257 (praercretur
2045 2177 2089 2238 ab
2125 2196 2168 2240 eo
2206 2174 2264 2260 qni
2300 2189 2402 2241 vrnct
2437 2197 2516 2241 cum

1043 2288 1253 2355 discretione
1277 2309 1315 2354 se
1340 2289 1452 2353 solum
1487 2287 1691 2354 intraturum
1716 2288 1930 2375 religionem,
1955 2302 2068 2355 utrum
2101 2291 2258 2358 intendat
2289 2314 2327 2357 se
2362 2292 2518 2380 obligare

1042 2404 1087 2468 ad
1111 2403 1312 2469 habendum
1343 2402 1561 2488 propositum
1589 2403 1792 2469 remanendi
1812 2404 1865 2468 vel
1894 2405 1939 2468 ad
1956 2426 2145 2485 remanere,
2170 2407 2419 2491 responderet:
2445 2429 2517 2472 non

1042 2520 1162 2606 obligo
1188 2540 1241 2583 me
1273 2519 1340 2584 nisi
1364 2520 1408 2583 ad
1432 2519 1640 2606 ingressum,
1665 2520 1729 2584 sed
1764 2521 1856 2585 bene
1893 2541 2066 2605 propono,
2096 2542 2175 2586 curn
2206 2521 2387 2608 ingressus
2420 2523 2518 2588 suero

1042 2657 1241 2717 remanere;
1273 2636 1335 2701 sed
1363 2657 1430 2701 nec
1458 2635 1603 2701 intendo
1627 2657 1683 2700 me
1707 2634 1863 2722 obligare
1888 2637 2020 2701 adhoc
2044 2639 2140 2722 qnod
2168 2637 2367 2703 huiusmodi
2392 2660 2518 2725 propo·

1043 2752 1145 2818 situm
1179 2763 1319 2818 maneat
1347 2751 1428 2837 quia
1457 2751 1622 2817 mutabile
1654 2762 1717 2817 est.
1750 2752 1803 2816 Eo
1828 2750 1929 2818 etiam
1950 2754 2045 2838 quod
2080 2754 2163 2818 nolo
2197 2775 2252 2819 me
2288 2753 2442 2842 obligare
2473 2756 2517 2820 ad

1043 2891 1232 2950 remanere,
1250 2870 1332 2933 nolo
1358 2867 1514 2955 obligare
1529 2888 1585 2933 nre
1613 2868 1658 2933 ad
1686 2888 1885 2953 proponere
1913 2890 2114 2949 remanere;
2145 2871 2209 2935 sed
2236 2870 2326 2935 sicut
2357 2892 2518 2957 propono

1042 2986 1139 3070 quod
1163 2995 1244 3071 post
1273 2985 1470 3071 ingressum
1505 2984 1705 3064 remanebo
1737 2983 1785 3049 ita
1827 3005 1989 3070 propono
2021 2986 2115 3070 quod
2148 2996 2231 3051 tunc
2260 2987 2399 3052 habebo
2441 3008 2518 3072 pro·

1043 3102 1194 3190 positum
1226 3100 1439 3182 remanendi,
1465 3110 1498 3165 et
1525 3099 1615 3166 sicut
1646 3111 1770 3185 potero
1794 3122 1866 3165 non
1891 3120 2080 3181 remanere,
2106 3101 2151 3166 ita
2180 3113 2213 3168 et
2241 3115 2365 3187 potero
2392 3124 2518 3189 propo-

1043 3219 1145 3284 situm
1171 3219 1214 3283 de
1239 3216 1454 3283 remanendo
1479 3216 1534 3281 vel
1559 3217 1603 3281 de
1627 3236 1826 3302 proponere
1851 3238 2031 3283 remanere
2055 3229 2198 3283 mutare.

1131 3335 1235 3401 Unde
1254 3354 1360 3419 super
1379 3331 1596 3419 propositum
1621 3331 1725 3396 etiam
1741 3353 1814 3397 non
1832 3331 1924 3398 cadit
1947 3345 2078 3413 votum,
2092 3335 2156 3399 sed
2180 3355 2285 3420 super
2304 3333 2388 3400 illud
2412 3356 2518 3419 super

1043 3452 1138 3537 quod
1185 3449 1296 3538 primo
1335 3448 1428 3516 cadit
1475 3447 1620 3533 simplex
1659 3447 1887 3534 propositum,
1927 3459 2051 3534 postea
2090 3448 2228 3514 additur
2257 3462 2387 3516 votum.
2429 3451 2517 3515 Cum

1042 3587 1128 3656 ergo
1160 3565 1376 3653 propositum
1412 3563 1523 3650 primo
1556 3563 1648 3630 cadit
1683 3585 1789 3650 super
1818 3563 1945 3629 intrare
1978 3575 2011 3630 et
2045 3587 2151 3651 super
2175 3565 2319 3651 experiri
2356 3579 2389 3632 et
2413 3587 2518 3652 super

1042 3704 1231 3764 remanere,
1256 3693 1375 3748 votum
1406 3680 1659 3768 superveniens
1684 3679 1717 3746 ei
1748 3680 1842 3766 quod
1873 3690 1925 3745 cst
1957 3680 2081 3746 intrare
2105 3682 2228 3762 solum,
2254 3681 2336 3746 nibil
2362 3681 2517 3748 immutat

1042 3799 1134 3866 circa
1158 3798 1224 3864 alia
1259 3818 1349 3883 quae
1376 3798 1490 3863 solum
1522 3798 1588 3861 sub
1620 3796 1802 3882 proposito
1832 3807 1930 3862 erant
1961 3796 2057 3882 prius
2089 3818 2193 3882 quarn
2225 3799 2366 3864 caderet
2397 3809 2516 3864 votum

1041 3910 1147 4002 snper
1166 3915 1292 3981 intrare
1320 3924 1354 3979 et
1384 3914 1449 3980 sub
1470 3914 1594 3979 eodem
1626 3911 1809 3998 proposito
1837 3923 1934 3978 erant
1963 3912 1997 3978 in
2025 3924 2105 3979 actu
2133 3913 2284 3979 volendi.
2311 3915 2400 3980 Cum
2431 3936 2516 4004 ergo

1041 4032 1085 4096 de
1114 4030 1248 4096 ratione
1280 4028 1448 4116 propositi
1480 4028 1523 4094 sit
1553 4029 1647 4114 quod
1683 4027 1796 4114 possit
1830 4028 1963 4109 mutari,
1999 4039 2094 4114 patet
2133 4031 2228 4114 qnod
2267 4029 2357 4095 sicut
2392 4030 2515 4096 mutari

1039 4147 1152 4232 potuit
1181 4141 1215 4212 et
1247 4144 1464 4232 propositum
1496 4144 1645 4209 intrandi
1680 4154 1714 4209 et
1745 4143 1945 4230 experiendi
1965 4157 1998 4210 et
2019 4144 2213 4230 profitendi,
2239 4145 2268 4210 si
2297 4167 2367 4210 non
2396 4168 2515 4231 super-

1040 4262 1192 4329 venisset
1224 4272 1353 4342 votum,
1385 4261 1487 4327 etiam
1523 4259 1791 4345 superveniente
1823 4273 1905 4325 voto
1939 4262 2052 4326 solum
2087 4282 2192 4346 super
2215 4272 2330 4326 actum
2366 4262 2515 4328 intrandi

1038 4379 1145 4445 libere
1176 4389 1292 4464 potest
1307 4377 1430 4443 mutari
1458 4375 1675 4462 propositum
1702 4377 1819 4460 quoad
1850 4376 1925 4441 alia.
1944 4377 2069 4441 Dicere
2095 4376 2185 4441 eninr
2211 4378 2305 4461 quod
2326 4400 2395 4442 non
2422 4378 2514 4444 exire

1038 4493 1112 4559 sive
1142 4505 1312 4578 perpetuo
1340 4511 1519 4557 remanere
1546 4511 1619 4555 non
1648 4490 1741 4555 cadit
1772 4491 1838 4554 sub
1871 4501 1952 4555 voto
1984 4491 2047 4555 sed
2078 4491 2191 4554 solum
2223 4493 2289 4556 sub
2321 4492 2513 4577 proposito,

1037 4608 1163 4674 intrare
1194 4619 1309 4673 autem
1340 4628 1412 4673 non
1443 4607 1556 4672 solum
1581 4603 1674 4671 cadit
1705 4607 1770 4670 sub
1802 4605 1983 4690 proposito
2016 4607 2079 4671 sed
2112 4608 2177 4671 sub
2210 4618 2302 4686 vot0,
2328 4620 2362 4672 et
2395 4619 2510 4672 tamen

1037 4746 1109 4791 non
1146 4724 1226 4791 licet
1263 4734 1396 4789 mutare
1430 4721 1544 4808 ipsum
1580 4721 1797 4808 propositum
1837 4722 1881 4786 de
1920 4743 1993 4787 non
2031 4723 2244 4788 remanendo
2283 4722 2385 4787 etiarn
2431 4736 2512 4789 ante

1036 4841 1243 4930 ingressum,
1272 4840 1361 4906 sicut
1388 4859 1460 4904 non
1489 4838 1570 4904 licet
1603 4849 1737 4903 mutare
1765 4837 1878 4923 ipsum
1911 4838 2128 4924 propositum
2156 4837 2201 4903 de
2235 4860 2306 4903 non
2338 4837 2510 4917 intrando,

1037 4971 1089 5024 est
1120 4957 1236 5023 dicere
1264 4954 1553 5035 contradictoria;
1590 4965 1623 5020 et
1655 4964 1708 5019 est
1741 4953 1856 5018 dicere
1887 4954 1982 5038 quod
2018 4953 2235 5040 propositum
2265 4977 2334 5019 non
2368 4954 2411 5019 sit
2436 4976 2512 5040 pro·

1037 5073 1188 5161 positum
1213 5084 1247 5139 et
1271 5073 1366 5158 quod
1390 5069 1554 5136 mutabile
1579 5068 1622 5134 sit
1646 5068 1869 5135 immutabile.

1126 5189 1198 5257 Sed
1230 5189 1317 5254 sorte
1353 5184 1444 5252 dicet
1480 5184 1603 5270 aliquis
1638 5186 1734 5269 quod
1765 5184 1842 5250 talis
1872 5196 2011 5251 tenetur
2048 5185 2174 5251 intrare
2216 5207 2294 5251 curn
2330 5185 2511 5271 proposito

1036 5303 1238 5393 experiendi
1268 5313 1301 5370 et
1334 5300 1548 5382 remanendi,
1581 5322 1653 5366 non
1689 5300 1771 5386 quia
1808 5301 1878 5366 hoc
1912 5301 2004 5366 cadit
2039 5323 2101 5386 per
2132 5324 2170 5367 se
2208 5303 2273 5366 sub
2309 5312 2391 5367 voto
2423 5301 2512 5367 sicut

1036 5421 1130 5488 cadit
1163 5420 1277 5506 ipsum
1311 5418 1448 5498 intrare,
1484 5416 1547 5483 sed
1586 5416 1667 5502 quia
1700 5418 1770 5482 hoc
1808 5415 1995 5482 includitur
2032 5415 2066 5481 in
2105 5416 2300 5482 rationabili
2340 5417 2511 5505 ingressu,

1036 5548 1070 5604 et
1105 5532 1207 5603 etiarn
1242 5534 1277 5601 in
1311 5533 1506 5600 rationabili
1541 5531 1723 5618 proposito
1760 5530 1980 5618 ingrediendi
2012 5542 2046 5597 et
2079 5531 2115 5598 in
2153 5532 2312 5598 rationali
2345 5543 2428 5598 voto
2468 5533 2512 5599 de

1035 5647 1277 5742 ingrediendo,
1309 5650 1399 5716 Nam
1431 5648 1490 5734 qui
1527 5647 1776 5713 rationabiliter
1807 5647 1971 5733 proponit
2009 5647 2145 5728 intrare,
2171 5649 2271 5713 simul
2296 5648 2399 5714 etiam
2433 5670 2511 5715 cum

1036 5772 1106 5835 hoc
1137 5767 1301 5855 proponit
1332 5763 1479 5851 experiri
1514 5774 1547 5830 et
1578 5783 1768 5844 remanere,
1805 5763 1921 5847 etqui
1953 5763 2201 5830 rationabiliter
2234 5763 2336 5830 intrat
2375 5775 2512 5830 tenetur

1035 5886 1162 5951 intrare
1199 5906 1277 5951 cum
1316 5880 1517 5947 huiusmodi
1555 5879 1747 5966 proposito,
1788 5880 1991 5965 Proponere
2026 5880 2117 5945 eninr
2152 5880 2279 5946 intrare
2316 5882 2370 5946 vel
2409 5879 2511 5946 etiam

1035 5998 1162 6069 intrate
1198 6022 1278 6067 cum
1310 5997 1483 6066 contrario
1517 5995 1709 6083 proposit0,
1734 5994 1866 6062 scilicet
1902 6017 1980 6062 curn
2016 5995 2197 6082 proposito
2232 5995 2393 6078 exeundi,
2419 6006 2513 6062 esset
