6700 7992
1142 1480 1193 1530 170
1504 1478 1697 1532 MAGISTRI
1725 1477 1946 1534 GODEFRIDI
1974 1479 2026 1534 DE
2054 1475 2252 1535 FONTIBUS

1140 1678 1211 1723 non
1241 1656 1401 1743 implicat.
1438 1658 1481 1723 Et
1507 1659 1702 1723 secundum
1730 1660 1799 1726 hoc
1834 1659 1963 1744 aliquid
1992 1658 2116 1725 dicitur
2141 1659 2308 1746 possibile
2333 1681 2405 1726 non
2434 1682 2476 1727 ex
2503 1659 2618 1747 aliqua

1140 1773 1306 1859 potentia,
1335 1784 1372 1838 ut
1411 1785 1506 1858 patet
1544 1795 1586 1839 ex
1618 1774 1739 1860 quinto
1774 1775 2036 1862 Metaphysicae
2050 1779 2107 1860 (1).
2140 1776 2244 1842 Unde
2275 1775 2323 1841 ibi
2357 1775 2483 1844 dicitur
2521 1777 2617 1862 quod

1140 1888 1270 1974 aliquid
1294 1889 1419 1955 dicitur
1442 1889 1610 1975 possibile
1634 1892 1829 1958 secundum
1854 1892 2003 1976 aliquam
2028 1891 2219 1977 potentiam
2249 1890 2397 1958 activam
2426 1892 2481 1958 vel
2509 1890 2618 1979 passi·

1142 2026 1219 2069 vam
1238 2005 1330 2090 quod
1347 2005 1355 2040 ¹
1380 2016 1432 2070 est
1458 2005 1492 2069 in
1516 2005 1672 2091 potentia
1697 2006 1937 2091 aliquomodo
1955 2029 2027 2073 non
2043 2008 2238 2073 secundum
2256 2007 2406 2093 aliquam
2424 2006 2618 2094 potentiam

1139 2120 1339 2185 huiusmodi
1367 2122 1430 2186 sed
1454 2122 1649 2187 secundum
1674 2144 1713 2188 se
1742 2121 1866 2208 ipsum,
1893 2123 2025 2189 scilieet
2049 2123 2144 2208 quod
2169 2144 2240 2189 non
2258 2123 2403 2190 includit
2418 2144 2617 2212 repugnan-

1139 2235 1220 2300 tiam
1260 2235 1496 2302 intellectuum
1529 2235 1601 2302 sive
1641 2237 1953 2306 contradictionem
1977 2237 1998 2302 ².
2038 2239 2124 2304 Tale
2163 2238 2256 2304 enim
2292 2249 2345 2305 est
2379 2238 2546 2325 possibile
2581 2237 2618 2303 in

1139 2363 1306 2436 quantum
1331 2362 1447 2437 potest
1478 2373 1558 2418 esse
1587 2352 1754 2418 terminus
1783 2352 1931 2419 actionis
1960 2353 2106 2420 alicuius
2136 2354 2283 2443 agentis
2309 2366 2343 2420 et
2371 2376 2390 2421 e
2419 2364 2542 2421 contra
2566 2363 2619 2420 est

1139 2466 1382 2553 impossibile³
1405 2468 1600 2533 secundum
1618 2489 1656 2534 se
1681 2469 1776 2553 quod
1800 2469 2001 2534 huiusmodi
2017 2470 2283 2557 repugnantiam
2302 2469 2458 2549 includit,
2476 2479 2620 2557 propter

1141 2585 1235 2670 quod
1263 2584 1357 2648 nullo
1383 2585 1487 2649 modo
1511 2583 1681 2649 rationem
1706 2584 1795 2649 entis
1819 2586 1950 2651 habere
1985 2595 2111 2671 potest,
2137 2597 2170 2650 et
2198 2585 2278 2651 ideo
2303 2607 2371 2652 nec
2398 2596 2515 2672 potest
2538 2606 2618 2651 esse

1140 2699 1306 2767 terminus
1336 2698 1481 2766 alicuius
1503 2699 1660 2765 actionis
1686 2700 1766 2785 ipsa
1791 2699 1895 2788 igitur
1918 2700 2072 2767 essentia
2096 2711 2275 2766 creaturae
2303 2722 2383 2766 cum
2407 2685 2480 2766 non
2504 2699 2619 2767 existit

1140 2815 1265 2881 dicitur
1292 2815 1459 2901 possibile
1487 2816 1531 2880 ad
1556 2837 1646 2896 esse,
1671 2818 1707 2880 in
1734 2828 1900 2900 quantum
1926 2816 2009 2882 dicit
2036 2816 2118 2901 quid
2143 2816 2216 2882 sive
2244 2816 2278 2881 in
2294 2815 2618 2901 ‘quantumintel-

1140 2930 1282 3018 ligitur⁵
1311 2932 1506 3005 secundum
1531 2930 1700 2997 rationem
1726 2931 1871 2998 idealem
1896 2932 1930 2997 in
1956 2934 2033 2998 Deo
2059 2941 2096 2996 ut
2123 2931 2206 3017 quid
2231 2931 2453 2998 assimilabile
2480 2931 2619 2998 divinae

1143 3046 1318 3113 essentiae
1342 3046 1377 3111 in
1401 3057 1481 3112 actu
1506 3059 1540 3113 et
1565 3057 1601 3112 ut
1626 3047 1709 3133 quid
1734 3047 1845 3114 simile
1869 3047 1903 3112 in
1928 3048 2094 3133 potentia.

1229 3163 1273 3228 Et
1300 3164 1369 3229 hoc
1393 3173 1446 3229 est
1469 3164 1564 3248 quod
1599 3163 1724 3229 dicitur
1747 3163 1843 3248 quod
1876 3163 1951 3249 ipsa
1982 3164 2088 3229 habet
2118 3163 2287 3231 rationem
2312 3163 2497 3244 essentiae,
2521 3163 2618 3248 quod

1141 3302 1260 3345 verum
1285 3290 1337 3344 est
1362 3278 1397 3343 in
1422 3290 1501 3344 actu
1525 3278 1753 3367 intelligendi,
1778 3280 1841 3345 sed
1858 3290 1990 3345 tantum
2008 3279 2043 3345 in
2068 3279 2224 3365 potentia
2248 3291 2416 3366 quantum
2433 3281 2477 3346 ad
2502 3289 2618 3347 actum

1140 3395 1175 3460 in
1215 3417 1254 3460 se
1278 3394 1355 3480 ipsa
1379 3395 1559 3475 existendi,
1590 3394 1625 3459 in
1653 3406 1819 3479 quantum
1849 3396 1956 3460 habet
1982 3397 2158 3481 exemplar
2184 3395 2297 3461 ideale
2328 3395 2362 3461 in
2394 3397 2473 3462 Deo
2501 3393 2620 3481 quod⁰

1141 3522 1193 3577 est
1238 3512 1324 3576 ratio
1359 3511 1602 3599 cognoscendi
1635 3527 1668 3577 et
1703 3511 1806 3576 etiam
1846 3511 2018 3577 efficiendi
2054 3511 2164 3597 ipsam
2207 3511 2242 3576 in
2275 3532 2314 3577 se
2346 3511 2422 3598 ipsa
2454 3511 2619 3577 adiuncta

1140 3628 1328 3693 voluntate.
1347 3627 1389 3691 Et
1405 3626 1456 3692 sic
1473 3625 1646 3692 essentia⁷
1662 3637 1848 3711 antequam
1867 3627 1909 3692 sit
1926 3638 1979 3692 est
1996 3626 2163 3713 possibile
2180 3648 2269 3708 esse,
2283 3649 2354 3693 non
2373 3638 2409 3692 ut
2422 3626 2618 3694 subiectum

1141 3742 1287 3808 alicuius
1320 3741 1617 3808 transmutationis
1654 3764 1673 3807 a
1701 3764 1773 3807 non
1802 3764 1880 3808 esse
1907 3744 1951 3807 ad
1981 3764 2059 3808 esse
2088 3754 2121 3808 et
2150 3754 2185 3808 ut
2213 3743 2343 3829 aliquid
2371 3742 2507 3810 realiter
2534 3741 2619 3808 reci·

1141 3859 1251 3945 piena,
1291 3859 1354 3924 sed
1394 3868 1431 3923 ut
1462 3857 1628 3923 terminus
1660 3880 1723 3943 per
1761 3879 1800 3924 se
1835 3857 1982 3925 actionis
2011 3859 2249 3943 producentis.
2280 3859 2382 3925 Unde
2410 3880 2482 3924 non
2513 3859 2620 3926 debet

1141 3975 1284 4062 intelligi
1302 3974 1454 4040 essentia
1471 3984 1649 4040 creaturae
1665 3986 1703 4040 ut
1727 3973 1856 4058 aliquid
1880 3974 2070 4060 potentiale
2098 3976 2358 4059 substra[c]tum
2387 3996 2449 4060 per
2477 3975 2619 4041 modum

1141 4090 1315 4169 materiae,
1340 4089 1453 4175 ipsum
1479 4110 1561 4155 vero
1587 4111 1666 4155 esse
1689 4099 1725 4154 ut
1749 4089 1879 4175 aliquid
1904 4101 2082 4175 receptum
2105 4090 2139 4155 in
2164 4089 2222 4155 illo
2239 4090 2284 4155 ad
2309 4090 2451 4155 modum
2475 4090 2619 4170 formae,

1141 4227 1208 4271 nec
1228 4206 1280 4272 sic
1295 4205 1497 4294 intelligitur
1512 4204 1665 4271 essentia
1690 4205 1895 4291 participare
1920 4226 2013 4284 esse3
2031 4245 2071 4252 -
2089 4207 2152 4271 sed
2170 4205 2314 4294 intelligi
2338 4206 2443 4272 debet
2466 4205 2620 4271 essentia

1142 4333 1327 4407 antequam
1353 4321 1406 4402 sit,
1439 4332 1477 4386 ut
1507 4320 1698 4406 potentiale
1722 4320 1898 4387 obiectum
1929 4320 2003 4386 sive
2026 4320 2194 4387 terminus
2222 4321 2360 4388 divinae
2392 4320 2551 4401 actionis,
2576 4321 2620 4388 de

1141 4437 1249 4502 nihilo
1274 4449 1308 4502 et
1331 4458 1403 4503 non
1428 4438 1472 4502 de
1496 4436 1613 4522 aliquo
1638 4448 1674 4502 ut
1694 4438 1738 4503 de
1763 4436 1928 4502 materiali
1954 4436 2125 4523 principio
2148 4437 2376 4522 producibile.
2402 4437 2520 4522 Ipsum
2537 4458 2621 4504 vero

1142 4575 1222 4620 esse
1250 4552 1451 4641 intelligitur
1478 4552 1706 4640 intelligendo
1743 4553 1891 4618 eandem
1919 4553 2106 4619 essentiam
2138 4563 2174 4618 ut
2199 4564 2251 4619 est
2282 4553 2418 4620 actuale
2443 4551 2619 4619 obiectum

1143 4681 1177 4737 et
1198 4669 1363 4735 terminus
1388 4667 1534 4734 actionis
1559 4668 1624 4733 Dei
1646 4667 1757 4753 ipsam
1783 4669 1827 4733 de
1851 4667 1959 4733 nihilo
1985 4669 2221 4754 producentis,
2246 4681 2282 4734 ut
2307 4668 2384 4755 ipsa
2407 4668 2562 4735 essentia
2585 4667 2620 4734 in

1143 4796 1309 4872 quantum
1338 4795 1391 4850 est
1415 4783 1532 4849 divina
1556 4783 1744 4849 similitudo
1769 4785 1940 4869 producta
1963 4805 1983 4848 a
2008 4785 2086 4850 Deo
2111 4784 2154 4850 sit
2178 4785 2355 4870 quoddam
2380 4805 2459 4852 esse
2484 4783 2621 4871 partici-

1141 4912 1259 4988 patum
1278 4900 1312 4965 iu
1330 4911 1496 4985 quantum
1514 4910 1566 4964 est
1583 4898 1771 4964 similitudo
1789 4899 1957 4965 deficiens
1974 4921 1994 4964 a
2011 4899 2128 4965 divina
2146 4901 2362 4986 perfectione
2379 4899 2523 4966 infinita.
2541 4900 2622 4966 Non

1142 5038 1226 5104 ergo
1251 5016 1302 5081 sic
1326 5037 1364 5081 se
1389 5017 1493 5081 habet
1518 5014 1670 5081 essentia
1692 5016 1736 5080 ad
1761 5036 1840 5080 esse
1868 5015 1957 5081 sicut
1980 5014 2150 5081 materia⁸
2175 5037 2214 5086 se
2242 5016 2374 5083 habet⁹
2401 5017 2445 5081 ad
2463 5016 2620 5096 sormam,

1143 5133 1223 5218 quia
1251 5131 1285 5197 in
1313 5130 1541 5219 generatione
1566 5131 1709 5197 materia
1733 5130 1941 5217 supponitur
1965 5142 1998 5196 et
2023 5152 2085 5216 per
2108 5131 2184 5197 eius
2209 5130 2491 5198 informationem
2510 5132 2623 5197 forma

1234 5446 1240 5476 ¹
1260 5444 1386 5498 activam
1409 5477 1440 5482 -
1461 5445 1547 5515 quod]
1568 5443 1716 5515 passivam
1737 5443 1782 5496 vel
1803 5443 1928 5496 activam
1950 5459 2026 5513 quae
2046 5443 2085 5509 P3
2109 5441 2235 5496 activam
2257 5443 2302 5496 vel
2323 5442 2472 5514 passivam
2492 5459 2568 5514 quae
2587 5442 2621 5498 V.

1143 5565 1175 5572 --
1190 5533 1200 5564 ²
1213 5531 1477 5587 contradictionum
1497 5532 1527 5585 P.
1548 5564 1579 5570 —
1601 5533 1612 5564 ⁸
1625 5529 1768 5602 possibile
1782 5531 1812 5582 Ρ,
1827 5562 1860 5568 -
1877 5534 1883 5561 ¹
1898 5548 1953 5583 om.
1967 5530 1997 5584 P.
2012 5562 2046 5569 -
2066 5532 2076 5561 ⁶
2091 5529 2271 5601 intelligatur
2284 5530 2314 5584 P.
2335 5562 2368 5569 ··
2388 5531 2399 5561 ⁶
2412 5547 2488 5602 quae
2507 5530 2569 5584 PV.
2589 5561 2622 5571 —

1144 5619 1298 5692 ipotentia
1312 5620 1342 5673 P.
1357 5652 1390 5660 —
1410 5619 1477 5673 ‘sic
1489 5619 1559 5672 add.
1580 5619 1609 5671 P.
1630 5649 1663 5658 —
1683 5617 1830 5671 ⁹materia
1850 5618 1919 5671 add.
1940 5618 1970 5672 P.

1233 5846 1271 5907 tl)
1292 5841 1503 5902 Aristotelis
1524 5840 1742 5910 llelrtpltysicue
1763 5840 1778 5892 l.
1800 5840 1847 5906 lt',
1862 5858 1885 5893 c.
1902 5843 1934 5893 12
1952 5840 1998 5907 [al.
2012 5840 2046 5905 V,
2060 5858 2084 5893 c.
2102 5842 2142 5908 ll]
2163 5845 2202 5910 (p.
2218 5843 2286 5894 1019
2300 5845 2384 5911 sqq-l.
2404 5849 2492 5898 Ταῦτα
2512 5843 2559 5911 μὲν
2577 5843 2622 5898 οὖν

1142 5930 1175 5982 τὰ
1193 5929 1289 5983 δυνατὰ
1307 5925 1338 5981 οὐ
1356 5928 1424 5981 κατὰ
1441 5925 1558 5993 δύναμιν.
1578 5928 1615 5980 Τὰ
1633 5926 1661 5980 δὲ
1679 5924 1811 5997 λεγόμεναι
1830 5927 1897 5979 κατὰ
1915 5925 2022 5992 δύναμιν
2041 5924 2126 5979 πάντα
2144 5923 2249 5996 λέγεται
2264 5927 2332 5996 πρὸς
2343 5926 2391 5992 τὴν
2402 5925 2513 5997 πρώτην
2524 5926 2621 5995 (plait)¹

1142 6009 1209 6076 αὕτη
1221 6008 1314 6064 δ’ἐστὶν
1327 6009 1398 6080 ἀρχὴ
1413 6009 1564 6077 μεταβολῆς
1577 6005 1603 6062 ἐν
1615 6004 1691 6078 ἄλλῳ
1706 6007 1724 6077 ᾗ
1741 6005 1817 6061 ἄλλο.
1837 6008 1869 6060 τὰ
1887 6009 1938 6079 γὰρ
1956 6004 2025 6062 ἄλλα
2043 6005 2148 6080 λέγεται
2165 6008 2262 6062 δυνατὰ
2280 6014 2319 6079 τῷ
2336 6008 2370 6061 τὰ
2388 6007 2436 6075 μὲν
2451 6001 2522 6081 ἔχειν
2534 6006 2621 6079 αὔτῶν

1142 6092 1209 6151 tato
1222 6113 1246 6148 τι
1258 6092 1381 6160 τοιαύτην
1393 6090 1510 6159 δύναμιν,
1524 6091 1557 6144 τὰ
1569 6090 1597 6144 δὲ
1611 6091 1647 6158 μὴ
1662 6086 1742 6162 ἔχειν,
1756 6091 1789 6144 τὰ
1801 6089 1828 6143 δὲ
1841 6089 1889 6144 ὡδὶ
1901 6086 1971 6163 ἔχειν
1985 6106 1991 6119 ·
2006 6089 2107 6157 ὁμοίως
2119 6088 2148 6143 δὲ
2160 6091 2248 6144 καὶτὰ
2260 6089 2384 6158 &lavasti
