6700 7992
1020 1546 1024 1556 Ι
1108 1479 1158 1531 178
1474 1476 1670 1532 MAGISTRI
1697 1475 1920 1533 GODEFRIDI
1948 1478 2001 1533 DE
2027 1477 2226 1534 FONTIBUS

1105 1656 1187 1742 quia
1225 1656 1308 1723 illud
1339 1657 1434 1743 quod
1464 1656 1559 1743 prius
1598 1667 1738 1724 emanat
1768 1679 1789 1722 a
1827 1667 1969 1725 creante
2003 1657 2098 1744 prius
2133 1668 2279 1725 creatur.
2315 1658 2389 1726 Sed
2422 1661 2492 1727 hoc
2527 1670 2582 1728 est

1104 1795 1194 1854 esse,
1230 1795 1310 1840 nam
1345 1773 1431 1853 dicit
1456 1773 1646 1859 Dionysius
1662 1776 1720 1858 (1),
1754 1774 1875 1860 quinto
1909 1775 1952 1841 de
1976 1773 2113 1841 Divinis
2135 1773 2371 1841 Nominibus:
2404 1775 2502 1842 Deus
2527 1786 2582 1844 est

1103 1889 1304 1975 simpliciter
1342 1901 1376 1957 et
1414 1888 1710 1976 incircumscripte
1746 1901 1780 1957 et
1814 1890 2080 1957 incircumfinite
2114 1900 2224 1956 totum
2258 1889 2296 1957 in
2330 1911 2369 1958 se
2397 1890 2476 1978 ipso
2501 1893 2579 1978 [est]

1104 2006 1282 2092 esse[ndo]
1312 2005 1520 2086 coambiens,
1552 2017 1586 2072 et
1617 2005 1735 2072 omnia
1762 2006 1875 2092 ipsum
1900 2005 2109 2093 participant
2139 2017 2173 2072 et
2195 2028 2216 2072 a
2239 2008 2335 2073 nullo
2359 2004 2580 2074 existentium

1104 2121 1245 2189 recedit.
1280 2121 1324 2188 Et
1354 2121 1466 2187 infra:
1499 2132 1534 2188 et
1567 2122 1670 2188 ante¹
1706 2122 1772 2187 alia
1804 2143 1883 2188 esse
1918 2121 2145 2208 praemittitur
2173 2132 2207 2188 et
2234 2134 2360 2189 cetera.
2387 2122 2432 2189 Et
2459 2133 2581 2209 quarta

1104 2238 1345 2326 propositione
1367 2239 1411 2304 de
1437 2237 1563 2304 Causis
1581 2242 1627 2323 (2)
1653 2237 1792 2304 dicitur:
1818 2238 1927 2324 prima
1950 2259 2063 2304 rerum
2089 2248 2283 2305 creatarum
2307 2250 2473 2306 estesse.

1193 2356 1335 2422 Contra.
1360 2353 1458 2422 Sicut
1488 2355 1657 2421 sehabet
1688 2356 1852 2442 generale
1882 2354 2116 2440 compositum
2153 2377 2194 2421 ex
2225 2354 2367 2422 materia
2401 2366 2436 2422 et
2470 2356 2581 2421 forma

1104 2473 1149 2538 ad
1187 2471 1450 2560 generationem
1474 2470 1495 2550 ²,
1535 2469 1582 2535 ita
1616 2469 1767 2536 creabile
1806 2480 1840 2536 et
1882 2470 2113 2556 compositum
2156 2493 2199 2536 ex
2238 2491 2317 2537 esse
2356 2482 2391 2539 et
2429 2469 2581 2538 essentia

1104 2591 1149 2654 ad
1178 2586 1399 2655 creationem.
1425 2586 1497 2652 Sed
1520 2584 1555 2650 in
1582 2585 1811 2674 generatione
1839 2586 2025 2672 compositi
2054 2608 2096 2653 ex
2127 2587 2268 2652 materia
2304 2597 2338 2652 et
2368 2588 2479 2653 forma
2508 2608 2580 2653 non

1103 2715 1291 2794 generatur
1318 2702 1413 2788 prius
1440 2703 1679 2787 formaquam
1703 2701 1845 2768 materia
1873 2704 1927 2768 vel
1955 2723 1975 2769 e
2002 2724 2184 2783 convers0,
2209 2704 2272 2769 sed
2301 2714 2410 2769 totum
2438 2724 2581 2790 compo·

1104 2820 1206 2887 situm
1231 2841 1293 2906 per
1317 2840 1356 2885 se
1378 2832 1566 2907 generatur
1589 2829 1623 2884 et
1647 2829 1700 2884 est
1728 2816 1894 2884 terminus
1922 2840 1985 2904 per
2011 2840 2049 2886 se
2077 2819 2326 2908 generationis.
2355 2820 2449 2908 Ergo
2478 2819 2580 2887 etiam

1103 2937 1139 3003 in
1171 2935 1347 3003 creatione
1379 2933 1566 3021 compositi
1598 2955 1639 2999 ex
1671 2955 1751 3000 esse
1790 2945 1825 3001 et
1856 2934 2008 3001 essentia
2047 2957 2118 3001 non
2155 2935 2327 3002 creabitur
2367 2936 2462 3022 prius
2502 2955 2581 3003 esse

1104 3074 1207 3138 quam
1233 3050 1394 3119 essentia.
2158 3137 2160 3139 Ι

1191 3169 1249 3234 Ad
1280 3166 1397 3233 illud³
1434 3177 1530 3252 patet
1561 3166 1746 3253 responsio
1778 3150 1821 3233 ex
1860 3166 1961 3234 dictis
1987 3169 2009 3233 ⁴.
2050 3167 2087 3234 Si
2120 3168 2211 3235 enim
2243 3189 2322 3235 esse
2354 3167 2506 3235 differret
2537 3169 2581 3234 ab

1104 3283 1262 3352 essentia
1294 3283 1441 3364 realiter,
1479 3294 1565 3349 tunc
1603 3282 1701 3349 fieret
1733 3304 1841 3349 unum
1873 3282 2105 3369 compositum
2145 3307 2187 3351 ex
2218 3283 2371 3351 essentia
2410 3295 2444 3351 et
2475 3283 2583 3350 esse⁶

1103 3401 1193 3467 sicut
1217 3422 1259 3467 ex
1275 3399 1432 3486 potentia
1455 3409 1489 3466 et
1505 3410 1595 3465 actu.
1620 3399 1700 3464 Non
1718 3410 1834 3465 autem
1859 3398 1925 3464 alia
1948 3399 2180 3486 productione
2196 3400 2400 3486 producitur
2425 3399 2582 3486 potentia

1104 3529 1139 3584 et
1176 3521 1275 3582 actus
1294 3516 1315 3596 ⁶,
1351 3516 1414 3581 sed
1459 3537 1502 3581 eo
1538 3514 1615 3600 ipso
1655 3512 1785 3599 quod'
1817 3515 2020 3600 producitur
2057 3515 2161 3582 unica
2199 3515 2430 3602 productione
2472 3525 2581 3581 totum

1104 3631 1337 3718 compositum
1363 3652 1425 3718 per
1449 3652 1487 3696 se
1512 3653 1554 3697 ex
1579 3630 1735 3716 potentia
1762 3642 1796 3696 et
1820 3641 1912 3712 actu,
1929 3631 2172 3716 producuntur
2194 3642 2311 3718 partes
2340 3631 2374 3696 in
2403 3631 2461 3697 illo
2489 3651 2582 3697 com·

1104 3748 1220 3835 posito
1244 3770 1286 3813 ex
1315 3746 1555 3832 consequenti,
1583 3746 1664 3832 quia
1696 3747 1868 3832 producto
1896 3757 1970 3813 toto
1995 3749 2237 3834 producuntur
2268 3758 2395 3833 partes
2428 3747 2470 3813 Et
2499 3747 2581 3813 ideo

1104 3887 1176 3930 non
1201 3874 1294 3930 esset
1318 3862 1504 3929 dicendum
1529 3861 1670 3948 proprie
1695 3863 1791 3948 quod
1808 3863 1960 3929 essentia
1984 3862 2079 3949 prius
2096 3864 2347 3949 produceretur
2363 3885 2467 3949 quam
2491 3884 2581 3944 esse,

1104 3981 1160 4046 vel
1192 3998 1211 4047 e
1242 3999 1426 4065 converso,
1462 4000 1542 4045 cum
1572 3980 1660 4044 haec
1691 4000 1754 4064 per
1784 4000 1823 4044 se
1862 3999 1934 4045 non
1966 3981 2215 4065 producantur,
2247 3980 2311 4046 sed
2350 3979 2582 4065 productione

1104 4094 1299 4182 compositi.
1328 4096 1454 4161 Posset
1476 4106 1593 4160 tamen
1618 4094 1686 4161 dici
1710 4093 1933 4161 secundum⁸
1956 4094 2051 4180 quod
2076 4094 2158 4160 dicit
2182 4095 2405 4183 Augustinus
2420 4099 2479 4179 (3),
2497 4097 2582 4162 duo·
2682 4100 2684 4105 ’

1104 4211 1242 4279 decimo
1267 4211 1550 4291 Confessionum,
1575 4209 1728 4296 capitulo
1760 4209 1930 4299 vigesimo
1959 4231 2065 4290 nonu,
2093 4212 2189 4296 quod
2221 4231 2299 4277 cum
2327 4233 2406 4278 esse
2434 4212 2582 4278 informe

1105 4325 1268 4393 materiae
1292 4327 1480 4413 praecedat
1502 4327 1660 4399 formam,
1686 4327 1749 4391 sed
1772 4326 1885 4392 forma
1912 4325 2080 4413 dignitate
2104 4337 2138 4392 et
2165 4327 2380 4412 perfectione
2404 4327 2583 4414 praecedit

1104 4442 1292 4524 materiam,
1328 4442 1418 4508 sicut
1453 4441 1595 4508 materia
1629 4463 1701 4507 non
1733 4452 1849 4527 potest
1883 4442 2030 4528 produci
2061 4441 2095 4508 in
2136 4464 2214 4509 esse
2238 4443 2382 4509 omnino
2413 4442 2581 4524 informis,

1104 4579 1182 4626 cum
1220 4556 1356 4648 origine
1390 4558 1579 4644 praecedat
1610 4579 1709 4622 suam
1740 4557 1995 4639 formationem,
2030 4596 2071 4606 —
2105 4558 2156 4624 sic
2187 4559 2339 4625 essentia
2370 4580 2442 4625 non
2466 4570 2583 4646 potest

1103 4674 1252 4763 produci
1279 4674 1355 4741 sine
1381 4694 1470 4755 esse,
1499 4685 1615 4740 tamen
1643 4673 1779 4762 origine
1806 4673 1985 4759 praecedit
2002 4695 2102 4739 suum
2128 4696 2215 4741 esse.
2241 4675 2313 4741 Sed
2330 4696 2372 4741 ex
2395 4652 2583 4761 praedictis

1046 4809 1049 4817 ·
1103 4803 1219 4878 potest
1250 4790 1387 4857 ostendi
1422 4790 1517 4876 quod
1549 4789 1600 4855 sic
1629 4811 1702 4855 non
1737 4799 1853 4874 potest
1883 4811 1946 4876 per
1977 4811 2117 4857 omnem
2149 4792 2291 4856 modum
2323 4790 2402 4858 dici.
2431 4793 2521 4858 Nam
2553 4791 2583 4858 si

1103 4907 1154 4974 sic
1186 4906 1351 4973 differunt
1382 4907 1481 4986 haec,
1510 4905 1643 4972 scilicet
1672 4905 1824 4971 essentia
1856 4916 1890 4972 et
1921 4904 2027 4972 esse⁹
2049 4920 2087 4972 ut
2112 4906 2268 4993 potentia
2300 4919 2333 4973 et
2361 4917 2469 4989 actus,
2499 4919 2583 4974 tunc

1102 5034 1161 5089 aut
1199 5024 1362 5089 differunt
1389 5032 1426 5088 ut
1453 5021 1609 5109 potentia
1639 5020 1840 5107 simpliciter
1871 5042 1961 5106 quae
1993 5033 2046 5088 est
2076 5022 2156 5107 hyle
2187 5031 2221 5089 et
2252 5033 2351 5089 actus
2382 5022 2584 5110 simpliciter

1104 5137 1162 5225 qui
1178 5149 1231 5205 est
1247 5139 1359 5204 forma
1379 5137 1626 5218 substantialis,
1644 5136 1745 5204 etsie
1770 5136 1947 5203 veritatem
1963 5139 2093 5204 habere
2117 5136 2253 5204 videtur
2276 5140 2371 5224 quod
2386 5138 2522 5222 dicitur,
2540 5180 2581 5189 —

1091 5472 1096 5481 ·
1194 5449 1375 5522 ¹aliquando
1388 5450 1451 5504 PV.
1466 5481 1499 5488 -
1513 5450 1524 5480 ²
1537 5449 1717 5504 creationem
1736 5449 1767 5504 P.
1783 5481 1814 5490 -
1834 5452 1845 5482 ³
1867 5448 1896 5503 id
1916 5449 1947 5504 P.
1971 5482 2003 5489 -
2023 5449 2207 5522 ‘praedictis
2226 5452 2257 5506 P.
2277 5484 2310 5491 —
2331 5452 2483 5507 ⁵essentia
2503 5453 2535 5508 P.
2548 5483 2582 5493 —

1103 5532 1215 5594 ⁶accns
1225 5539 1287 5593 PV.
1301 5571 1334 5577 —
1350 5540 1430 5611 'quo
1444 5538 1474 5591 P.
1495 5569 1528 5578 -
1549 5537 1624 5591 ⁸sed
1644 5538 1675 5591 P.
1696 5569 1729 5577 -
1749 5538 1900 5592 ”essentia
1920 5547 1950 5592 et
1968 5542 2046 5610 esse]
2066 5556 2132 5593 esse
2152 5547 2182 5593 et
2201 5539 2329 5594 essentia
2348 5540 2381 5597 P.

1192 5748 1231 5812 (1)
1257 5741 1613 5814 [Pseudo-lDionysii
1639 5743 1685 5796 De
1709 5743 1822 5796 divinis
1844 5744 2015 5797 nominibus
2039 5763 2063 5799 c.
2086 5748 2103 5798 5
2126 5745 2168 5812 (P.
2191 5745 2231 5812 L.,
2254 5746 2314 5799 vol.
2337 5749 2396 5813 122,
2419 5745 2476 5800 col.
2492 5748 2582 5813 1148).

1105 5856 1116 5883 a
1132 5832 1247 5887 Etenim
1258 5832 1343 5886 *Deus
1356 5831 1485 5886 nondum
1500 5838 1544 5884 est
1558 5822 1603 5897 ὥν,
1614 5830 1667 5885 sed
1681 5831 1854 5902 simpliciter
1866 5839 1895 5885 et
1909 5830 2132 5886 incircumfinite
2143 5840 2235 5886 totum
2246 5832 2275 5887 in
2286 5850 2318 5887 se
2329 5833 2396 5905 ipso
2407 5850 2473 5888 esse
2484 5850 2583 5888 coam·

1102 5920 1213 5977 biens...
1227 5919 1335 5974 Omnia
1349 5919 1444 5990 ipsum
1458 5917 1636 5990 participant
1649 5927 1679 5973 et
1693 5937 1708 5972 a
1722 5919 1802 5974 nullo
1822 5918 2007 5973 existentium
2029 5919 2165 5974 recedit...
2185 5920 2222 5974 Et
2241 5929 2309 5975 ante
2328 5921 2386 5975 alia
2406 5919 2450 5975 sui
2464 5920 2582 5992 partici-

1102 6007 1203 6081 pantia
1222 6024 1289 6063 esse
1308 6007 1503 6079 praemittitur
1518 6027 1541 6060 a.
1554 6039 1587 6047 -
1608 6007 1645 6076 (2)
1666 6007 1754 6061 Liber
1771 6008 1807 6064 de
1826 6008 1934 6074 causis,
1948 6011 1965 6077 ς
1978 6011 1995 6062 t
2007 6014 2047 6080 (p.
2071 6010 2140 6075 166).
2160 6039 2194 6047 —
2214 6011 2253 6075 (3)
2273 6007 2485 6085 Augustini
2505 6008 2582 6067 Cort-

1097 6094 1267 6171 sessionum
1281 6093 1377 6164 LXII,
1391 6111 1415 6148 c.
1429 6097 1464 6148 29
1476 6094 1519 6165 (P.
1534 6095 1574 6163 L.,
1587 6094 1644 6149 vol.
1658 6096 1703 6165 32,
1719 6095 1774 6150 cot.
1787 6098 1861 6163 843).
