6700 7992
1104 1443 1155 1495 128
1467 1439 1659 1495 MAGISTRI
1688 1438 1908 1495 GODEFRIDI
1936 1440 1989 1495 DE
2016 1438 2215 1497 FONTIBUS

1104 1621 1295 1708 operabilia
1326 1620 1550 1710 coniungitur
1579 1619 1662 1688 huic
1691 1619 1805 1686 virtuti
1837 1619 2025 1687 sensitivae
2059 1619 2232 1687 differenti
2263 1620 2400 1688 realiter
2429 1623 2473 1688 ab
2500 1620 2580 1710 ipso

1103 1738 1288 1817 intellectu,
1316 1736 1396 1803 ideo
1425 1736 1532 1803 dicit¹
1559 1738 1628 1803 hoc
1653 1738 1749 1822 quod
1773 1736 1971 1803 necessaria
1998 1736 2071 1802 sive
2099 1736 2309 1803 universalia
2335 1758 2579 1824 quaecumque

1102 1853 1329 1941 speculabilia
1372 1863 1406 1918 et
1444 1851 1685 1941 contingentia
1723 1852 1796 1919 sive
1838 1852 2029 1939 operabilia
2079 1851 2299 1939 particularia
2337 1855 2382 1920 ad
2422 1853 2579 1921 diversas

1103 1968 1276 2056 potentias
1307 1968 1444 2035 realiter
1474 1969 1673 2035 differentes
1708 1967 1903 2055 pertinent3
1940 1980 1974 2035 et
2000 1968 2084 2035 dicit
2118 1948 2214 2055 quod
2246 1970 2370 2036 ambae
2403 1969 2580 2057 pertinent

1102 2085 1147 2149 ad
1186 2092 1319 2170 partem
1354 2082 1491 2148 animae
1524 2081 1740 2162 rationalem,
1777 2081 1852 2148 sive
1887 2083 1932 2147 ad
1967 2081 2147 2163 rationem,
2183 2085 2405 2150 extendendo
2447 2105 2580 2151 nomen

1103 2199 1247 2266 rationis
1275 2199 1320 2264 ad
1346 2197 1547 2264 sensitivam
1576 2197 1868 2284 apprehensivam
1896 2219 1986 2283 quae
2014 2196 2139 2264 dicitur
2165 2198 2353 2287 cogitativa
2385 2199 2458 2267 sive
2492 2200 2580 2267 ratio

1104 2313 1330 2401 particularis,
1358 2313 1492 2380 ratione
1519 2312 1619 2379 cuius
1647 2313 1843 2380 intellectus
1868 2313 2043 2399 practicus
2072 2324 2109 2379 ut
2143 2313 2179 2379 in
2206 2336 2270 2380 sua
2299 2315 2582 2383 consideratione

911 2410 1082 2540 soffipvb
1105 2430 1187 2496 huic
1217 2429 1335 2496 sensui
1368 2428 1577 2495 coniunctus
1610 2428 1734 2495 dicitur
1765 2441 1802 2494 ut
1833 2428 2110 2495 ratiocinativum
2143 2440 2177 2496 et
2208 2441 2245 2496 ut
2280 2432 2284 2514 Ι
2320 2430 2476 2517 potentia
2515 2430 2582 2497 alia

1104 2568 1141 2613 re
1158 2545 1323 2612 differens
1338 2547 1382 2611 ab
1407 2545 1584 2611 intellectu
1601 2545 1797 2610 secundum
1821 2566 1859 2610 se
1876 2544 2103 2631 speculabilia
2126 2547 2299 2612 abstracta
2317 2556 2351 2612 et
2374 2546 2583 2613 universalia

1104 2662 1359 2729 considerante,
1378 2660 1552 2726 Differens
1568 2659 1709 2746 quidem
1726 2681 1763 2726 re
1787 2659 1913 2727 dicitur
1936 2659 2131 2727 intellectus
2156 2661 2341 2748 practieuS,
2359 2683 2431 2728 non
2449 2662 2582 2729 ratione

1105 2778 1180 2845 eius
1204 2778 1299 2864 quod
1324 2788 1377 2844 est
1409 2775 1518 2863 ipsius
1551 2776 1756 2857 intellectus,
1787 2777 1850 2842 sed
1884 2776 2018 2843 ratione
2050 2776 2125 2843 eius
2157 2779 2253 2863 quod
2285 2777 2504 2867 coexigitur²
2538 2779 2583 2845 de

1105 2916 1211 2961 sensu
1236 2906 1273 2959 ut
1297 2893 1427 2959 dictum
1453 2903 1515 2959 est.

1194 3009 1265 3075 Aut
1296 3008 1398 3076 etiam
1430 3009 1625 3074 secundum
1661 3009 1758 3093 quod
1789 3008 1893 3093 aliqui
1925 3008 2056 3089 dicunt,
2093 3009 2223 3095 aliquid
2254 3009 2460 3097 prudentiae
2491 3012 2583 3078 bene

916 3098 1082 3225 [οἷοξρἕκδ
1105 3135 1221 3213 potest
1260 3126 1305 3190 ad
1352 3126 1462 3191 solam
1508 3127 1600 3190 hanc
1646 3124 1848 3190 sensitivam
1890 3124 2065 3211 pertinere
2104 3136 2138 3191 et
2177 3125 2228 3191 sic
2267 3125 2344 3212 ipsa
2384 3126 2419 3193 di
2450 3128 2454 3210 Ι
2486 3136 2584 3193 cetur

1105 3241 1381 3308 ratiocinativum
1409 3240 1558 3306 divisum
1590 3250 1710 3306 contra
1743 3239 1983 3307 scientificum.
2017 3240 2077 3307 Sic
2114 3252 2229 3307 autem
2266 3263 2337 3306 non
2371 3251 2488 3328 potest
2515 3241 2584 3309 dici

1105 3357 1280 3444 appetitus
1305 3356 1482 3422 rationalis
1506 3377 1569 3442 per
1592 3356 1780 3422 essentiam
1805 3356 1886 3442 quia
1914 3367 2029 3423 actum
2048 3356 2344 3443 apprehensivum
2368 3379 2441 3425 non
2466 3360 2582 3439 habet,

1105 3474 1169 3540 sed
1196 3472 1285 3559 per⁸
1312 3471 1613 3559 participationem
1644 3470 1725 3556 quia
1760 3471 1916 3557 sequitur
1943 3472 2261 3558 apprehensionem
2289 3473 2422 3539 virtutis
2451 3494 2583 3563 cogno·

1105 3588 1258 3655 scitivae.
1277 3588 1319 3654 Et
1343 3587 1422 3653 ideo
1447 3609 1518 3653 non
1544 3588 1634 3654 valet
1657 3587 1744 3653 ratio
1762 3589 1806 3654 de
1830 3587 2091 3654 indistinctione
2108 3588 2304 3656 intellectus
2328 3600 2472 3676 propter
2495 3589 2583 3656 indi·

1106 3703 1354 3771 stinctionem⁴
1378 3703 1563 3790 appetitus.
1581 3704 1646 3770 Vel
1662 3703 1761 3769 aliter
1784 3703 1989 3790 responderi
2006 3715 2122 3790 potest
2139 3704 2220 3790 quia
2244 3726 2322 3770 cum
2341 3704 2465 3771 dicitur
2489 3705 2585 3790 quod

1107 3822 1269 3887 voluntas
1285 3821 1339 3886 vel
1356 3819 1532 3906 appetitus
1548 3840 1621 3885 non
1638 3819 1871 3907 distinguitur,
1897 3819 2085 3886 dicendum
2111 3822 2205 3905 quod
2229 3821 2424 3887 secundum
2449 3821 2585 3906 aliquos

1106 3936 1196 4003 sicut
1212 3935 1299 4002 ratio
1316 3935 1479 4002 dividitur
1494 3935 1529 4001 in
1546 3934 1762 4022 superiorem
1787 3947 1822 4001 et
1845 3934 2055 4016 inferiorem,
2072 3935 2119 4002 ita
2135 3947 2169 4002 et
2185 3937 2346 4002 voluntas
2371 3948 2408 4002 ut
2428 3936 2585 4003 habitum

1107 4063 1169 4119 est.
1195 4051 1330 4118 Dicitur
1353 4051 1456 4117 etiam
1480 4051 1576 4136 quod
1598 4050 1689 4117 sicut
1712 4050 1989 4117 ratiocinativum
2015 4051 2141 4117 dicitur
2164 4052 2358 4119 intellectus
2384 4074 2463 4119 curu
2487 4073 2585 4138 prae·

1107 4167 1201 4234 dicto
1225 4188 1343 4247 sensu,
1361 4167 1408 4232 ita
1431 4166 1513 4233 huic
1532 4167 1724 4254 respondet
1748 4167 1923 4253 appetitus
1947 4167 2047 4252 quasi
2071 4167 2238 4234 electivus
2263 4168 2321 4254 qui
2346 4179 2399 4234 est
2422 4169 2585 4234 voluntas

1107 4305 1186 4352 cum
1211 4283 1367 4370 appetitu
1391 4282 1568 4350 sensitivo.

1686 4768 1927 4852 Quaestio
1952 4767 2009 4832 rx.

1223 4996 1365 5074 Uirum
1394 4994 1580 5069 voluntas
1607 4993 1667 5069 vel
1695 4992 1917 5069 intellectus
1944 4993 1999 5067 sit
2025 4992 2278 5069 excellentior
2303 4994 2491 5094 potentia..

1198 5323 1335 5390 Deinde
1370 5322 1461 5388 circa
1485 5322 1680 5388 secundum
1716 5321 1984 5407 praedictorum,
2020 5320 2153 5388 scilicet
2186 5331 2299 5387 utrum
2334 5323 2496 5389 voluntas
2530 5322 2585 5389 vel

1108 5440 1303 5506 intellectus
1337 5438 1381 5504 sit
1415 5437 1639 5511 excellentior
1673 5436 1829 5522 potentia
1864 5436 1915 5503 sic
1950 5437 2215 5523 procedebatur.
2248 5437 2364 5504 Primo
2403 5438 2586 5526 arguendo

1109 5555 1241 5622 scilicet
1265 5555 1360 5640 quod
1383 5553 1578 5620 intellectus
1603 5553 1646 5618 sit
1670 5552 1894 5619 excellentior
1918 5574 2022 5637 quam
2046 5554 2217 5634 voluntas
2243 5552 2325 5638 quia
2347 5553 2405 5620 illa
2428 5552 2586 5640 potentia

1109 5682 1162 5739 est
1178 5669 1427 5738 excellenti0r⁵
1450 5669 1485 5736 in
1509 5690 1579 5755 qua
1594 5667 1754 5735 consistit
1776 5668 2013 5755 principaliter
2036 5668 2217 5736 beatitudo
2241 5691 2332 5755 quae
2357 5680 2409 5736 est
2433 5667 2586 5735 hominis

1200 5973 1208 6004 ¹
1221 5989 1276 6051 ont.
1290 5971 1321 6026 P.
1336 6004 1368 6012 -
1383 5972 1393 6004 ¹
1407 5971 1533 6041 exigitur
1544 5971 1576 6025 P.
1588 6003 1621 6011 -
1641 5973 1653 6004 ⁸
1665 5970 1931 6054 apprehensionem
1944 5971 2012 6024 add.
2028 5970 2058 6027 P.
2072 6002 2105 6010 —
2120 5972 2129 6002 ⁴
2143 5969 2363 6031 distinctionem
2382 5971 2413 6026 P.
2427 6002 2461 6011 -
2476 5972 2487 6003 ⁶
2500 5987 2588 6053 quam

992 6072 995 6079 ’
1110 6093 1143 6105 -
1159 6059 1359 6130 excellentior]
1375 6077 1430 6113 orn.
1449 6058 1481 6121 P,
