6700 7992
1105 1440 1158 1489 230
1469 1436 1661 1492 MAGISTRI
1690 1436 1909 1493 GODEFRIDI
1937 1438 1990 1492 DE
2018 1432 2217 1494 FONTIBUS

1105 1619 1297 1683 secundum
1331 1617 1478 1702 aliquam
1519 1618 1675 1684 formam.
1718 1618 1761 1683 Et
1792 1617 1873 1703 quia
1903 1640 1992 1702 quae
2024 1621 2218 1684 secundum
2255 1603 2411 1685 diversas
2450 1620 2580 1686 formas

1106 1745 1187 1799 nata
1226 1745 1307 1798 sunt
1341 1733 1463 1799 imitari
1497 1734 1647 1799 divinam
1688 1734 1874 1799 essentiam
1911 1733 2066 1798 diversas
2102 1734 2200 1800 ideas
2239 1736 2379 1816 habent,
2419 1735 2500 1801 ideo
2540 1757 2582 1802 ea

1105 1870 1252 1933 quorum
1276 1871 1350 1915 non
1374 1860 1426 1914 est
1450 1849 1515 1915 nisi
1540 1872 1610 1915 una
1634 1851 1745 1915 forma
1769 1872 1832 1935 per
1855 1871 1893 1915 se
1918 1849 1961 1931 (ssi
1985 1861 2100 1915 autem
2130 1851 2403 1936 multiplicentur
2430 1852 2500 1917 hoc
2529 1861 2583 1918 est

1104 1987 1166 2051 per
1190 1965 1379 2049 accidens),
1405 1965 1565 2030 videntur
1588 1967 1718 2031 habere
1743 1988 1846 2029 unum
1873 1965 1985 2030 ideam
2015 1987 2104 2050 quae
2122 1978 2174 2031 est
2198 1966 2288 2032 illius
2313 1966 2446 2033 formae
2470 1965 2581 2052 pn'mo

1105 2091 1139 2146 et
1173 2102 1236 2166 per
1270 2102 1308 2146 se
1332 2093 1366 2146 et
1396 2103 1439 2146 ex
1473 2081 1703 2166 consequenti
1739 2080 1894 2145 omnium
1929 2081 1963 2146 in
1996 2082 2123 2166 quibus
2159 2082 2337 2167 reperitur.
2374 2082 2464 2147 Cum
2489 2082 2580 2149 enim

1103 2196 1191 2261 ratio
1215 2196 1371 2263 idearum
1398 2207 1554 2262 sumatur
1576 2218 1620 2261 ex
1644 2196 1927 2283 apprehensione
1952 2197 2125 2262 essentiae
2150 2197 2289 2264 divinae
2313 2209 2418 2284 prout
2448 2198 2581 2264 scilicet

1104 2312 1378 2397 apprehenditur
1411 2312 1446 2376 in
1481 2312 1658 2379 intellectu
1695 2312 1813 2377 divino
1850 2311 2023 2378 imitabilis
2055 2311 2287 2379 diversimode
2317 2335 2337 2378 a
2366 2313 2522 2393 diversis
2548 2323 2582 2380 et

1103 2429 1297 2493 secundum
1345 2428 1577 2494 diversitatem
1624 2430 1796 2514 graduum
1843 2428 1878 2492 in
1925 2428 2147 2494 imitabilibus
2194 2429 2341 2495 sumitur
2397 2429 2580 2496 diversitas

1103 2543 1268 2625 idearum,
1293 2545 1373 2610 licet
1396 2566 1468 2609 non
1501 2567 1543 2610 ex
1566 2545 1632 2625 illa,
1658 2566 1699 2609 ea
1728 2566 1818 2629 quae
1846 2546 2041 2610 secundum
2078 2567 2185 2610 unum
2221 2546 2369 2633 gradum
2404 2545 2581 2611 imitantur

1103 2682 1208 2724 unam
1243 2662 1374 2725 habent
1409 2660 1532 2726 ideam.
1558 2660 1660 2726 Unde
1697 2660 1787 2725 sicut
1810 2683 1882 2726 non
1907 2662 2013 2726 habet
2045 2661 2216 2725 diversam
2242 2660 2410 2727 rationem
2442 2682 2580 2727 mensu·

1103 2775 1202 2840 randi
1237 2798 1402 2843 numeros
1434 2777 1591 2843 eiusdem
1626 2776 1758 2862 speciei
1790 2787 1884 2851 (nam
1919 2778 2045 2842 eodem
2077 2779 2183 2842 modo
2216 2798 2338 2843 omnes
2369 2776 2580 2861 quaternarii

1103 2891 1251 2957 univoce
1286 2903 1540 2972 mensurantur,
1576 2893 1639 2958 sed
1671 2892 1738 2958 alio
1774 2893 1880 2957 modo
1917 2892 2158 2977 quaternarius
2194 2903 2228 2958 et
2263 2892 2459 2973 ternarius;
2498 2914 2580 2958 nam

1102 3008 1288 3092 perfectior
1313 3009 1437 3073 dicitur
1460 3009 1574 3074 unitas
1603 3030 1645 3072 ex
1677 3010 1745 3073 lroc
1774 3009 1867 3092 quod
1896 3021 1948 3073 est
1976 3030 2141 3073 mensura
2167 3008 2257 3073 mille
2281 3008 2579 3093 quaternariorum

1103 3145 1206 3207 quam
1243 3124 1344 3189 unius
1379 3124 1496 3204 solius,
1522 3123 1603 3208 quia
1631 3146 1700 3188 una
1720 3137 1754 3188 et
1778 3145 1889 3208 aeque
1917 3125 2072 3209 perfecta
2101 3124 2235 3190 ratione
2262 3123 2494 3190 mensurandi*
2512 3147 2580 3210 qua

909 3239 1079 3367 fofodblva
1102 3261 1182 3305 men
1214 3243 1218 3323 l
1251 3251 1386 3305 suratur
1410 3262 1517 3304 unum
1534 3251 1712 3305 mensurat
1728 3244 1864 3322 omnes)
1893 3239 1995 3304 —ita
2021 3239 2054 3304 in
2079 3241 2262 3326 proposito
2287 3235 2403 3306 divina
2427 3241 2579 3307 essentia

953 3353 959 3364 '
1103 3377 1146 3420 ex
1176 3357 1246 3420 hoc
1277 3358 1372 3441 quod
1412 3367 1465 3420 est
1498 3355 1671 3420 imitabilis
1707 3378 1727 3419 a
1759 3355 1916 3440 pluribus
1947 3355 2135 3421 individuis
2174 3377 2246 3421 non
2283 3356 2483 3445 intelligitur
2512 3357 2577 3422 sub

1102 3471 1235 3536 ratione
1258 3472 1465 3557 perfectiore
1490 3494 1594 3556 quam
1618 3473 1662 3535 ab
1694 3493 1775 3552 uno,
1810 3470 1890 3555 quia
1920 3494 1991 3553 uno
2016 3473 2122 3537 modo
2158 3484 2211 3538 est
2239 3474 2283 3537 ab
2314 3472 2365 3539 eis
2393 3471 2577 3537 imitabilis,

1101 3586 1145 3651 Et
1168 3586 1219 3653 sic
1235 3609 1314 3653 cum
1342 3609 1413 3653 non
1438 3589 1567 3652 habeat
1590 3587 1760 3652 diversam
1790 3587 1959 3652 rationem
1976 3590 2202 3652 mensurandi
2227 3588 2364 3654 diversa
2387 3587 2576 3666 individua,

1101 3724 1168 3769 nec
1200 3703 1335 3769 diversa
1370 3703 1548 3769 individua
1577 3704 1709 3768 liabent
1744 3703 1916 3768 diversam
1957 3703 2125 3769 rationem
2165 3703 2329 3784 imitandi,
2368 3704 2432 3769 sed
2471 3724 2577 3769 unam

1100 3819 1212 3904 primo
1233 3832 1267 3885 et
1283 3842 1345 3906 per
1361 3842 1409 3900 se,
1434 3819 1533 3904 quasi
1558 3841 1620 3905 per
1643 3818 1808 3885 accidens
1833 3819 2100 3884 diversificatam
2124 3819 2179 3884 vcl
2205 3819 2517 3901 diversificabilem,
2534 3859 2576 3867 -

1100 3935 1180 4001 ideo
1212 3958 1254 4001 ex
1284 3935 1418 4001 ratione
1449 3935 1550 4001 ideae
1586 3946 1619 4000 et
1651 3935 1726 4000 eius
1759 3934 1858 4001 cuius
1894 3947 1947 4000 est
1982 3957 2045 4020 per
2079 3956 2116 4000 se
2152 3946 2248 4021 patet
2283 3937 2377 4020 quod
2413 3946 2576 4022 respectu

1100 4051 1284 4117 cuiuslibet
1308 4051 1493 4138 singularis
1517 4073 1587 4116 non
1614 4062 1667 4116 est
1691 4051 1830 4137 propria
1855 4062 1889 4117 et
1913 4050 2076 4116 distincta
2099 4051 2188 4117 idea.

1188 4169 1282 4248 ltem,
1307 4169 1376 4233 hoc
1401 4168 1491 4234 idem
1516 4178 1611 4253 patet
1642 4167 1800 4232 secundo
1833 4189 1876 4231 ex
1899 4148 2033 4233 ratione
2066 4167 2199 4233 ordinis
2230 4167 2386 4233 idearum
2415 4167 2473 4252 qui
2502 4190 2574 4235 non

1099 4294 1151 4349 est
1183 4283 1216 4348 in
1249 4283 1446 4349 individuis.
1479 4284 1568 4348 Cum
1598 4282 1690 4348 enim
1722 4282 1758 4347 in
1788 4282 1975 4348 individuis
2007 4305 2079 4348 non
2114 4282 2157 4348 sit
2189 4284 2276 4348 ordo
2308 4305 2375 4350 nec
2407 4294 2487 4350 ante
2519 4285 2575 4350 vel

1097 4411 1188 4485 post,
1207 4411 1243 4465 ut
1259 4401 1383 4465 dicitur
1407 4399 1527 4483 quinto
1551 4398 1813 4484 bletaplrysicae
1830 4402 1887 4478 (l),
1906 4410 1939 4463 ct
1967 4399 2002 4463 in
2031 4399 2118 4464 ideis
2146 4399 2190 4464 sit
2215 4399 2330 4483 aliquo
2355 4400 2462 4465 modo
2486 4400 2574 4466 ordo

1097 4517 1291 4581 secundum
1322 4515 1489 4580 rationem
1523 4526 1557 4580 et
1585 4536 1657 4578 non
1690 4513 1862 4594 confusio,
1892 4515 2047 4599 pluribus
2080 4514 2269 4580 individuis
2298 4536 2388 4599 quae
2423 4516 2574 4581 eundern

1097 4631 1254 4698 ordinem
1279 4633 1409 4696 liabent
1434 4653 1505 4695 non
1529 4631 1745 4715 respondent
1770 4651 1892 4715 perse
1917 4630 2033 4714 plures
2058 4630 2167 4695 ideae.

1187 4748 1266 4812 Hoc
1292 4747 1383 4811 idem
1411 4746 1511 4811 tertio
1538 4757 1683 4831 apparet
1711 4768 1752 4811 ex
1788 4745 1921 4809 ratione
1952 4746 2177 4831 perfectionis
2206 4747 2305 4811 ideae
2324 4757 2357 4811 et
2381 4746 2456 4811 eius
2473 4746 2574 4812 cuius

1097 4874 1159 4928 est.
1177 4864 1215 4927 ln
1233 4875 1401 4947 quantum
1418 4861 1509 4928 enim
1534 4862 1688 4927 essentia
1704 4860 1821 4926 divina
1838 4871 1890 4925 est
1913 4861 2000 4926 ratio
2029 4862 2254 4927 mensurandi
2279 4873 2313 4927 et
2330 4861 2574 4947 cognoscendi

1096 4979 1304 5064 perfectiora
1331 4992 1365 5046 et
1392 4978 1503 5066 magis
1531 4976 1699 5062 simplicia
1732 4977 1838 5042 habet
1865 4977 2033 5041 rationem
2075 4976 2174 5041 ideae
2207 4976 2434 5062 perfectioris
2459 4977 2572 5042 solum

1095 5107 1211 5160 tamen
1240 5097 1434 5160 secundum
1465 5093 1631 5157 rationem
1661 5104 1695 5157 et
1722 5091 1944 5170 intellectum,
1973 5093 2069 5156 nullo
2093 5093 2209 5176 posito
2238 5093 2361 5158 ordine
2376 5093 2573 5159 secundum

1095 5233 1177 5276 rem.
1205 5212 1286 5276 Non
1318 5221 1433 5297 potest
1464 5209 1555 5275 enim
1588 5208 1821 5274 diversimode
1850 5207 1993 5292 intelligi
2025 5207 2199 5272 imitabilis
2227 5208 2345 5274 divina
2373 5209 2525 5274 essentia
2551 5230 2572 5274 a

1095 5326 1241 5392 diversis
1259 5327 1323 5391 nisi
1342 5326 1560 5410 inquantum
1579 5324 1779 5410 intelligitur
1796 5323 1968 5389 imitabilis
1994 5345 2064 5388 uno
2090 5325 2190 5387 modo
2214 5323 2347 5389 scilicet
2363 5323 2571 5408 perfectiore

1094 5444 1138 5507 ab
1167 5464 1248 5523 uno,
1274 5453 1308 5507 et
1339 5441 1406 5507 alio
1431 5443 1537 5506 modo
1562 5442 1606 5505 ab
1631 5440 1699 5505 alio
1724 5439 1855 5506 scilicet
1880 5439 2145 5523 imperfectiore.
2172 5439 2344 5504 Perfectio
2369 5451 2484 5506 autem
2509 5462 2572 5526 per

1093 5579 1132 5623 se
1149 5558 1337 5624 attenditur
1362 5558 1395 5622 in
1421 5558 1560 5623 entibus
1585 5557 1780 5622 secundum
1801 5557 1929 5620 formas
1954 5555 2148 5640 specificas.

1182 5893 1220 5955 tl)
1242 5887 1302 5942 Cfr.
1322 5887 1561 5954 Aristoteles,
1580 5886 1797 5957 Metuphysr'cue
1816 5884 1834 5938 l.
1854 5884 1902 5947 IV,
1922 5902 1945 5937 c.
1966 5888 1983 5935 11
2003 5885 2048 5952 [al.
2063 5885 2096 5950 V,
2116 5902 2140 5938 c.
2161 5886 2186 5954 7]
2208 5893 2247 5955 tp.
2269 5887 2357 5950 1016).
2378 5884 2466 5949 ’Ὀλως
2484 5887 2512 5941 δὲ
2531 5887 2568 5940 ὢν

1092 5973 1107 6041 ἡ
1130 5975 1218 6040 νόησις
1242 5972 1388 6044 ἀδιαίρετος
1409 5975 1424 6039 τ’,
1446 5979 1525 6027 robor
1546 5974 1576 6026 τὸ
1597 5972 1622 6025 τί
1642 5970 1672 6037 ἦν
1694 5972 1766 6031 εἶναι,
1789 5972 1832 6023 καὶ
1857 5972 1893 6036 μὴ
1918 5971 2023 6023 δύναται
2047 5971 2161 6041 χωρίσαι
2185 5971 2252 6036 μήτε
2275 5969 2365 6042 χρόνῳ
2395 5970 2463 6037 μήτε
2491 5968 2568 6042 τόπῳ

1092 6058 1160 6128 μήτε
1180 6056 1263 6132 λόγῳ,
1287 6058 1401 6125 μάλιστα
1422 6062 1504 6110 ταῦτα
1525 6056 1627 6109 ἕν·καὶ
1648 6054 1750 6108 τούτων
1773 6053 1821 6107 ὅσα
1843 6052 1936 6107 οὐσίαι.
