6700 7992
927 4800 992 4853 cod.
1008 4801 1030 4852 Ρ

892 4872 941 4923 lul.
954 4875 1003 4924 lstl
1017 4872 1057 4923 vt>

927 4943 992 4995 cod.
1007 4944 1027 4995 S

903 5014 951 5066 lul.
964 5018 999 5068 47
1017 5015 1056 5067 l'l’

1451 1368 1641 1421 hlAGlSTRl
1671 1366 1892 1422 GODEFRlDI
1921 1368 1973 1420 DE
2002 1367 2200 1422 FONTlBUS

1175 1545 1249 1600 Cum
1281 1563 1362 1617 ergo,
1393 1554 1424 1599 ut
1451 1545 1642 1616 praemissum
1672 1553 1717 1598 est
1733 1548 1749 1609 ¹,
1777 1544 1883 1616 triplex
1913 1545 1977 1599 sit²
2007 1563 2073 1599 esse
2104 1545 2146 1600 rei
2171 1546 2219 1599 rel
2245 1546 2340 1618 magis
2369 1548 2488 1618 proprie
2514 1565 2563 1602 res

1085 1643 1194 1696 habeat
1216 1642 1320 1713 triplex
1340 1643 1449 1695 esse':
1477 1659 1535 1694 uno
1555 1641 1644 1694 modo
1664 1641 1693 1694 in
1712 1642 1832 1713 propria
1852 1652 1955 1694 natura
1975 1651 2004 1694 et
2030 1641 2140 1695 inactu
2162 1641 2238 1696 sicut
2263 1642 2382 1713 quando
2407 1660 2475 1698 rosa
2494 1648 2563 1698 est⁴

1086 1746 1172 1799 actu;
1197 1738 1256 1790 alio
1275 1737 1363 1791 modo
1389 1738 1416 1790 in
1437 1738 1570 1808 potentia
1590 1737 1709 1808 passiva
1729 1748 1758 1790 et
1778 1737 1874 1791 activa
1894 1748 2056 1800 creaturae,
2076 1737 2115 1790 ita
2136 1737 2216 1808 quod
2235 1738 2292 1792 iarn
2311 1747 2358 1792 est
2383 1739 2411 1792 in
2430 1740 2563 1811 potentia

1084 1833 1246 1887 secundum
1276 1832 1394 1902 aliquod
1432 1832 1606 1904 principium
1642 1835 1772 1886 existens
1803 1832 1831 1885 in
1870 1850 1965 1886 rerum
1996 1845 2100 1886 natura
2131 1844 2231 1886 natum
2265 1835 2373 1888 intrare
2403 1836 2562 1889 essentiam

1085 1946 1168 1982 suam
1199 1929 1278 2000 quod
1298 1928 1416 1999 quidem
1444 1929 1619 2000 principium
1640 1941 1685 1981 est
1706 1929 1828 1981 materia
1847 1939 1877 1982 et
1896 1928 2056 1982 secundum
2076 1928 2251 2000 principium
2278 1931 2405 1983 activum
2433 1941 2563 1984 creatum

1086 2035 1116 2078 et
1139 2026 1308 2095 proprium:
1335 2026 1422 2077 tertio
1451 2024 1539 2077 modo
1564 2034 1650 2095 prout
1675 2034 1743 2077 sunt
1772 2024 1933 2101 rirtualiter
1952 2034 2063 2078 tantum
2084 2025 2112 2078 in
2131 2026 2226 2096 primo
2247 2036 2354 2096 agente
2374 2035 2462 2098 prout
2481 2036 2564 2081 erant

1085 2139 1132 2173 res
1158 2132 1314 2190 antequam
1344 2130 1521 2183 crearentur,
1551 2152 1581 2158 --
1608 2120 1769 2173 secundum
1798 2120 1923 2190 primum
1956 2119 2074 2173 modum
2101 2121 2218 2174 essendi
2247 2122 2367 2192 proprie
2395 2130 2423 2175 et
2455 2123 2564 2194 simpli-

1085 2216 1159 2270 citer
1187 2216 1275 2269 habet
1301 2234 1349 2269 res
1374 2234 1440 2269 esse
1467 2217 1613 2269 essentiae
1633 2226 1662 2269 et
1691 2234 1757 2268 esse
1783 2216 1811 2268 in
1837 2234 1955 2286 genere,
1978 2217 2046 2287 quia
2072 2219 2161 2270 homo
2186 2219 2213 2270 in
2234 2228 2302 2270 actu
2321 2228 2366 2271 est
2391 2218 2564 2289 simpliciter

1085 2312 1173 2365 homo
1194 2321 1223 2365 et
1248 2310 1421 2382 simpliciter
1439 2311 1610 2365 substantia.
1637 2343 1670 2351 -
1697 2312 1864 2365 Secundum
1891 2320 1988 2366 autem
2009 2313 2170 2366 secundum
2190 2313 2309 2366 modum
2329 2314 2419 2367 hahet
2439 2331 2505 2368 esse
2534 2315 2562 2367 in

1085 2425 1195 2477 genere
1214 2407 1267 2460 sed
1292 2425 1351 2460 nun
1371 2407 1543 2478 simpliciter
1561 2409 1637 2460 sicut
1660 2408 1689 2460 in
1718 2408 1813 2478 primo
1833 2407 1931 2473 modo,
1951 2407 2004 2460 sed
2026 2408 2114 2462 debet
2141 2408 2199 2462 dici
2229 2409 2308 2479 quod
2334 2410 2423 2462 habet
2448 2427 2515 2463 esse
2533 2409 2563 2463 in

1086 2520 1195 2571 genere
1226 2504 1254 2555 in
1284 2503 1416 2573 potentia
1442 2504 1510 2574 quia
1539 2503 1626 2555 homo
1656 2503 1684 2555 in
1711 2504 1842 2573 potentia
1869 2505 1948 2556 nec⁵
1976 2502 2065 2557 debet
2087 2503 2145 2557 dici
2174 2505 2262 2557 humo
2288 2504 2460 2575 simpliciter
2484 2507 2564 2559 nec¹

1085 2598 1249 2651 substantia
1280 2598 1452 2669 simpliciter
1483 2598 1536 2651 sed
1568 2616 1632 2650 cum
1665 2598 1909 2651 determinatione
1941 2598 2009 2668 quia
2041 2598 2129 2653 debet
2161 2598 2219 2652 dici
2250 2599 2339 2653 homo
2371 2599 2399 2652 in
2430 2601 2563 2670 potentia

1086 2701 1116 2746 et
1142 2693 1307 2746 substantia
1332 2694 1361 2746 in
1387 2695 1527 2764 potentia.
1556 2694 1592 2746 Et
1620 2694 1662 2747 sic
1692 2704 1736 2747 est
1765 2694 1793 2746 in
1822 2711 1931 2764 genere
1956 2694 1984 2746 in
2014 2695 2145 2765 potentia
2172 2695 2202 2747 in
2231 2705 2370 2766 quantum
2397 2696 2461 2749 eius
2487 2697 2563 2767 prin·

1086 2789 1163 2860 cipia
1202 2790 1357 2842 existentia
1392 2791 1420 2842 in
1455 2808 1550 2843 rerum
1580 2800 1682 2843 natura
1715 2799 1781 2843 suut
1812 2789 2006 2843 determinata
2044 2790 2081 2843 ad
2117 2808 2210 2858 ¹uenus
2249 2791 2433 2845 substantiae
2473 2792 2563 2846 modo

1086 2903 1144 2956 quo
1175 2886 1320 2956 principia
1351 2886 1392 2939 rei
1424 2886 1533 2938 hahent
1563 2903 1639 2941 esse.
1667 2887 1781 2939 scilicet
1810 2904 1863 2956 per
1893 2886 2094 2940 reductionem
2122 2887 2151 2939 in
2180 2887 2284 2941 eudem
2311 2904 2419 2958 genere
2445 2905 2511 2940 cum
2532 2904 2563 2941 re

1086 2982 1169 3035 cuius
1194 2992 1260 3034 sunt
1281 2982 1433 3051 principia.
1462 2982 1497 3034 Et
1527 2980 1602 3035 forte
1631 2983 1687 3035 hoc
1717 2982 1871 3035 intendunt
1900 2982 1940 3035 illi
1966 2981 2015 3052 qui
2045 2991 2158 3052 ponunt
2187 2983 2265 3053 quod
2294 3000 2341 3036 res
2361 2984 2479 3053 quando
2504 3000 2563 3036 non

1085 3088 1152 3131 sunt
1181 3078 1208 3131 in
1235 3078 1342 3131 actuali
1371 3078 1535 3135 existentia.
1560 3088 1627 3131 sunt
1658 3080 1782 3131 tame-211³
1813 3087 1952 3149 quantum
1984 3079 2021 3131 ad
2044 3096 2111 3131 esse
2137 3079 2362 3149 quidditatiium
2391 3089 2419 3132 et
2448 3079 2564 3150 praedi·

1086 3173 1250 3227 camentale
1282 3174 1350 3244 quia
1381 3183 1448 3226 sunt
1479 3174 1624 3227 scilicet¹
1654 3191 1713 3227 non
1745 3173 1917 3244 simpliciter
1948 3175 2001 3228 sed
2033 3177 2061 3228 in
2096 3175 2228 3245 potentia
2259 3175 2288 3227 in
2319 3176 2380 3228 suis
2410 3175 2563 3246 principiis

1085 3269 1235 3340 proximis.
1262 3270 1296 3321 Et
1323 3270 1365 3323 sic
1391 3270 1478 3323 etiam
1500 3279 1544 3322 est
1570 3268 1606 3322 de
1632 3270 1675 3322 eis
1701 3270 1824 3323 scientia
1851 3288 1928 3335 vera,
1954 3271 2021 3341 quia
2041 3272 2117 3324 sicut
2143 3271 2321 3341 quandoque
2346 3280 2413 3323 sunt
2434 3272 2463 3324 in
2494 3280 2562 3325 actu

1084 3365 1223 3436 propriae
1248 3376 1369 3418 naturae
1395 3365 1572 3436 quandoque
1598 3366 1626 3418 in
1652 3365 1712 3418 suis
1735 3365 1895 3436 principiis
1918 3366 1958 3419 ita
1981 3377 2079 3437 potest
2099 3367 2199 3420 haberi
2220 3365 2342 3420 scientia
2362 3366 2400 3419 de
2419 3366 2462 3419 eis
2482 3366 2510 3419 in
2530 3384 2562 3420 se

1085 3461 1163 3515 rel¹
1199 3461 1227 3514 in
1265 3462 1326 3514 suis
1363 3461 1522 3532 principiis.
1560 3462 1626 3514 Non
1663 3460 1706 3514 sie
1744 3461 1844 3514 haberi
1883 3472 1982 3533 potest
2005 3466 2025 3493 ¹¹¹
2061 3462 2185 3516 scientia
2216 3462 2254 3515 de
2286 3463 2433 3515 chimaera
2471 3462 2517 3515 rel
2542 3465 2561 3493 ¹¹

1085 3557 1258 3610 hircocerrn
1279 3556 1345 3627 quia
1365 3558 1472 3610 nullam
1493 3556 1655 3610 realitatem
1677 3557 1786 3609 hahent
1806 3567 1873 3610 actu
1893 3558 1939 3610 rel
1960 3558 2092 3628 potentia
2105 3559 2134 3613 ¹².
2153 3558 2207 3611 sed
2226 3558 2320 3611 solum
2336 3565 2402 3610 sunt
2422 3558 2562 3626 figmenta

1085 3652 1223 3705 habentia
1238 3662 1348 3706 tantum
1366 3655 1386 3684 ¹¹
1399 3670 1465 3706 esse
1479 3652 1640 3705 secundum
1655 3661 1831 3722 conceptum
1845 3653 2011 3706 intellectus
2026 3653 2163 3724 lingentis
2177 3671 2220 3707 ea.
2234 3653 2448 3707 -Secundum
2465 3661 2561 3707 autem

1085 3750 1201 3801 tertium
1228 3749 1346 3802 modum
1366 3748 1482 3801 essendi
1504 3756 1590 3818 prout
1607 3750 1624 3779 ¹¹
1645 3765 1693 3800 res
1715 3758 1781 3801 sunt
1801 3748 1963 3802 virtualiter
1983 3749 2010 3802 in
2031 3750 2094 3803 sola
2114 3750 2221 3802 virtute
2241 3749 2348 3813 divina,
2368 3749 2410 3803 sic
2431 3750 2527 3803 adhuc
2542 3752 2564 3781 ¹⁸

1086 3843 1181 3898 minus
1200 3844 1320 3916 proprie
1339 3854 1405 3897 sunt
1428 3844 1455 3897 in
1476 3861 1585 3915 genere
1599 3843 1667 3914 quia
1691 3843 1865 3915 principium
1886 3845 2009 3915 primum
2029 3846 2058 3898 in
2078 3845 2161 3898 cuius
2181 3846 2244 3899 sola
2265 3845 2370 3898 virtute
2390 3846 2433 3898 sic
2452 3846 2561 3900 habent

1085 3957 1132 3993 res
1152 3958 1227 4001 esse,
1247 3958 1304 3993 non
1330 3950 1375 3994 est
1399 3941 1429 3993 in
1448 3940 1546 4010 aliquo
1571 3956 1680 4007 genere
1699 3939 1752 3993 sed
1773 3951 1817 3994 est
1838 3950 1918 3993 extra
1939 3958 2025 3994 oinne
2050 3958 2152 4010 genus.
2180 3941 2293 3994 Tamen
2317 3941 2478 3995 secundum
2504 3942 2563 3995 tale

1085 4054 1151 4089 esse
1170 4036 1280 4089 habent
1305 4036 1403 4108 aliquo
1426 4036 1513 4090 modo
1540 4054 1606 4090 esse
1631 4037 1659 4090 in
1686 4054 1805 4108 genere.
1817 4036 1930 4090 scilicet
1957 4037 2118 4090 secundum
2144 4036 2291 4106 quandam
2317 4036 2561 4107 aptitudinemin

1085 4139 1224 4202 quantum
1245 4132 1359 4186 scilicet
1378 4150 1435 4186 non
1456 4133 1564 4186 hahent
1579 4134 1804 4204 repugnantiam
1824 4132 1861 4185 ad
1875 4132 2026 4185 entitatem
2040 4133 2157 4202 generis
2177 4133 2229 4186 sed
2243 4142 2310 4185 sunt
2323 4141 2392 4185 nata
2412 4132 2562 4187 voluntate

1085 4227 1183 4280 divina
1215 4228 1392 4299 participare
1421 4237 1554 4282 naturam
1580 4229 1703 4282 alicuius
1722 4229 1848 4299 generis,
1879 4237 1950 4298 puta
1981 4227 2164 4281 substantiae
2196 4227 2242 4280 vel
2271 4227 2443 4298 quantitatis
2471 4238 2501 4281 et
2519 4227 2561 4281 sic

1085 4323 1121 4375 de
1142 4323 1215 4377 aliis.
1236 4323 1321 4378 Unde
1341 4342 1446 4378 cervus
1465 4325 1560 4395 magis
1579 4325 1632 4378 fuit
1653 4325 1690 4377 ab
1711 4335 1831 4378 aeterno
1851 4323 1879 4377 in
1902 4341 2011 4392 genere
2034 4341 2120 4394 quam
2144 4323 2292 4376 chimaera
2312 4324 2359 4376 rel
2373 4323 2562 4377 hircocervus

1085 4419 1153 4491 quia
1183 4421 1372 4473 hircocerius
1403 4439 1460 4474 non
1492 4422 1594 4474 hahuit
1624 4438 1680 4475 nec
1712 4421 1821 4473 hahere
1852 4419 1947 4490 potuit
1980 4419 2106 4489 aliquam
2139 4417 2332 4489 aptitudinem
2365 4418 2560 4490 participandi

1084 4534 1268 4591 quacumque
1289 4518 1394 4570 virtute
1414 4526 1546 4570 naturam
1573 4516 1697 4569 alicuius
1716 4515 1842 4584 generis,
1862 4516 1938 4568 sicut
1958 4532 2062 4568 cerrus
2082 4514 2192 4573 habuit.
2212 4515 2258 4568 cui
2289 4513 2355 4568 talis
2375 4514 2562 4587 participatio

1083 4632 1141 4668 non
1161 4622 1305 4685 repugnat
1324 4613 1400 4665 sicut
1419 4619 1563 4683 repugnat
1580 4612 1761 4665 hircocervo.

1173 4711 1235 4763 Nec
1256 4717 1301 4762 est
1326 4717 1428 4761 contra
1448 4707 1609 4779 praemissa
1629 4708 1700 4761 illud
1717 4710 1737 4737 ¹¹
1757 4707 1835 4778 quod
1852 4708 1871 4737 ¹²
1890 4706 2059 4776 Simplicius
2078 4705 2150 4759 dicit
2169 4723 2258 4777 super
2283 4706 2525 4760 Praedicamenta
2543 4708 2563 4737 ¹¹

1084 4806 1134 4858 uhi
1161 4804 1232 4858 dicit
1260 4803 1339 4874 quod
1368 4813 1508 4874 quantum
1537 4803 1575 4856 ad
1601 4820 1695 4873 genus
1723 4802 1907 4856 substantiae
1938 4801 2073 4872 pertinet,
2102 4818 2160 4855 non
2192 4800 2282 4855 refert
2310 4810 2406 4855 utrum
2435 4804 2439 4869 Ι
2468 4801 2505 4855 sit
2533 4801 2562 4855 in

1086 4902 1174 4954 rebus
1200 4956 1204 4967 ,
1229 4917 1265 4953 an
1282 4904 1303 4931 ¹¹
1331 4900 1359 4952 in
1388 4907 1543 4968 conceptu,
1572 4899 1640 4970 quia
1669 4898 1709 4952 ihi
1738 4898 1867 4968 loquitur
1891 4914 1948 4950 non
1977 4896 2014 4949 de
2040 4913 2072 4951 re
2090 4898 2238 4951 substrata
2261 4896 2414 4951 intentioni
2436 4895 2563 4969 generis,

1084 4996 1137 5049 sed
1163 4996 1200 5050 de
1228 4996 1291 5067 ipsa
1320 4995 1481 5049 intentione
1510 5012 1586 5065 quae
1617 4993 1756 5047 convenit
1784 4994 1872 5047 rebus
1901 5010 1959 5046 non
1985 4993 2013 5045 in
2044 5009 2097 5045 suo
2126 5009 2192 5046 esse
2220 4992 2292 5046 reali
2320 4993 2372 5046 sed
2401 4992 2563 5047 secundum

1084 5091 1250 5162 essequod
1279 5092 1388 5145 habent
1407 5092 1436 5144 in
1464 5090 1615 5145 intellectu
1643 5089 1805 5144 secundum
1833 5089 1912 5161 quod
1931 5106 1997 5142 esse
2023 5104 2117 5159 genus
2140 5088 2393 5159 generalissimum
2423 5097 2469 5142 est
2496 5105 2563 5142 esse

1084 5188 1209 5241 maxime
1238 5188 1427 5252 abstractum,
1455 5204 1521 5240 esse
1547 5194 1644 5240 autem
1670 5202 1764 5257 genus
1789 5186 1987 5238 subalternum
2008 5192 2053 5237 est
2080 5201 2146 5237 esse
2171 5184 2267 5238 minus
2292 5185 2481 5238 abstractum.
2500 5184 2562 5239 Nos

1083 5290 1181 5337 autem
1201 5283 1325 5338 hicnon
1350 5283 1497 5354 loquimur
1521 5281 1558 5336 de
1583 5281 1744 5336 intentione
1773 5280 2014 5336 secundumesse
2043 5280 2090 5334 vel
2117 5297 2176 5333 non
2205 5296 2271 5334 esse
2300 5280 2490 5345 abstractum,
2508 5279 2562 5334 sed

1174 5542 1251 5593 ¹om.
1271 5540 1300 5594 S.
1320 5570 1354 5580 —
1374 5539 1384 5570 ¹
1403 5538 1508 5610 triplex
1528 5537 1574 5607 sit]
1595 5537 1632 5591 sit
1651 5536 1757 5608 triplex
1778 5536 1811 5590 C.
1832 5568 1864 5576 -
1885 5538 1896 5567 ⁸
1915 5535 2020 5607 triplex
2039 5537 2117 5604 esse]
2137 5552 2204 5589 esse
2223 5532 2378 5606 tripliciter
2397 5535 2430 5591 C.
2450 5567 2484 5575 -
2504 5538 2513 5568 ¹
2532 5533 2563 5589 in

1082 5627 1151 5681 add.
1172 5627 1202 5681 P.
1223 5659 1255 5667 —
1276 5629 1363 5680 ¹non
1383 5627 1416 5680 C.
1438 5658 1469 5665 -
1490 5627 1501 5657 ¹
1520 5625 1567 5678 vel
1586 5625 1619 5679 C.
1639 5656 1672 5665 -
1695 5625 1835 5678 'tantum
1855 5623 1913 5678 PC.
1934 5655 1966 5662 —
1987 5625 1997 5654 ¹
2015 5630 2082 5677 sunt
2102 5622 2226 5692 scilicet]
2246 5622 2360 5678 scilicet
2378 5631 2447 5678 sunt
2466 5622 2499 5678 C.
2528 5653 2562 5661 —

1082 5715 1094 5747 ¹
1115 5715 1201 5769 simul
1221 5715 1252 5768 P.
1281 5746 1313 5754 —
1338 5716 1360 5747 ¹⁰
1378 5731 1433 5768 om.
1453 5714 1492 5780 83
1520 5713 1589 5766 add.
1608 5725 1644 5773 aa
1663 5729 1702 5765 m.
1719 5711 1760 5773 ὃς
1780 5728 1839 5765 nou
1861 5742 1895 5751 -
1917 5713 2025 5783 potest]
2045 5718 2075 5764 et
2093 5710 2137 5764 sic
2155 5726 2214 5764 non
2235 5718 2334 5781 potest
2353 5710 2455 5765 haberi
2475 5709 2508 5764 C.
2528 5740 2562 5749 -

1085 5802 1156 5856 ¹¹de
1174 5803 1244 5856 add.
1264 5802 1297 5856 C.
1316 5834 1350 5842 —
1372 5802 1394 5834 ¹¹
1406 5799 1678 5872 actu-potentia]
1698 5798 1726 5852 in
1741 5808 1808 5854 actu
1827 5806 1858 5853 et
1876 5798 1906 5852 in
1919 5798 2052 5870 potentia
2065 5796 2147 5853 C.-
2163 5798 2183 5830 ¹¹
2196 5815 2252 5851 om.
2267 5796 2347 5852 C.-
2367 5799 2387 5829 ¹¹
2400 5796 2562 5852 secundum

1081 5888 1162 5960 quod
1181 5889 1215 5943 C.
1237 5921 1270 5930 -
1293 5891 1314 5921 ¹¹
1328 5887 1366 5943 ad
1387 5890 1444 5944 hoc
1463 5888 1517 5943 SP.
1537 5918 1571 5927 -
1600 5887 1622 5918 ¹¹
1634 5885 1665 5940 id
1684 5885 1718 5941 C.
1739 5917 1770 5925 -
1801 5888 1822 5918 ¹¹
1835 5893 1881 5940 est
1899 5886 1968 5940 odd.
1988 5886 2019 5941 S.
2038 5917 2072 5925 —
2102 5886 2227 5958 ¹¹super
2253 5883 2503 5956 praedicamenta]
2532 5882 2562 5937 in

1081 5976 1329 6049 praedicamentis
1348 5977 1382 6031 C.
1401 6007 1434 6016 -
1456 5978 1477 6007 ¹¹
1489 5982 1540 6029 aut
1559 5973 1592 6030 C.
