6700 7992
1034 1386 1069 1435 36
1399 1380 1591 1437 MAGISTRI
1619 1380 1839 1436 GODEFRIDI
1867 1380 1920 1435 DE
1947 1380 2147 1437 FONTIBUS

1034 1560 1129 1646 quod
1146 1571 1227 1627 ante
1247 1560 1257 1596 ¹
1283 1559 1483 1626 huiusmodi
1508 1559 1756 1647 experientiam
1780 1559 1825 1624 ad
1849 1559 2084 1645 profitendum
2110 1558 2321 1626 inducantur
2343 1560 2398 1627 vel
2430 1582 2508 1646 pro·

1033 1675 1181 1742 fitentur.
1199 1675 1243 1742 Et
1266 1675 1347 1742 ideo
1371 1677 1463 1741 facta
1487 1687 1540 1741 est
1563 1674 1750 1761 prohibitio
1768 1696 1831 1760 per
1853 1696 1980 1742 novam
2005 1674 2288 1742 constitutionem
2314 1675 2508 1743 Innocentii

1035 1790 1158 1876 Quarti
1185 1790 1289 1856 Extra
1319 1791 1363 1857 de
1395 1790 1635 1879 regularibus²
1660 1792 1718 1874 (1),
1746 1789 1806 1856 ubi
1829 1790 2032 1876 prohibetur
2054 1792 2151 1876 quod
2174 1791 2269 1857 nullo
2294 1792 2400 1858 modo
2425 1801 2508 1857 sunt

1035 1906 1124 1972 infra
1147 1905 1277 1973 dictum
1302 1917 1439 1992 tempus
1456 1906 1583 1973 novicii
1608 1906 1653 1971 ad
1670 1905 1902 1992 profitendum
1926 1905 2118 1973 inducendi
2135 1917 2170 1972 et
2193 1905 2295 1972 etiam
2313 1906 2438 1974 dicitur
2461 1906 2509 1973 ibi

1035 2023 1130 2108 quod
1154 2021 1183 2087 si
1211 2021 1334 2107 aliquis
1357 2021 1521 2088 inductus
1551 2022 1733 2108 profitetur
1759 2043 1831 2087 non
1863 2033 1982 2087 estex
2014 2023 2084 2087 hoc
2107 2021 2154 2086 illi
2178 2021 2289 2087 ordini
2321 2022 2508 2111 obligatus,

1036 2138 1099 2204 sed
1123 2138 1317 2204 secundum
1342 2137 1477 2223 aliquos
1505 2138 1720 2223 expositores
1748 2136 1862 2202 ordini
1890 2137 1965 2202 sive
1988 2136 2149 2225 religioni
2181 2136 2216 2202 in
2240 2137 2396 2226 generali
2424 2138 2509 2203 obli·

848 2239 1014 2368 &5⁰35ssan
1035 2264 1148 2341 gatus.
1189 2253 1261 2320 Sed
1294 2253 1323 2318 si
1355 2254 1459 2319 vellet
1491 2265 1617 2338 sponte
1667 2254 1671 2335 l
1721 2251 1874 2337 profiteri
1913 2253 1968 2318 vel
2001 2274 2040 2319 se
2072 2253 2228 2341 obligare
2262 2254 2306 2318 ad
2339 2264 2509 2340 perpetuo

893 2353 899 2366 ’
1034 2370 1284 2435 remanendum
1309 2378 1434 2453 potest,
1460 2390 1532 2433 non
1556 2380 1672 2434 tamen
1705 2366 1905 2434 solemniter
1928 2366 2135 2454 profitendo.
2161 2368 2197 2434 Si
2223 2368 2354 2434 etiam⁸
2377 2379 2510 2454 peteret

1034 2483 1218 2549 consilium
1242 2485 1286 2548 ab
1302 2483 1418 2569 aliquo
1442 2482 1532 2548 illius
1550 2483 1681 2548 ordinis
1699 2483 1743 2548 de
1759 2482 1957 2568 profitendo
1975 2483 2099 2564 statim,
2116 2483 2145 2548 si
2162 2483 2217 2549 ille
2242 2505 2262 2548 a
2286 2505 2357 2569 quo
2374 2494 2508 2570 peteret

1033 2600 1166 2665 videret
1190 2601 1284 2683 quod
1308 2598 1523 2665 sufficienter
1539 2610 1633 2665 esset
1649 2608 1812 2684 expertus
1828 2598 2016 2685 gravitates
2038 2599 2169 2664 ordinis
2187 2612 2220 2665 et
2245 2611 2370 2680 cetera,
2388 2610 2509 2685 posset

1034 2715 1065 2782 ei
1094 2716 1285 2781 consulere.
1310 2716 1391 2781 Non
1415 2725 1531 2780 tamen
1559 2714 1635 2780 sic⁴
1662 2715 1835 2781 diceretur
1863 2735 1941 2780 eum
1969 2714 2146 2794 inducere,
2175 2715 2257 2800 quia
2284 2715 2340 2781 ille
2368 2715 2508 2801 proprie

1034 2829 1167 2897 inducit
1193 2830 1297 2896 aliurn
1329 2830 1388 2915 qui
1415 2842 1563 2897 conatur
1589 2830 1664 2896 eius
1696 2831 1908 2896 voluntatem
1937 2830 2110 2915 aliquibus
2138 2830 2425 2916 persuasionibus
2453 2832 2507 2897 vel

1033 2945 1213 3032 promissis
1237 2947 1291 3012 vel
1315 2946 1514 3012 huiusmodi
1542 2946 1586 3011 ad
1611 2945 1741 3030 aliquid
1758 2946 1925 3012 inclinare
1942 2946 1986 3011 ad
2011 2947 2106 3030 quod
2132 2946 2176 3011 de
2200 2968 2239 3011 se
2263 2967 2333 3011 non
2353 2958 2405 3011 est
2428 2946 2506 3011 talis

1032 3061 1218 3129 inclinatus
1243 3074 1277 3128 et
1301 3074 1426 3128 cetera.

1603 3473 1844 3556 Qunnsno
1869 3474 1942 3541 xv.

1040 3700 1183 3777 Utrum
1213 3698 1500 3773 monasterium
1534 3696 1699 3801 aliquod
1729 3699 1878 3773 liabens
1905 3700 1977 3773 sub
2006 3724 2047 3773 se
2076 3697 2250 3799 aliquem
2273 3698 2507 3797 prioratum

979 3881 984 3899 ·
1102 3832 1332 3936 fundatum
1364 3833 1413 3906 de
1444 3832 1558 3906 bonis
1594 3831 1772 3906 alicuius
1803 3831 1987 3934 defuncti
2021 3833 2098 3907 lzac
2136 3832 2352 3906 intentione
2384 3838 2429 3906 nt
2460 3833 2508 3906 de

1112 3965 1195 4041 illis
1228 3965 1503 4040 ministrantes
1536 3965 1580 4039 in
1613 3963 1681 4040 illo
1708 3965 1899 4064 prioratu
1931 3970 2204 4040 sustententur
2235 3970 2271 4040 et
2308 3971 2353 4039 ut
2387 3965 2507 4040 etiam

1110 4098 1400 4198 hospitalitates
1428 4104 1464 4173 et
1491 4097 1755 4198 eleemosynae
1784 4097 1828 4172 in
1857 4098 1924 4172 illo
1950 4098 2034 4173 loeo
2057 4098 2217 4197 possint
2232 4097 2343 4198 fieri,
2373 4123 2507 4172 conve-

1111 4232 1268 4308 nienter
1286 4231 1417 4331 possit
1443 4231 1518 4306 tali
1538 4231 1747 4331 prioratui
1770 4233 1819 4306 de
1844 4255 1945 4306 novo
1972 4232 2174 4331 imponere
2202 4231 2366 4334 aliquod
2393 4256 2506 4306 onus.

1120 4553 1248 4617 Postea
1276 4551 1507 4635 quaerebatur
1532 4548 1625 4614 aliud
1655 4548 1834 4635 pertinens
1868 4549 1911 4613 ad
1944 4548 2233 4636 gubernationem
2266 4547 2506 4634 temporalium

1031 4668 1204 4732 bonorum
1231 4665 1393 4731 videlicet
1415 4676 1529 4730 utrum
1553 4664 1801 4730 monasterium
1829 4664 1969 4749 aliquod
1995 4664 2068 4729 sive
2092 4665 2201 4729 abbas
2226 4665 2361 4729 habens
2385 4666 2506 4728 subse

843 4752 1008 4880 soffia„
1032 4782 1180 4868 aliquem
1204 4781 1392 4867 prioratum
1416 4781 1600 4846 fundatum
1624 4781 1669 4846 de
1705 4783 1709 4864 Ι
1745 4779 1848 4845 bonis
1865 4779 2010 4845 alicuius
2038 4779 2194 4845 defuncti
2222 4781 2289 4845 hac
2313 4778 2506 4845 intentione

1030 4908 1068 4963 ut
1095 4898 1139 4964 de
1166 4896 1299 4963 bonis⁶
1325 4895 1390 4962 illis
1418 4895 1651 4962 ministrantes
1675 4895 1711 4960 in
1739 4895 1797 4961 illo
1826 4895 1978 4981 prioratu
2006 4905 2245 4961 sustententur
2275 4905 2309 4960 et
2341 4906 2379 4960 ut
2402 4894 2505 4960 etiam

1029 5012 1281 5098 hospitalitates
1309 5022 1343 5078 et
1371 5011 1615 5097 eleemosynae
1639 5011 1674 5076 in
1700 5011 1758 5077 illo
1782 5012 1862 5077 loco
1887 5012 2080 5076 secundum
2108 5011 2310 5077 facultatum
2335 5009 2505 5095 quantita-

1029 5139 1099 5195 tem
1126 5127 1263 5214 possint
1288 5127 1364 5194 fieri
1396 5126 1656 5206 convenienter,
1689 5126 1802 5212 possit
1832 5126 1890 5191 tali
1922 5125 2087 5213 prioratui
2119 5126 2164 5193 de
2195 5147 2288 5191 novo
2323 5125 2504 5211 imponere

1030 5243 1170 5330 aliquod
1186 5264 1277 5310 onus
1295 5255 1415 5329 utpote
1432 5243 1526 5328 quod
1551 5242 1765 5308 'monasterio
1783 5241 1964 5328 principali
1980 5243 2035 5308 vel
2057 5241 2123 5306 sibi
2147 5240 2335 5308 teneatur⁶
2358 5241 2504 5328 singulis

1119 5555 1127 5588 ¹
1146 5562 1243 5609 autem
1263 5554 1294 5608 P.
1313 5585 1346 5593 —
1367 5551 1562 5625 'regulariter
1581 5551 1612 5606 P.
1632 5583 1665 5592 -
1685 5552 1696 5584 ⁸
1714 5551 1739 5605 si
1758 5550 1857 5621 etiam]
1877 5549 1931 5605 sed
1950 5557 1979 5605 et
1998 5551 2029 5605 P.
2049 5583 2082 5591 -
2102 5551 2170 5604 ⁴ln's
2188 5551 2252 5605 PV.
2272 5583 2305 5591 -
2326 5553 2404 5606 ⁵om.
2424 5552 2455 5606 P.
2469 5583 2503 5592 -

1028 5645 1040 5676 ⁶
1052 5649 1189 5698 tenentur
1200 5643 1234 5696 V.

1116 5896 1155 5960 (l)
1184 5909 1209 5946 c.
1228 5895 1253 5946 2.
1272 5889 1311 5945 de
1328 5889 1453 5961 regular.
1478 5888 1528 5942 111.
1553 5891 1587 5943 14
1608 5887 1636 5941 ἰῃ
1660 5887 1740 5943 Sext.
1768 5887 1808 5955 (in
1835 5888 1950 5942 collect.
1976 5887 2122 5943 Decretal.
2150 5888 2312 5944 Innocentii
2338 5889 2387 5956 1V,
2412 5906 2437 5944 c.
2457 5891 2504 5958 32,

1028 5981 1107 6054 apud
1126 5979 1286 6047 Bbhmer‚
1306 5978 1394 6050 Corp.
1413 5976 1484 6031 iuris
1504 5994 1576 6045 can,
1595 5984 1614 6030 t.
1634 5976 1670 6044 11,
1691 5975 1839 6047 appendix
1858 5975 1909 6041 111,
1929 5975 1995 6030 coll.
2014 5978 2067 6031 356
2086 5980 2150 6050 sq).
