6700 7992
1358 1477 1574 1536 SECUNDUM
1606 1476 1907 1550 QUODLIBETUM,
1927 1476 1963 1550 Q
1983 1475 2023 1532 Vl

1556 1945 1798 2029 Qurlrssno
1825 1946 1878 2011 u.

941 2148 1082 2227 Utrum
1112 2145 1156 2220 in
1185 2144 1354 2220 tiariferio
1381 2145 1533 2244 priano,
1563 2144 1709 2220 u‘rtnte
1736 2144 2064 2243 superruzfurulis
2093 2144 2254 2244 ‹rgerztis
2282 2144 2412 2246 possit

955 2279 1051 2380 fieri
1071 2280 1215 2385 formo
1245 2284 1282 2354 ot
1307 2279 1457 2378 species
1486 2281 1540 2354 od
1568 2305 1688 2383 qrrrtru
1717 2305 1797 2354 oon
1827 2284 1884 2354 est
1910 2278 1951 2355 iu
1976 2278 2155 2381 potentio
2187 2277 2377 2356 trafuroli.

1021 2585 1148 2648 Postea
1180 2581 1273 2649 circa
1304 2582 1498 2648 secundum
1534 2581 1803 2667 praedictorum,
1840 2581 1973 2648 scilicet
2004 2581 2097 2649 circu
2130 2595 2286 2649 naturum
2324 2604 2410 2670 pure

932 2698 1142 2765 materialem
1176 2698 1249 2764 sive
1282 2697 1374 2764 circa
1409 2697 1586 2763 materiam
1622 2697 1768 2782 primam
1801 2720 1890 2783 quae
1922 2711 1975 2765 est
2007 2697 2213 2785 principium
2254 2698 2409 2765 omnium

932 2814 1157 2880 materialium
1185 2815 1417 2900 quaerebatur
1447 2832 1556 2878 unum
1574 2812 1592 2894 ¹,
1625 2812 1757 2879 scilicet
1788 2825 1900 2879 utrum
1931 2813 1993 2879 in²
2024 2814 2166 2881 materia
2197 2814 2306 2902 prima
2334 2814 2409 2903 ipsa

931 2942 1094 2997 manente
1129 2931 1164 2996 in
1199 2931 1323 2997 eadem
1359 2929 1511 2995 essentia
1542 2939 1576 2996 et
1603 2928 1726 2996 virtute
1758 2929 1793 2994 in
1825 2951 1894 3015 qua
1925 2952 2019 2996 nunc
2050 2941 2112 3010 est,
2141 2930 2264 2997 virtute
2289 2952 2408 3018 super·

931 3046 1096 3112 naturalis
1121 3047 1257 3136 agentis
1281 3045 1393 3132 possit
1409 3045 1481 3110 fieri
1498 3045 1609 3109 forma
1626 3056 1660 3111 et
1676 3045 1814 3131 species
1831 3047 1875 3111 ad
1893 3068 1995 3130 quam
2021 3068 2091 3111 non
2117 3056 2169 3112 est
2194 3045 2226 3111 in
2253 3046 2409 3133 potentia

932 3163 1079 3229 naturali
1117 3174 1279 3249 respectu
1315 3161 1414 3247 primi
1450 3160 1626 3227 alterantis
1662 3160 1735 3227 sive
1767 3161 1863 3227 caeli.
1903 3162 1946 3227 Et
1985 3163 2198 3250 arguebatur
2235 3162 2329 3249 quod
2373 3162 2407 3229 in

932 3279 1074 3345 materia
1098 3279 1218 3366 prima,
1243 3278 1320 3364 ipsa
1344 3288 1507 3343 manente
1531 3276 1566 3343 in
1594 3278 1717 3343 eadem
1743 3277 1895 3342 essentia
1927 3277 1961 3344 in
1994 3300 2062 3363 qua
2087 3299 2181 3344 nunc
2209 3291 2272 3358 est,
2297 3277 2408 3366 possit

930 3395 1005 3462 fieri
1036 3397 1148 3461 forma
1179 3407 1213 3461 et
1244 3393 1382 3481 speeies
1407 3395 1451 3459 ad
1476 3416 1580 3479 quam
1605 3416 1677 3460 non
1702 3392 1814 3459 estin
1839 3394 1995 3479 potentia
2019 3394 2188 3475 naturali;
2214 3393 2296 3480 quia
2319 3394 2409 3462 sicut

932 3494 1110 3577 sehabet
1141 3511 1176 3576 id
1200 3512 1295 3597 quod
1329 3521 1382 3576 est
1416 3509 1451 3575 in
1482 3510 1640 3595 potentia
1675 3509 1711 3575 in
1747 3531 1878 3597 genere
1908 3509 2146 3595 spiritualium,
2171 3509 2303 3578 scilicet
2334 3510 2409 3597 ipsa

932 3627 1047 3693 anima
1075 3627 1119 3692 ad
1147 3627 1382 3713 perfectiones
1407 3636 1442 3692 et
1465 3627 1594 3692 formas
1619 3625 1826 3712 spirituales
1851 3626 1902 3692 sic
1926 3647 1964 3692 se
1989 3627 2094 3693 habet
2118 3626 2152 3692 id
2177 3627 2272 3712 quod
2297 3627 2408 3694 estin

930 3743 1087 3830 potentia
1112 3743 1146 3808 in
1169 3765 1300 3831 genere
1324 3742 1567 3829 corporalium,
1592 3741 1724 3808 scilicet
1752 3742 1864 3828 prima
1883 3740 2026 3808 materia
2050 3742 2094 3808 ad
2119 3742 2351 3828 perfectiones
2375 3756 2409 3810 et

930 3861 1061 3925 formas
1078 3862 1263 3925 naturales.
1289 3861 1360 3926 Sed
1384 3859 1508 3925 virtute
1533 3859 1650 3924 divina
1667 3870 1783 3944 potest
1807 3858 1841 3924 in
1867 3858 1982 3924 anima
2005 3857 2077 3925 fieri
2102 3858 2216 3944 aliqua
2240 3859 2408 3946 perfectio

930 3976 1003 4041 sive
1033 3977 1143 4041 forma
1178 3977 1223 4041 ad
1258 3998 1362 4061 quam
1387 3997 1459 4040 non
1489 3987 1541 4041 est
1568 3975 1604 4040 in
1633 3975 1789 4061 potentia
1818 3975 2027 4056 naturaliter,
2060 3986 2180 4061 utpote
2210 3975 2322 4064 gratia
2354 3977 2407 4042 vel

930 4091 1066 4158 caritas.
1095 4093 1189 4181 Ergo
1213 4092 1367 4157 similiter
1390 4090 1425 4155 in
1449 4090 1593 4157 materia
1617 4091 1728 4177 prima
1751 4091 1875 4157 virtute
1899 4091 2016 4157 divina
2043 4091 2171 4177 poterit
2195 4090 2268 4157 fieri
2297 4092 2408 4158 forma

930 4208 1115 4276 materialis
1139 4209 1184 4273 ad
1208 4231 1312 4292 quam
1336 4228 1408 4272 non
1433 4218 1486 4272 est
1510 4206 1545 4272 in
1569 4207 1725 4292 potentia
1749 4207 1957 4273 naturaliter.

1019 4325 1160 4390 Contra.
1186 4324 1224 4391 Si
1256 4323 1290 4388 in
1316 4323 1456 4389 materia
1492 4323 1604 4409 possit
1637 4323 1711 4389 fieri
1741 4323 1857 4409 aliqua
1891 4323 1968 4388 talis
1993 4324 2103 4389 forma
2138 4324 2310 4409 adquam
2337 4347 2408 4391 non

929 4452 1024 4508 esset
1047 4439 1082 4506 in
1106 4440 1263 4527 potentia
1286 4438 1495 4518 naturaliter,
1524 4451 1584 4504 aut
1610 4441 1679 4507 hoc
1702 4439 1799 4506 fieret
1823 4461 1886 4525 per
1909 4439 2122 4505 additionem
2147 4462 2260 4506 novae
2285 4451 2408 4526 poten·

928 4555 1007 4637 tiae,
1043 4568 1077 4622 et
1121 4567 1204 4622 tunc
1239 4555 1414 4622 videretur
1454 4556 1583 4622 destrui
1624 4556 1821 4642 suppositio
1860 4555 2076 4641 quaestionis
2117 4555 2198 4641 quia
2233 4568 2410 4642 oporteret

928 4673 1105 4738 materiam
1125 4672 1137 4708 ³
1159 4672 1389 4739 essentialiter
1413 4672 1546 4752 variari,
1572 4695 1615 4738 eo
1640 4674 1736 4758 quod
1760 4672 1917 4758 potentia
1947 4671 2110 4738 materiae
2136 4672 2188 4738 vel
2215 4685 2268 4739 est
2292 4672 2406 4759 ipsum

927 4788 1065 4855 realiter
1087 4789 1182 4874 quod
1207 4789 1349 4855 materia
1372 4789 1427 4854 vel
1457 4801 1511 4855 est
1542 4788 1670 4873 aliquid
1702 4810 1926 4873 consequens
1954 4787 2186 4854 essentialiter
2217 4789 2407 4870 materiam,

928 4904 976 4971 ita
999 4905 1094 4990 quod
1118 4905 1164 4969 ad
1198 4904 1274 4970 eius
1310 4905 1534 4971 variationem
1566 4904 1722 4989 sequitur
1745 4903 1890 4970 variatio
1923 4903 2095 4970 materiae.
2121 4904 2158 4971 Si
2191 4917 2305 4971 autem
2338 4906 2408 4972 hoc

928 5020 1026 5087 fieret
1049 5021 1125 5086 sine
1148 5020 1328 5086 additione
1352 5043 1466 5085 novae
1491 5022 1679 5106 potentiae,
1705 5042 1790 5107 ergo
1814 5020 1881 5086 iarn
1907 5020 2043 5086 videtur
2058 5021 2152 5105 quod
2171 5019 2237 5085 iarn
2263 5020 2406 5087 materia

929 5139 974 5202 ad
997 5139 1100 5203 talem
1125 5138 1270 5201 formam
1295 5139 1339 5201 de
1363 5158 1402 5201 se
1426 5151 1499 5202 erat
1523 5137 1557 5202 in
1582 5137 1749 5222 putentia,
1774 5149 1808 5202 et
1832 5137 1878 5202 ita
1902 5158 1973 5202 non
1999 5137 2110 5202 sulum
2141 5137 2265 5202 virtute
2290 5137 2406 5203 divina

929 5254 993 5318 sed
1016 5253 1141 5318 virtute
1175 5253 1312 5340 agentis
1348 5252 1514 5317 naturalis
1549 5264 1671 5338 posset
1706 5252 1779 5319 fieri
1814 5252 2013 5317 huiusmodi
2043 5254 2153 5317 forma
2187 5253 2221 5319 in
2256 5253 2407 5320 materia,

1018 5369 1233 5454 Respondeo
1245 5369 1433 5434 dicendum
1448 5369 1543 5454 quod
1556 5390 1647 5449 cum,
1659 5370 1852 5435 secundum
1866 5368 2102 5458 Augustinum
2117 5373 2174 5453 (lt,
2188 5369 2408 5436 duodecimo⁴

1020 5683 1027 5714 ¹
1041 5699 1097 5735 om.
1110 5682 1142 5736 P.
1156 5714 1188 5721 -
1203 5683 1282 5735 ’rma
1296 5682 1326 5735 P.
1341 5713 1372 5721 -
1387 5683 1399 5713 ³
1411 5692 1544 5735 naturam
1558 5682 1589 5735 P.
1602 5714 1633 5720 -
1650 5682 1797 5752 ‘septimo
1812 5683 1874 5736 PV.

1017 5914 1057 5965 tlt
1086 5910 1284 5974 Augustini
1312 5910 1551 5978 (fonjessiomrm,
1566 5911 1583 5963 l.
1597 5910 1660 5973 xli,
1674 5927 1700 5963 c.
1713 5912 1729 5962 ῖ
1743 5910 1786 5962 «P.
1802 5910 1840 5972 L„
1856 5912 1911 5965 vul.
1925 5916 1968 5976 32,
1982 5914 2038 5966 col.
2053 5916 2191 5969 matu.
2208 5935 2219 5964 r
2232 5914 2275 5968 Tu
2290 5932 2363 5973 eras.
2378 5925 2407 5968 et

928 5998 1008 6052 aliud
1021 5998 1092 6052 nihil
1105 5998 1183 6051 unde
1196 5997 1293 6051 fecisti
1312 5999 1426 6051 caelum
1447 6008 1476 6051 et
1497 6008 1612 6061 terram,
1631 5998 1691 6050 duo
1711 5998 1874 6068 quaedam:
1895 6018 1982 6055 unum
2003 6019 2097 6073 prope
2112 6012 2150 6068 te,
2164 6003 2287 6059 alterum
2313 6022 2406 6079 prope
2455 6052 2461 6065 .

928 6085 1017 6150 nihil:
1029 6104 1118 6141 unum
1132 6104 1191 6161 quo
1206 6085 1341 6159 superior
1354 6096 1385 6139 ru
1398 6102 1490 6143 esses.
1505 6085 1628 6141 alterum
1642 6102 1702 6160 quo
1716 6084 1836 6141 inferius
1850 6088 1920 6145 nihil
1935 6100 2021 6146 esset.
2041 6114 2046 6129 -=
