<?xml version="1.0" encoding="UTF-8"?>
<!DOCTYPE html PUBLIC "-//W3C//DTD XHTML 1.0 Transitional//EN"
    "http://www.w3.org/TR/xhtml1/DTD/xhtml1-transitional.dtd">
<html xmlns="http://www.w3.org/1999/xhtml" xml:lang="en" lang="en">
 <head>
  <title>
</title>
<meta http-equiv="Content-Type" content="text/html;charset=utf-8" />
  <meta name='ocr-system' content='tesseract 3.04.00' />
  <meta name='ocr-capabilities' content='ocr_page ocr_carea ocr_par ocr_line ocrx_word'/>
</head>
<body>
  <div class='ocr_page' id='page_1' title='image "./lesquatrepremie00wulfgoog_0294.png"; bbox 0 0 6700 7992; ppageno 0'>
   <div class='ocr_carea' id='block_1_1' title="bbox 844 3002 1013 3128">
    <p class='ocr_par' dir='ltr' id='par_1_1' title="bbox 844 3002 1013 3128">
     <span class='ocr_line' id='line_1_1' title="bbox 876 3002 980 3057; baseline -0.019 0"><span class='ocrx_word' id='word_1_1' title='bbox 876 3002 940 3057; x_wconf 88' lang='lat' dir='ltr'>cod.</span> <span class='ocrx_word' id='word_1_2' title='bbox 955 3003 980 3055; x_wconf 84' lang='lat' dir='ltr'>V</span> 
     </span>
     <span class='ocr_line' id='line_1_2' title="bbox 844 3073 1013 3128; baseline 0 -1"><span class='ocrx_word' id='word_1_3' title='bbox 844 3073 893 3127; x_wconf 81' lang='lat' dir='ltr'>sol.</span> <span class='ocrx_word' id='word_1_4' title='bbox 907 3078 959 3128; x_wconf 70' lang='lat'>‘2813</span> <span class='ocrx_word' id='word_1_5' title='bbox 974 3074 1013 3127; x_wconf 81' lang='lat' dir='ltr'>Ra</span> 
     </span>
    </p>
   </div>
   <div class='ocr_carea' id='block_1_2' title="bbox 1032 1446 2144 1503">
    <p class='ocr_par' dir='ltr' id='par_1_2' title="bbox 1032 1446 2144 1503">
     <span class='ocr_line' id='line_1_3' title="bbox 1032 1446 2144 1503; baseline 0.001 -1"><span class='ocrx_word' id='word_1_6' title='bbox 1032 1450 1083 1502; x_wconf 76' lang='lat'>26⁶</span> <span class='ocrx_word' id='word_1_7' title='bbox 1397 1446 1587 1502; x_wconf 82' lang='lat' dir='ltr'>llAGlSTRI</span> <span class='ocrx_word' id='word_1_8' title='bbox 1616 1446 1836 1502; x_wconf 84' lang='lat' dir='ltr'>GODEFRlDI</span> <span class='ocrx_word' id='word_1_9' title='bbox 1866 1447 1916 1501; x_wconf 84' lang='lat' dir='ltr'>DE</span> <span class='ocrx_word' id='word_1_10' title='bbox 1945 1446 2144 1503; x_wconf 82' lang='lat' dir='ltr'>FONTlBUS</span> 
     </span>
    </p>
   </div>
   <div class='ocr_carea' id='block_1_3' title="bbox 1031 1626 2525 5074">
    <p class='ocr_par' dir='ltr' id='par_1_3' title="bbox 1031 1626 2509 2641">
     <span class='ocr_line' id='line_1_4' title="bbox 1031 1626 2506 1713; baseline 0.001 -19"><span class='ocrx_word' id='word_1_11' title='bbox 1031 1628 1085 1694; x_wconf 86' lang='lat' dir='ltr'>his</span> <span class='ocrx_word' id='word_1_12' title='bbox 1127 1629 1255 1694; x_wconf 89' lang='lat' dir='ltr'>nullam</span> <span class='ocrx_word' id='word_1_13' title='bbox 1295 1628 1423 1693; x_wconf 89' lang='lat' dir='ltr'>debere</span> <span class='ocrx_word' id='word_1_14' title='bbox 1462 1627 1535 1691; x_wconf 85' lang='lat' dir='ltr'>lieri</span> <span class='ocrx_word' id='word_1_15' title='bbox 1577 1626 1776 1692; x_wconf 85' lang='lat' dir='ltr'>hominibus</span> <span class='ocrx_word' id='word_1_16' title='bbox 1821 1627 2090 1707; x_wconf 83' lang='lat' dir='ltr'>oboedientiam,</span> <span class='ocrx_word' id='word_1_17' title='bbox 2131 1627 2295 1713; x_wconf 91' lang='lat' dir='ltr'>quoniam</span> <span class='ocrx_word' id='word_1_18' title='bbox 2337 1650 2404 1696; x_wconf 89' lang='lat' dir='ltr'>nec</span> <span class='ocrx_word' id='word_1_19' title='bbox 2449 1628 2506 1695; x_wconf 89' lang='lat' dir='ltr'>illa</span> 
     </span>
     <span class='ocr_line' id='line_1_5' title="bbox 1032 1743 2506 1828; baseline 0.001 -19"><span class='ocrx_word' id='word_1_20' title='bbox 1032 1745 1222 1811; x_wconf 90' lang='lat' dir='ltr'>omittenda</span> <span class='ocrx_word' id='word_1_21' title='bbox 1253 1755 1333 1809; x_wconf 87' lang='lat' dir='ltr'>sunt</span> <span class='ocrx_word' id='word_1_22' title='bbox 1363 1743 1464 1809; x_wconf 91' lang='lat' dir='ltr'>etiam</span> <span class='ocrx_word' id='word_1_23' title='bbox 1490 1765 1567 1808; x_wconf 89' lang='lat' dir='ltr'>cum</span> <span class='ocrx_word' id='word_1_24' title='bbox 1596 1743 1833 1828; x_wconf 89' lang='lat' dir='ltr'>probibentur,</span> <span class='ocrx_word' id='word_1_25' title='bbox 1866 1764 1932 1809; x_wconf 91' lang='lat' dir='ltr'>nec</span> <span class='ocrx_word' id='word_1_26' title='bbox 1964 1743 2028 1807; x_wconf 75' lang='lat' dir='ltr'>ista</span> <span class='ocrx_word' id='word_1_27' title='bbox 2058 1765 2134 1809; x_wconf 91' lang='lat' dir='ltr'>cum</span> <span class='ocrx_word' id='word_1_28' title='bbox 2161 1744 2323 1810; x_wconf 92' lang='lat' dir='ltr'>iubentur</span> <span class='ocrx_word' id='word_1_29' title='bbox 2352 1743 2506 1811; x_wconf 89' lang='lat' dir='ltr'>commit·</span> 
     </span>
     <span class='ocr_line' id='line_1_6' title="bbox 1031 1859 2506 1946; baseline -0.001 -19"><span class='ocrx_word' id='word_1_30' title='bbox 1031 1863 1146 1927; x_wconf 91' lang='lat' dir='ltr'>tenda.</span> <span class='ocrx_word' id='word_1_31' title='bbox 1172 1861 1226 1925; x_wconf 90' lang='lat' dir='ltr'>De</span> <span class='ocrx_word' id='word_1_32' title='bbox 1243 1860 1368 1925; x_wconf 84' lang='lat' dir='ltr'>talibus</span> <span class='ocrx_word' id='word_1_33' title='bbox 1386 1859 1487 1924; x_wconf 89' lang='lat' dir='ltr'>etiam</span> <span class='ocrx_word' id='word_1_34' title='bbox 1509 1859 1590 1924; x_wconf 93' lang='lat' dir='ltr'>dicit</span> <span class='ocrx_word' id='word_1_35' title='bbox 1607 1859 1906 1944; x_wconf 71' lang='lat' dir='ltr'>Philosophusll),</span> <span class='ocrx_word' id='word_1_36' title='bbox 1924 1860 2082 1924; x_wconf 87' lang='lat' dir='ltr'>secundo</span> <span class='ocrx_word' id='word_1_37' title='bbox 2100 1859 2314 1925; x_wconf 84' lang='lat' dir='ltr'>Ethicorum:</span> <span class='ocrx_word' id='word_1_38' title='bbox 2333 1862 2506 1946; x_wconf 81' lang='lat' dir='ltr'>quaedam</span> 
     </span>
     <span class='ocr_line' id='line_1_7' title="bbox 1032 1975 2507 2057; baseline 0.001 -14"><span class='ocrx_word' id='word_1_39' title='bbox 1032 1976 1216 2043; x_wconf 74' lang='lat' dir='ltr'>confestim</span> <span class='ocrx_word' id='word_1_40' title='bbox 1240 1976 1418 2041; x_wconf 80' lang='lat' dir='ltr'>nouiinata</span> <span class='ocrx_word' id='word_1_41' title='bbox 1454 1978 1641 2040; x_wconf 81' lang='lat' dir='ltr'>convoluta</span> <span class='ocrx_word' id='word_1_42' title='bbox 1672 1988 1753 2040; x_wconf 84' lang='lat' dir='ltr'>suut</span> <span class='ocrx_word' id='word_1_43' title='bbox 1784 1998 1863 2040; x_wconf 89' lang='lat' dir='ltr'>cum</span> <span class='ocrx_word' id='word_1_44' title='bbox 1896 1975 2033 2055; x_wconf 89' lang='lat' dir='ltr'>malitia,</span> <span class='ocrx_word' id='word_1_45' title='bbox 2066 1976 2282 2057; x_wconf 81' lang='lat' dir='ltr'>adulterium,</span> <span class='ocrx_word' id='word_1_46' title='bbox 2314 1977 2442 2043; x_wconf 87' lang='lat' dir='ltr'>furtum</span> <span class='ocrx_word' id='word_1_47' title='bbox 2473 1989 2507 2044; x_wconf 90' lang='lat' dir='ltr'>et</span> 
     </span>
     <span class='ocr_line' id='line_1_8' title="bbox 1031 2091 2507 2177; baseline 0 -18"><span class='ocrx_word' id='word_1_48' title='bbox 1031 2105 1156 2160; x_wconf 87' lang='lat' dir='ltr'>cetera.</span> <span class='ocrx_word' id='word_1_49' title='bbox 1181 2093 1281 2157; x_wconf 87' lang='lat' dir='ltr'>Haec</span> <span class='ocrx_word' id='word_1_50' title='bbox 1298 2091 1388 2157; x_wconf 92' lang='lat' dir='ltr'>enim</span> <span class='ocrx_word' id='word_1_51' title='bbox 1418 2103 1451 2156; x_wconf 91' lang='lat' dir='ltr'>et</span> <span class='ocrx_word' id='word_1_52' title='bbox 1479 2091 1595 2156; x_wconf 81' lang='lat' dir='ltr'>onmia</span> <span class='ocrx_word' id='word_1_53' title='bbox 1623 2091 1702 2156; x_wconf 88' lang='lat' dir='ltr'>talia</span> <span class='ocrx_word' id='word_1_54' title='bbox 1727 2093 1920 2157; x_wconf 88' lang='lat' dir='ltr'>secundum</span> <span class='ocrx_word' id='word_1_55' title='bbox 1949 2114 1988 2157; x_wconf 86' lang='lat' dir='ltr'>se</span> <span class='ocrx_word' id='word_1_56' title='bbox 2014 2092 2090 2177; x_wconf 91' lang='lat' dir='ltr'>ipsa</span> <span class='ocrx_word' id='word_1_57' title='bbox 2119 2094 2208 2157; x_wconf 84' lang='lat' dir='ltr'>mala</span> <span class='ocrx_word' id='word_1_58' title='bbox 2232 2104 2323 2173; x_wconf 89' lang='lat' dir='ltr'>sunt,</span> <span class='ocrx_word' id='word_1_59' title='bbox 2348 2095 2410 2159; x_wconf 89' lang='lat' dir='ltr'>sed</span> <span class='ocrx_word' id='word_1_60' title='bbox 2435 2115 2507 2159; x_wconf 90' lang='lat' dir='ltr'>non</span> 
     </span>
     <span class='ocr_line' id='line_1_9' title="bbox 1031 2207 2507 2294; baseline 0 -19"><span class='ocrx_word' id='word_1_61' title='bbox 1031 2207 1373 2294; x_wconf 79' lang='lat' dir='ltr'>superabundantiae</span> <span class='ocrx_word' id='word_1_62' title='bbox 1406 2208 1559 2293; x_wconf 84' lang='lat' dir='ltr'>ipsorum</span> <span class='ocrx_word' id='word_1_63' title='bbox 1592 2229 1706 2292; x_wconf 90' lang='lat' dir='ltr'>neque</span> <span class='ocrx_word' id='word_1_64' title='bbox 1738 2208 1897 2272; x_wconf 88' lang='lat' dir='ltr'>defectus</span> <span class='ocrx_word' id='word_1_65' title='bbox 1929 2230 2035 2292; x_wconf 87' lang='lat' dir='ltr'>quare</span> <span class='ocrx_word' id='word_1_66' title='bbox 2069 2231 2183 2293; x_wconf 92' lang='lat' dir='ltr'>neque</span> <span class='ocrx_word' id='word_1_67' title='bbox 2214 2208 2394 2275; x_wconf 83' lang='lat' dir='ltr'>medietas</span> <span class='ocrx_word' id='word_1_68' title='bbox 2427 2210 2507 2275; x_wconf 93' lang='lat' dir='ltr'>Non</span> 
     </span>
     <span class='ocr_line' id='line_1_10' title="bbox 1032 2322 2507 2413; baseline 0 -22"><span class='ocrx_word' id='word_1_69' title='bbox 1032 2347 1117 2413; x_wconf 79' lang='lat' dir='ltr'>ergo</span> <span class='ocrx_word' id='word_1_70' title='bbox 1135 2336 1188 2390; x_wconf 89' lang='lat' dir='ltr'>est</span> <span class='ocrx_word' id='word_1_71' title='bbox 1216 2324 1307 2389; x_wconf 86' lang='lat' dir='ltr'>circa</span> <span class='ocrx_word' id='word_1_72' title='bbox 1330 2325 1399 2389; x_wconf 84' lang='lat' dir='ltr'>lroc</span> <span class='ocrx_word' id='word_1_73' title='bbox 1419 2322 1578 2406; x_wconf 63' lang='lat' dir='ltr'>dirigere,</span> <span class='ocrx_word' id='word_1_74' title='bbox 1607 2325 1669 2388; x_wconf 85' lang='lat' dir='ltr'>sed</span> <span class='ocrx_word' id='word_1_75' title='bbox 1688 2345 1825 2408; x_wconf 89' lang='lat' dir='ltr'>semper</span> <span class='ocrx_word' id='word_1_76' title='bbox 1851 2345 2007 2408; x_wconf 88' lang='lat' dir='ltr'>peccare,</span> <span class='ocrx_word' id='word_1_77' title='bbox 2033 2346 2148 2408; x_wconf 89' lang='lat' dir='ltr'>neque</span> <span class='ocrx_word' id='word_1_78' title='bbox 2173 2336 2224 2389; x_wconf 85' lang='lat' dir='ltr'>est</span> <span class='ocrx_word' id='word_1_79' title='bbox 2248 2326 2340 2390; x_wconf 89' lang='lat' dir='ltr'>bene</span> <span class='ocrx_word' id='word_1_80' title='bbox 2356 2325 2410 2391; x_wconf 90' lang='lat' dir='ltr'>vel</span> <span class='ocrx_word' id='word_1_81' title='bbox 2435 2347 2507 2391; x_wconf 92' lang='lat' dir='ltr'>non</span> 
     </span>
     <span class='ocr_line' id='line_1_11' title="bbox 1031 2439 2509 2527; baseline -0.001 -20"><span class='ocrx_word' id='word_1_82' title='bbox 1031 2444 1122 2507; x_wconf 89' lang='lat' dir='ltr'>bene</span> <span class='ocrx_word' id='word_1_83' title='bbox 1147 2441 1238 2506; x_wconf 90' lang='lat' dir='ltr'>circa</span> <span class='ocrx_word' id='word_1_84' title='bbox 1262 2439 1341 2504; x_wconf 85' lang='lat' dir='ltr'>talia</span> <span class='ocrx_word' id='word_1_85' title='bbox 1359 2439 1392 2503; x_wconf 90' lang='lat' dir='ltr'>in</span> <span class='ocrx_word' id='word_1_86' title='bbox 1411 2461 1453 2503; x_wconf 91' lang='lat' dir='ltr'>eo</span> <span class='ocrx_word' id='word_1_87' title='bbox 1479 2441 1574 2523; x_wconf 80' lang='lat' dir='ltr'>qurul</span> <span class='ocrx_word' id='word_1_88' title='bbox 1599 2451 1747 2524; x_wconf 81' lang='lat' dir='ltr'>oportet,</span> <span class='ocrx_word' id='word_1_89' title='bbox 1774 2441 1915 2523; x_wconf 90' lang='lat' dir='ltr'>quando</span> <span class='ocrx_word' id='word_1_90' title='bbox 1941 2451 1974 2505; x_wconf 90' lang='lat' dir='ltr'>et</span> <span class='ocrx_word' id='word_1_91' title='bbox 2001 2441 2194 2525; x_wconf 74' lang='grc' dir='ltr'>ιμιοινιοιίιις</span> <span class='ocrx_word' id='word_1_92' title='bbox 2220 2442 2282 2506; x_wconf 88' lang='lat' dir='ltr'>sed</span> <span class='ocrx_word' id='word_1_93' title='bbox 2308 2441 2509 2527; x_wconf 85' lang='lat' dir='ltr'>simpliciter</span> 
     </span>
     <span class='ocr_line' id='line_1_12' title="bbox 1032 2557 1864 2641; baseline -0.004 -19"><span class='ocrx_word' id='word_1_94' title='bbox 1032 2558 1148 2622; x_wconf 84' lang='lat' dir='ltr'>facere</span> <span class='ocrx_word' id='word_1_95' title='bbox 1173 2557 1420 2641; x_wconf 91' lang='lat' dir='ltr'>quodcumque</span> <span class='ocrx_word' id='word_1_96' title='bbox 1444 2557 1568 2619; x_wconf 82' lang='lat' dir='ltr'>horum</span> <span class='ocrx_word' id='word_1_97' title='bbox 1595 2569 1777 2640; x_wconf 87' lang='lat' dir='ltr'>peecatum</span> <span class='ocrx_word' id='word_1_98' title='bbox 1803 2567 1864 2619; x_wconf 79' lang='lat' dir='ltr'>est.</span> 
     </span>
    </p>

    <p class='ocr_par' dir='ltr' id='par_1_4' title="bbox 1033 2671 2512 4360">
     <span class='ocr_line' id='line_1_13' title="bbox 1122 2671 2507 2756; baseline 0.001 -20"><span class='ocrx_word' id='word_1_99' title='bbox 1122 2672 1313 2754; x_wconf 81' lang='lat' dir='ltr'>Quomodo</span> <span class='ocrx_word' id='word_1_100' title='bbox 1345 2682 1460 2735; x_wconf 88' lang='lat' dir='ltr'>autem</span> <span class='ocrx_word' id='word_1_101' title='bbox 1492 2692 1530 2735; x_wconf 85' lang='lat' dir='ltr'>se</span> <span class='ocrx_word' id='word_1_102' title='bbox 1562 2672 1667 2736; x_wconf 87' lang='lat' dir='ltr'>debet</span> <span class='ocrx_word' id='word_1_103' title='bbox 1703 2672 1832 2736; x_wconf 86' lang='lat' dir='ltr'>babere</span> <span class='ocrx_word' id='word_1_104' title='bbox 1857 2671 1991 2755; x_wconf 80' lang='lat' dir='ltr'>aliquis,</span> <span class='ocrx_word' id='word_1_105' title='bbox 2025 2673 2077 2737; x_wconf 81' lang='lat' dir='ltr'>vel</span> <span class='ocrx_word' id='word_1_106' title='bbox 2114 2672 2196 2756; x_wconf 90' lang='lat' dir='ltr'>quid</span> <span class='ocrx_word' id='word_1_107' title='bbox 2230 2673 2428 2738; x_wconf 83' lang='lat' dir='ltr'>faciendum</span> <span class='ocrx_word' id='word_1_108' title='bbox 2455 2675 2507 2739; x_wconf 86' lang='lat' dir='ltr'>vel</span> 
     </span>
     <span class='ocr_line' id='line_1_14' title="bbox 1033 2787 2509 2874; baseline 0.001 -21"><span class='ocrx_word' id='word_1_109' title='bbox 1033 2788 1106 2853; x_wconf 87' lang='lat' dir='ltr'>lieri</span> <span class='ocrx_word' id='word_1_110' title='bbox 1138 2787 1248 2873; x_wconf 78' lang='lat' dir='ltr'>possit</span> <span class='ocrx_word' id='word_1_111' title='bbox 1281 2798 1447 2871; x_wconf 89' lang='lat' dir='ltr'>quantum</span> <span class='ocrx_word' id='word_1_112' title='bbox 1473 2789 1516 2851; x_wconf 87' lang='lat' dir='ltr'>a‹l</span> <span class='ocrx_word' id='word_1_113' title='bbox 1542 2788 1664 2850; x_wconf 84' lang='lat' dir='ltr'>liorum</span> <span class='ocrx_word' id='word_1_114' title='bbox 1691 2787 2023 2867; x_wconf 84' lang='lat' dir='ltr'>determiruttiunem,</span> <span class='ocrx_word' id='word_1_115' title='bbox 2049 2788 2131 2852; x_wconf 88' lang='lat' dir='ltr'>nihil</span> <span class='ocrx_word' id='word_1_116' title='bbox 2156 2790 2201 2852; x_wconf 86' lang='lat' dir='ltr'>ad</span> <span class='ocrx_word' id='word_1_117' title='bbox 2226 2810 2403 2874; x_wconf 83' lang='lat' dir='ltr'>praesens.</span> <span class='ocrx_word' id='word_1_118' title='bbox 2430 2790 2509 2855; x_wconf 88' lang='lat' dir='ltr'>Hoc</span> 
     </span>
     <span class='ocr_line' id='line_1_15' title="bbox 1033 2902 2510 2989; baseline 0 -19"><span class='ocrx_word' id='word_1_119' title='bbox 1033 2903 1209 2970; x_wconf 89' lang='lat' dir='ltr'>tamenin</span> <span class='ocrx_word' id='word_1_120' title='bbox 1241 2903 1425 2968; x_wconf 85' lang='lat' dir='ltr'>universali</span> <span class='ocrx_word' id='word_1_121' title='bbox 1451 2902 1519 2967; x_wconf 82' lang='lat' dir='ltr'>(lici</span> <span class='ocrx_word' id='word_1_122' title='bbox 1559 2914 1674 2987; x_wconf 81' lang='lat' dir='ltr'>potest</span> <span class='ocrx_word' id='word_1_123' title='bbox 1707 2905 1801 2986; x_wconf 80' lang='lat' dir='ltr'>(prod</span> <span class='ocrx_word' id='word_1_124' title='bbox 1838 2915 2003 2987; x_wconf 87' lang='lat' dir='ltr'>quantum</span> <span class='ocrx_word' id='word_1_125' title='bbox 2045 2905 2089 2969; x_wconf 93' lang='lat' dir='ltr'>ad</span> <span class='ocrx_word' id='word_1_126' title='bbox 2122 2904 2271 2989; x_wconf 83' lang='lat' dir='ltr'>aliquam</span> <span class='ocrx_word' id='word_1_127' title='bbox 2305 2905 2510 2970; x_wconf 85' lang='lat' dir='ltr'>determina·</span> 
     </span>
     <span class='ocr_line' id='line_1_16' title="bbox 1034 3018 2510 3107; baseline -0.001 -22"><span class='ocrx_word' id='word_1_128' title='bbox 1034 3021 1163 3086; x_wconf 88' lang='lat' dir='ltr'>tionem</span> <span class='ocrx_word' id='word_1_129' title='bbox 1190 3022 1311 3083; x_wconf 87' lang='lat' dir='ltr'>borum</span> <span class='ocrx_word' id='word_1_130' title='bbox 1337 3041 1399 3103; x_wconf 87' lang='lat' dir='ltr'>per</span> <span class='ocrx_word' id='word_1_131' title='bbox 1423 3018 1691 3103; x_wconf 78' lang='lat' dir='ltr'>applicationem</span> <span class='ocrx_word' id='word_1_132' title='bbox 1717 3021 1761 3083; x_wconf 90' lang='lat' dir='ltr'>ad</span> <span class='ocrx_word' id='word_1_133' title='bbox 1785 3019 1888 3107; x_wconf 73' lang='lat' dir='ltr'>singu</span> <span class='ocrx_word' id='word_1_134' title='bbox 1910 3023 1913 3102; x_wconf 77' lang='lat' dir='ltr'>l</span> <span class='ocrx_word' id='word_1_135' title='bbox 1936 3020 1988 3083; x_wconf 84' lang='lat' dir='ltr'>los</span> <span class='ocrx_word' id='word_1_136' title='bbox 2013 3032 2122 3099; x_wconf 79' lang='lat' dir='ltr'>actus,</span> <span class='ocrx_word' id='word_1_137' title='bbox 2149 3032 2183 3085; x_wconf 87' lang='lat' dir='ltr'>ut</span> <span class='ocrx_word' id='word_1_138' title='bbox 2208 3020 2339 3086; x_wconf 90' lang='lat' dir='ltr'>scilicet</span> <span class='ocrx_word' id='word_1_139' title='bbox 2363 3022 2432 3087; x_wconf 88' lang='lat' dir='ltr'>hoc</span> <span class='ocrx_word' id='word_1_140' title='bbox 2457 3021 2510 3087; x_wconf 90' lang='lat' dir='ltr'>vel</span> 
     </span>
     <span class='ocr_line' id='line_1_17' title="bbox 1034 3134 2510 3220; baseline 0.001 -20"><span class='ocrx_word' id='word_1_141' title='bbox 1034 3137 1116 3201; x_wconf 91' lang='lat' dir='ltr'>illud</span> <span class='ocrx_word' id='word_1_142' title='bbox 1142 3136 1185 3200; x_wconf 87' lang='lat' dir='ltr'>sit</span> <span class='ocrx_word' id='word_1_143' title='bbox 1208 3134 1432 3199; x_wconf 86' lang='lat' dir='ltr'>homicidium</span> <span class='ocrx_word' id='word_1_144' title='bbox 1461 3136 1515 3199; x_wconf 77' lang='lat' dir='ltr'>vel</span> <span class='ocrx_word' id='word_1_145' title='bbox 1544 3135 1670 3199; x_wconf 81' lang='lat' dir='ltr'>furtum</span> <span class='ocrx_word' id='word_1_146' title='bbox 1697 3137 1748 3198; x_wconf 81' lang='lat' dir='ltr'>vel</span> <span class='ocrx_word' id='word_1_147' title='bbox 1775 3135 1895 3220; x_wconf 86' lang='lat' dir='ltr'>rapina</span> <span class='ocrx_word' id='word_1_148' title='bbox 1912 3136 1966 3200; x_wconf 85' lang='lat' dir='ltr'>vel</span> <span class='ocrx_word' id='word_1_149' title='bbox 1995 3135 2201 3201; x_wconf 82' lang='lat' dir='ltr'>adulterium</span> <span class='ocrx_word' id='word_1_150' title='bbox 2227 3148 2286 3201; x_wconf 92' lang='lat' dir='ltr'>aut</span> <span class='ocrx_word' id='word_1_151' title='bbox 2314 3159 2397 3217; x_wconf 90' lang='lat' dir='ltr'>non,</span> <span class='ocrx_word' id='word_1_152' title='bbox 2422 3139 2510 3202; x_wconf 85' lang='lat' dir='ltr'>lraec</span> 
     </span>
     <span class='ocr_line' id='line_1_18' title="bbox 1035 3250 2511 3337; baseline 0.002 -23"><span class='ocrx_word' id='word_1_153' title='bbox 1035 3263 1116 3316; x_wconf 87' lang='lat' dir='ltr'>sunt</span> <span class='ocrx_word' id='word_1_154' title='bbox 1141 3251 1316 3315; x_wconf 82' lang='lat' dir='ltr'>mutabilia</span> <span class='ocrx_word' id='word_1_155' title='bbox 1336 3250 1524 3334; x_wconf 89' lang='lat' dir='ltr'>aliquando</span> <span class='ocrx_word' id='word_1_156' title='bbox 1549 3251 1623 3313; x_wconf 84' lang='lat' dir='ltr'>sola</span> <span class='ocrx_word' id='word_1_157' title='bbox 1648 3251 1851 3314; x_wconf 88' lang='lat' dir='ltr'>auctoritate</span> <span class='ocrx_word' id='word_1_158' title='bbox 1877 3251 2003 3329; x_wconf 83' lang='lat' dir='ltr'>diuina,</span> <span class='ocrx_word' id='word_1_159' title='bbox 2030 3265 2065 3316; x_wconf 92' lang='lat' dir='ltr'>ut</span> <span class='ocrx_word' id='word_1_160' title='bbox 2090 3253 2219 3317; x_wconf 88' lang='lat' dir='ltr'>babere</span> <span class='ocrx_word' id='word_1_161' title='bbox 2243 3253 2360 3337; x_wconf 83' lang='lat' dir='ltr'>plures</span> <span class='ocrx_word' id='word_1_162' title='bbox 2385 3275 2511 3319; x_wconf 84' lang='lat' dir='ltr'>uxores</span> 
     </span>
     <span class='ocr_line' id='line_1_19' title="bbox 1034 3366 2510 3454; baseline 0.001 -22"><span class='ocrx_word' id='word_1_163' title='bbox 1034 3369 1087 3433; x_wconf 89' lang='lat' dir='ltr'>vel</span> <span class='ocrx_word' id='word_1_164' title='bbox 1113 3366 1322 3446; x_wconf 88' lang='lat' dir='ltr'>huiusmodi,</span> <span class='ocrx_word' id='word_1_165' title='bbox 1348 3366 1535 3450; x_wconf 89' lang='lat' dir='ltr'>aliquando</span> <span class='ocrx_word' id='word_1_166' title='bbox 1561 3377 1594 3431; x_wconf 83' lang='lat' dir='ltr'>et</span> <span class='ocrx_word' id='word_1_167' title='bbox 1611 3368 1654 3430; x_wconf 91' lang='lat' dir='ltr'>ab</span> <span class='ocrx_word' id='word_1_168' title='bbox 1675 3366 1826 3446; x_wconf 88' lang='lat' dir='ltr'>bomine,</span> <span class='ocrx_word' id='word_1_169' title='bbox 1845 3379 1880 3431; x_wconf 91' lang='lat' dir='ltr'>ut</span> <span class='ocrx_word' id='word_1_170' title='bbox 1897 3389 1975 3431; x_wconf 83' lang='lat' dir='ltr'>cum</span> <span class='ocrx_word' id='word_1_171' title='bbox 2002 3382 2143 3453; x_wconf 80' lang='lat' dir='ltr'>pnqiter</span> <span class='ocrx_word' id='word_1_172' title='bbox 2159 3368 2320 3433; x_wconf 89' lang='lat' dir='ltr'>delictum</span> <span class='ocrx_word' id='word_1_173' title='bbox 2337 3390 2510 3454; x_wconf 85' lang='lat' dir='ltr'>personae</span> 
     </span>
     <span class='ocr_line' id='line_1_20' title="bbox 1034 3481 2511 3567; baseline 0.001 -19"><span class='ocrx_word' id='word_1_174' title='bbox 1034 3507 1106 3548; x_wconf 93' lang='lat' dir='ltr'>non</span> <span class='ocrx_word' id='word_1_175' title='bbox 1124 3484 1236 3549; x_wconf 86' lang='lat' dir='ltr'>solum</span> <span class='ocrx_word' id='word_1_176' title='bbox 1262 3494 1411 3547; x_wconf 88' lang='lat' dir='ltr'>meretur</span> <span class='ocrx_word' id='word_1_177' title='bbox 1435 3482 1548 3567; x_wconf 88' lang='lat' dir='ltr'>puniri</span> <span class='ocrx_word' id='word_1_178' title='bbox 1575 3481 1607 3545; x_wconf 90' lang='lat' dir='ltr'>in</span> <span class='ocrx_word' id='word_1_179' title='bbox 1642 3503 1789 3567; x_wconf 73' lang='lat' dir='ltr'>torpore</span> <span class='ocrx_word' id='word_1_180' title='bbox 1818 3496 1853 3548; x_wconf 92' lang='lat' dir='ltr'>ut</span> <span class='ocrx_word' id='word_1_181' title='bbox 1879 3483 2058 3547; x_wconf 82' lang='lat' dir='ltr'>occidatur</span> <span class='ocrx_word' id='word_1_182' title='bbox 2086 3484 2304 3567; x_wconf 93' lang='lat' dir='ltr'>inquantum</span> <span class='ocrx_word' id='word_1_183' title='bbox 2334 3485 2511 3550; x_wconf 88' lang='lat' dir='ltr'>maleticus</span> 
     </span>
     <span class='ocr_line' id='line_1_21' title="bbox 1035 3598 2511 3685; baseline 0.001 -20"><span class='ocrx_word' id='word_1_184' title='bbox 1035 3600 1093 3665; x_wconf 88' lang='lat' dir='ltr'>tali</span> <span class='ocrx_word' id='word_1_185' title='bbox 1120 3601 1173 3664; x_wconf 85' lang='lat' dir='ltr'>vel</span> <span class='ocrx_word' id='word_1_186' title='bbox 1200 3599 1257 3664; x_wconf 86' lang='lat' dir='ltr'>tali</span> <span class='ocrx_word' id='word_1_187' title='bbox 1286 3598 1466 3677; x_wconf 80' lang='lat' dir='ltr'>maleficia,</span> <span class='ocrx_word' id='word_1_188' title='bbox 1495 3598 1558 3663; x_wconf 86' lang='lat' dir='ltr'>sed</span> <span class='ocrx_word' id='word_1_189' title='bbox 1584 3598 1685 3662; x_wconf 87' lang='lat' dir='ltr'>etiam</span> <span class='ocrx_word' id='word_1_190' title='bbox 1712 3599 1745 3662; x_wconf 92' lang='lat' dir='ltr'>iu</span> <span class='ocrx_word' id='word_1_191' title='bbox 1775 3598 1877 3662; x_wconf 80' lang='lat' dir='ltr'>bonis</span> <span class='ocrx_word' id='word_1_192' title='bbox 1907 3611 1942 3663; x_wconf 92' lang='lat' dir='ltr'>ut</span> <span class='ocrx_word' id='word_1_193' title='bbox 1971 3599 2000 3663; x_wconf 93' lang='lat' dir='ltr'>ei</span> <span class='ocrx_word' id='word_1_194' title='bbox 2031 3601 2163 3683; x_wconf 80' lang='lat' dir='ltr'>absque</span> <span class='ocrx_word' id='word_1_195' title='bbox 2195 3612 2341 3685; x_wconf 88' lang='lat' dir='ltr'>peccato</span> <span class='ocrx_word' id='word_1_196' title='bbox 2369 3600 2511 3685; x_wconf 90' lang='lat' dir='ltr'>rapinae</span> 
     </span>
     <span class='ocr_line' id='line_1_22' title="bbox 1036 3715 2511 3800; baseline 0.001 -20"><span class='ocrx_word' id='word_1_197' title='bbox 1036 3717 1237 3781; x_wconf 86' lang='lat' dir='ltr'>auferantur</span> <span class='ocrx_word' id='word_1_198' title='bbox 1252 3736 1316 3779; x_wconf 85' lang='lat' dir='ltr'>sua</span> <span class='ocrx_word' id='word_1_199' title='bbox 1340 3735 1429 3799; x_wconf 91' lang='lat' dir='ltr'>quae</span> <span class='ocrx_word' id='word_1_200' title='bbox 1454 3715 1601 3778; x_wconf 86' lang='lat' dir='ltr'>heredes</span> <span class='ocrx_word' id='word_1_201' title='bbox 1626 3716 1755 3779; x_wconf 88' lang='lat' dir='ltr'>babere</span> <span class='ocrx_word' id='word_1_202' title='bbox 1781 3715 1948 3779; x_wconf 85' lang='lat' dir='ltr'>deberent</span> <span class='ocrx_word' id='word_1_203' title='bbox 1973 3727 2005 3779; x_wconf 88' lang='lat' dir='ltr'>et</span> <span class='ocrx_word' id='word_1_204' title='bbox 2030 3726 2155 3792; x_wconf 82' lang='lat' dir='ltr'>cetera,</span> <span class='ocrx_word' id='word_1_205' title='bbox 2172 3716 2226 3781; x_wconf 84' lang='lat' dir='ltr'>vel</span> <span class='ocrx_word' id='word_1_206' title='bbox 2242 3719 2337 3800; x_wconf 78' lang='lat' dir='ltr'>(prod</span> <span class='ocrx_word' id='word_1_207' title='bbox 2355 3728 2511 3781; x_wconf 90' lang='lat' dir='ltr'>mutuum</span> 
     </span>
     <span class='ocr_line' id='line_1_23' title="bbox 1036 3829 2510 3919; baseline 0 -23"><span class='ocrx_word' id='word_1_208' title='bbox 1036 3831 1203 3919; x_wconf 88' lang='lat' dir='ltr'>proditori</span> <span class='ocrx_word' id='word_1_209' title='bbox 1228 3829 1359 3916; x_wconf 88' lang='lat' dir='ltr'>patriae</span> <span class='ocrx_word' id='word_1_210' title='bbox 1383 3852 1453 3894; x_wconf 90' lang='lat' dir='ltr'>non</span> <span class='ocrx_word' id='word_1_211' title='bbox 1485 3831 1649 3894; x_wconf 86' lang='lat' dir='ltr'>reddatur</span> <span class='ocrx_word' id='word_1_212' title='bbox 1681 3841 1714 3894; x_wconf 88' lang='lat' dir='ltr'>et</span> <span class='ocrx_word' id='word_1_213' title='bbox 1745 3843 1870 3894; x_wconf 74' lang='lat' dir='ltr'>cetera.</span> <span class='ocrx_word' id='word_1_214' title='bbox 1896 3831 1932 3894; x_wconf 73' lang='lat' dir='ltr'>Si</span> <span class='ocrx_word' id='word_1_215' title='bbox 1965 3831 2055 3894; x_wconf 86' lang='lat' dir='ltr'>euim</span> <span class='ocrx_word' id='word_1_216' title='bbox 2085 3831 2186 3896; x_wconf 87' lang='lat' dir='ltr'>alicui</span> <span class='ocrx_word' id='word_1_217' title='bbox 2211 3833 2386 3896; x_wconf 79' lang='lat' dir='ltr'>auferatur</span> <span class='ocrx_word' id='word_1_218' title='bbox 2417 3834 2510 3918; x_wconf 88' lang='lat' dir='ltr'>quod</span> 
     </span>
     <span class='ocr_line' id='line_1_24' title="bbox 1036 3945 2512 4029; baseline 0.001 -18"><span class='ocrx_word' id='word_1_219' title='bbox 1036 3969 1138 4011; x_wconf 88' lang='lat' dir='ltr'>suum</span> <span class='ocrx_word' id='word_1_220' title='bbox 1166 3957 1248 4026; x_wconf 90' lang='lat' dir='ltr'>erat,</span> <span class='ocrx_word' id='word_1_221' title='bbox 1273 3945 1302 4010; x_wconf 89' lang='lat' dir='ltr'>si</span> <span class='ocrx_word' id='word_1_222' title='bbox 1341 3945 1495 4010; x_wconf 86' lang='lat' dir='ltr'>debitum</span> <span class='ocrx_word' id='word_1_223' title='bbox 1536 3958 1608 4010; x_wconf 89' lang='lat' dir='ltr'>erat</span> <span class='ocrx_word' id='word_1_224' title='bbox 1648 3947 1742 4029; x_wconf 83' lang='lat' dir='ltr'>quod</span> <span class='ocrx_word' id='word_1_225' title='bbox 1783 3946 1864 4010; x_wconf 88' lang='lat' dir='ltr'>illud</span> <span class='ocrx_word' id='word_1_226' title='bbox 1902 3947 2081 4025; x_wconf 87' lang='lat' dir='ltr'>amitteret,</span> <span class='ocrx_word' id='word_1_227' title='bbox 2111 3969 2180 4011; x_wconf 91' lang='lat' dir='ltr'>non</span> <span class='ocrx_word' id='word_1_228' title='bbox 2214 3962 2265 4012; x_wconf 85' lang='lat' dir='ltr'>est</span> <span class='ocrx_word' id='word_1_229' title='bbox 2306 3949 2431 4013; x_wconf 85' lang='lat' dir='ltr'>lurtum</span> <span class='ocrx_word' id='word_1_230' title='bbox 2458 3949 2512 4014; x_wconf 86' lang='lat' dir='ltr'>vei</span> 
     </span>
     <span class='ocr_line' id='line_1_25' title="bbox 1037 4061 2511 4149; baseline 0.001 -21"><span class='ocrx_word' id='word_1_231' title='bbox 1037 4062 1158 4149; x_wconf 88' lang='lat' dir='ltr'>rapina</span> <span class='ocrx_word' id='word_1_232' title='bbox 1196 4084 1286 4147; x_wconf 87' lang='lat' dir='ltr'>quae</span> <span class='ocrx_word' id='word_1_233' title='bbox 1326 4073 1514 4146; x_wconf 87' lang='lat' dir='ltr'>praecepto</span> <span class='ocrx_word' id='word_1_234' title='bbox 1555 4061 1713 4143; x_wconf 62' lang='lat' dir='ltr'>decalogi</span> <span class='ocrx_word' id='word_1_235' title='bbox 1756 4062 1991 4145; x_wconf 82' lang='lat' dir='ltr'>probibentur.</span> <span class='ocrx_word' id='word_1_236' title='bbox 2033 4063 2135 4127; x_wconf 68' lang='lat' dir='ltr'>Unde</span> <span class='ocrx_word' id='word_1_237' title='bbox 2176 4084 2253 4127; x_wconf 89' lang='lat' dir='ltr'>cum</span> <span class='ocrx_word' id='word_1_238' title='bbox 2294 4064 2371 4128; x_wconf 86' lang='lat' dir='ltr'>liliis</span> <span class='ocrx_word' id='word_1_239' title='bbox 2410 4065 2511 4129; x_wconf 84' lang='lat' dir='ltr'>lsrael</span> 
     </span>
     <span class='ocr_line' id='line_1_26' title="bbox 1036 4177 2512 4265; baseline 0.001 -22"><span class='ocrx_word' id='word_1_240' title='bbox 1036 4189 1224 4264; x_wconf 88' lang='lat' dir='ltr'>praecepto</span> <span class='ocrx_word' id='word_1_241' title='bbox 1254 4177 1318 4242; x_wconf 87' lang='lat' dir='ltr'>Dei</span> <span class='ocrx_word' id='word_1_242' title='bbox 1344 4177 1596 4261; x_wconf 70' lang='lat' dir='ltr'>Aegyptiorum</span> <span class='ocrx_word' id='word_1_243' title='bbox 1622 4178 1772 4241; x_wconf 78' lang='lat' dir='ltr'>tulmuut</span> <span class='ocrx_word' id='word_1_244' title='bbox 1790 4178 1910 4262; x_wconf 82' lang='lat' dir='ltr'>spolia,</span> <span class='ocrx_word' id='word_1_245' title='bbox 1929 4201 1998 4241; x_wconf 90' lang='lat' dir='ltr'>non</span> <span class='ocrx_word' id='word_1_246' title='bbox 2024 4178 2086 4242; x_wconf 86' lang='lat' dir='ltr'>fuit</span> <span class='ocrx_word' id='word_1_247' title='bbox 2109 4180 2246 4259; x_wconf 87' lang='lat' dir='ltr'>furtum,</span> <span class='ocrx_word' id='word_1_248' title='bbox 2264 4180 2344 4265; x_wconf 89' lang='lat' dir='ltr'>quia</span> <span class='ocrx_word' id='word_1_249' title='bbox 2368 4181 2437 4245; x_wconf 79' lang='lat' dir='ltr'>lioc</span> <span class='ocrx_word' id='word_1_250' title='bbox 2463 4180 2512 4246; x_wconf 87' lang='lat' dir='ltr'>eis</span> 
     </span>
     <span class='ocr_line' id='line_1_27' title="bbox 1037 4292 1644 4360; baseline -0.003 -1"><span class='ocrx_word' id='word_1_251' title='bbox 1037 4295 1230 4360; x_wconf 87' lang='lat' dir='ltr'>debebatur</span> <span class='ocrx_word' id='word_1_252' title='bbox 1254 4315 1295 4358; x_wconf 84' lang='lat' dir='ltr'>ex</span> <span class='ocrx_word' id='word_1_253' title='bbox 1320 4292 1493 4358; x_wconf 85' lang='lat' dir='ltr'>sententia</span> <span class='ocrx_word' id='word_1_254' title='bbox 1518 4292 1644 4357; x_wconf 81' lang='lat' dir='ltr'>divina.</span> 
     </span>
    </p>

    <p class='ocr_par' dir='ltr' id='par_1_5' title="bbox 1036 4409 2525 5074">
     <span class='ocr_line' id='line_1_28' title="bbox 1125 4409 2512 4495; baseline 0.001 -21"><span class='ocrx_word' id='word_1_255' title='bbox 1125 4411 1308 4493; x_wconf 77' lang='lat' dir='ltr'>Quaedam</span> <span class='ocrx_word' id='word_1_256' title='bbox 1341 4419 1456 4473; x_wconf 88' lang='lat' dir='ltr'>autern</span> <span class='ocrx_word' id='word_1_257' title='bbox 1482 4422 1562 4473; x_wconf 85' lang='lat' dir='ltr'>sunt</span> <span class='ocrx_word' id='word_1_258' title='bbox 1587 4409 1680 4472; x_wconf 88' lang='lat' dir='ltr'>bona</span> <span class='ocrx_word' id='word_1_259' title='bbox 1709 4410 1763 4473; x_wconf 87' lang='lat' dir='ltr'>vel</span> <span class='ocrx_word' id='word_1_260' title='bbox 1792 4410 1879 4473; x_wconf 89' lang='lat' dir='ltr'>mala</span> <span class='ocrx_word' id='word_1_261' title='bbox 1906 4412 2099 4474; x_wconf 76' lang='lat' dir='ltr'>secundum</span> <span class='ocrx_word' id='word_1_262' title='bbox 2133 4432 2181 4489; x_wconf 81' lang='lat' dir='ltr'>se,</span> <span class='ocrx_word' id='word_1_263' title='bbox 2218 4411 2250 4474; x_wconf 92' lang='lat' dir='ltr'>in</span> <span class='ocrx_word' id='word_1_264' title='bbox 2279 4422 2445 4495; x_wconf 63' lang='lat' dir='ltr'>&lt;parantum</span> <span class='ocrx_word' id='word_1_265' title='bbox 2471 4432 2512 4477; x_wconf 86' lang='lat' dir='ltr'>ex</span> 
     </span>
     <span class='ocr_line' id='line_1_29' title="bbox 1037 4524 2512 4611; baseline 0.001 -20"><span class='ocrx_word' id='word_1_266' title='bbox 1037 4525 1110 4592; x_wconf 88' lang='lat' dir='ltr'>istis</span> <span class='ocrx_word' id='word_1_267' title='bbox 1142 4525 1242 4610; x_wconf 86' lang='lat' dir='ltr'>quasi</span> <span class='ocrx_word' id='word_1_268' title='bbox 1266 4524 1383 4611; x_wconf 85' lang='lat' dir='ltr'>primis</span> <span class='ocrx_word' id='word_1_269' title='bbox 1409 4524 1587 4610; x_wconf 76' lang='lat' dir='ltr'>principiis</span> <span class='ocrx_word' id='word_1_270' title='bbox 1621 4537 1653 4588; x_wconf 91' lang='lat' dir='ltr'>et</span> <span class='ocrx_word' id='word_1_271' title='bbox 1686 4525 1813 4607; x_wconf 61' lang='lat' dir='ltr'>regulis</span> <span class='ocrx_word' id='word_1_272' title='bbox 1845 4525 1926 4589; x_wconf 75' lang='lat' dir='ltr'>iuris</span> <span class='ocrx_word' id='word_1_273' title='bbox 1952 4527 2117 4590; x_wconf 86' lang='lat' dir='ltr'>naturalis</span> <span class='ocrx_word' id='word_1_274' title='bbox 2150 4526 2349 4591; x_wconf 82' lang='lat' dir='ltr'>derivantur</span> <span class='ocrx_word' id='word_1_275' title='bbox 2372 4528 2426 4592; x_wconf 82' lang='lat' dir='ltr'>vel</span> <span class='ocrx_word' id='word_1_276' title='bbox 2463 4527 2512 4593; x_wconf 87' lang='lat' dir='ltr'>eis</span> 
     </span>
     <span class='ocr_line' id='line_1_30' title="bbox 1036 4640 2525 4727; baseline 0.001 -20"><span class='ocrx_word' id='word_1_277' title='bbox 1036 4653 1245 4727; x_wconf 73' lang='lat' dir='ltr'>repugnant,</span> <span class='ocrx_word' id='word_1_278' title='bbox 1271 4652 1304 4706; x_wconf 88' lang='lat' dir='ltr'>et</span> <span class='ocrx_word' id='word_1_279' title='bbox 1327 4640 1362 4705; x_wconf 94' lang='lat' dir='ltr'>in</span> <span class='ocrx_word' id='word_1_280' title='bbox 1390 4652 1523 4705; x_wconf 88' lang='lat' dir='ltr'>tantum</span> <span class='ocrx_word' id='word_1_281' title='bbox 1552 4652 1632 4704; x_wconf 88' lang='lat' dir='ltr'>sunt</span> <span class='ocrx_word' id='word_1_282' title='bbox 1658 4642 1746 4704; x_wconf 89' lang='lat' dir='ltr'>mala</span> <span class='ocrx_word' id='word_1_283' title='bbox 1772 4643 1824 4705; x_wconf 80' lang='lat' dir='ltr'>vel</span> <span class='ocrx_word' id='word_1_284' title='bbox 1855 4644 1947 4705; x_wconf 87' lang='lat' dir='ltr'>bona</span> <span class='ocrx_word' id='word_1_285' title='bbox 1973 4641 2006 4705; x_wconf 90' lang='lat' dir='ltr'>iu</span> <span class='ocrx_word' id='word_1_286' title='bbox 2031 4655 2197 4724; x_wconf 71' lang='lat' dir='ltr'>(plantum</span> <span class='ocrx_word' id='word_1_287' title='bbox 2224 4643 2274 4706; x_wconf 88' lang='lat' dir='ltr'>cis</span> <span class='ocrx_word' id='word_1_288' title='bbox 2300 4643 2525 4708; x_wconf 81' lang='lat' dir='ltr'>conveniunt·</span> 
     </span>
     <span class='ocr_line' id='line_1_31' title="bbox 1037 4755 2513 4844; baseline 0.001 -23"><span class='ocrx_word' id='word_1_289' title='bbox 1037 4758 1091 4823; x_wconf 90' lang='lat' dir='ltr'>vel</span> <span class='ocrx_word' id='word_1_290' title='bbox 1115 4767 1323 4843; x_wconf 70' lang='lat' dir='ltr'>repugnant,</span> <span class='ocrx_word' id='word_1_291' title='bbox 1355 4767 1389 4820; x_wconf 92' lang='lat' dir='ltr'>et</span> <span class='ocrx_word' id='word_1_292' title='bbox 1420 4756 1464 4819; x_wconf 88' lang='lat' dir='ltr'>de</span> <span class='ocrx_word' id='word_1_293' title='bbox 1496 4755 1622 4819; x_wconf 76' lang='lat' dir='ltr'>talibus</span> <span class='ocrx_word' id='word_1_294' title='bbox 1654 4755 1913 4821; x_wconf 85' lang='lat' dir='ltr'>constituuntur</span> <span class='ocrx_word' id='word_1_295' title='bbox 1942 4759 2038 4842; x_wconf 68' lang='lat' dir='ltr'>leges</span> <span class='ocrx_word' id='word_1_296' title='bbox 2064 4760 2237 4824; x_wconf 85' lang='lat' dir='ltr'>humanae</span> <span class='ocrx_word' id='word_1_297' title='bbox 2262 4769 2295 4823; x_wconf 91' lang='lat' dir='ltr'>et</span> <span class='ocrx_word' id='word_1_298' title='bbox 2325 4769 2513 4844; x_wconf 88' lang='lat' dir='ltr'>praecepta</span> 
     </span>
     <span class='ocr_line' id='line_1_32' title="bbox 1036 4871 2515 4958; baseline 0.001 -21"><span class='ocrx_word' id='word_1_299' title='bbox 1036 4884 1105 4937; x_wconf 86' lang='lat' dir='ltr'>tam</span> <span class='ocrx_word' id='word_1_300' title='bbox 1131 4871 1332 4937; x_wconf 82' lang='lat' dir='ltr'>affirmativa</span> <span class='ocrx_word' id='word_1_301' title='bbox 1356 4893 1458 4955; x_wconf 89' lang='lat' dir='ltr'>quam</span> <span class='ocrx_word' id='word_1_302' title='bbox 1485 4871 1646 4958; x_wconf 69' lang='lat' dir='ltr'>negativa</span> <span class='ocrx_word' id='word_1_303' title='bbox 1673 4895 1762 4956; x_wconf 64' lang='lat' dir='ltr'>(quare</span> <span class='ocrx_word' id='word_1_304' title='bbox 1787 4872 1949 4937; x_wconf 84' lang='lat' dir='ltr'>dicuntur</span> <span class='ocrx_word' id='word_1_305' title='bbox 1974 4874 2046 4937; x_wconf 91' lang='lat' dir='ltr'>iura</span> <span class='ocrx_word' id='word_1_306' title='bbox 2072 4873 2279 4952; x_wconf 88' lang='lat' dir='ltr'>communia,</span> <span class='ocrx_word' id='word_1_307' title='bbox 2300 4887 2333 4939; x_wconf 90' lang='lat' dir='ltr'>et</span> <span class='ocrx_word' id='word_1_308' title='bbox 2353 4873 2515 4940; x_wconf 83' lang='lat' dir='ltr'>(licuntur</span> 
     </span>
     <span class='ocr_line' id='line_1_33' title="bbox 1037 4988 2512 5074; baseline 0 -20"><span class='ocrx_word' id='word_1_309' title='bbox 1037 4988 1186 5074; x_wconf 76' lang='lat' dir='ltr'>positiia</span> <span class='ocrx_word' id='word_1_310' title='bbox 1211 4988 1245 5052; x_wconf 94' lang='lat' dir='ltr'>in</span> <span class='ocrx_word' id='word_1_311' title='bbox 1274 4999 1439 5071; x_wconf 89' lang='lat' dir='ltr'>quantum</span> <span class='ocrx_word' id='word_1_312' title='bbox 1466 4989 1508 5051; x_wconf 91' lang='lat' dir='ltr'>ab</span> <span class='ocrx_word' id='word_1_313' title='bbox 1533 4988 1675 5053; x_wconf 86' lang='lat' dir='ltr'>homine</span> <span class='ocrx_word' id='word_1_314' title='bbox 1700 4989 1893 5052; x_wconf 82' lang='lat' dir='ltr'>secundum</span> <span class='ocrx_word' id='word_1_315' title='bbox 1919 5001 2046 5053; x_wconf 86' lang='lat' dir='ltr'>rectam</span> <span class='ocrx_word' id='word_1_316' title='bbox 2072 4989 2251 5069; x_wconf 86' lang='lat' dir='ltr'>rationem,</span> <span class='ocrx_word' id='word_1_317' title='bbox 2276 5011 2347 5055; x_wconf 90' lang='lat' dir='ltr'>non</span> <span class='ocrx_word' id='word_1_318' title='bbox 2374 4990 2512 5074; x_wconf 91' lang='lat' dir='ltr'>quidem</span> 
     </span>
    </p>
   </div>
   <div class='ocr_carea' id='block_1_4' title="bbox 1010 5103 2513 5190">
    <p class='ocr_par' dir='ltr' id='par_1_6' title="bbox 1010 5103 2513 5190">
     <span class='ocr_line' id='line_1_34' title="bbox 1010 5103 2513 5190; baseline 0 -20"><span class='ocrx_word' id='word_1_319' title='bbox 1010 5116 1074 5170; x_wconf 89' lang='lat' dir='ltr'>ut</span> <span class='ocrx_word' id='word_1_320' title='bbox 1113 5103 1358 5170; x_wconf 86' lang='lat' dir='ltr'>conclusiones</span> <span class='ocrx_word' id='word_1_321' title='bbox 1406 5125 1496 5187; x_wconf 88' lang='lat' dir='ltr'>quae</span> <span class='ocrx_word' id='word_1_322' title='bbox 1543 5104 1744 5168; x_wconf 67' lang='lat' dir='ltr'>necessario</span> <span class='ocrx_word' id='word_1_323' title='bbox 1795 5127 1837 5168; x_wconf 82' lang='lat' dir='ltr'>ex</span> <span class='ocrx_word' id='word_1_324' title='bbox 1883 5104 2062 5190; x_wconf 86' lang='lat' dir='ltr'>principiis</span> <span class='ocrx_word' id='word_1_325' title='bbox 2110 5116 2241 5170; x_wconf 89' lang='lat' dir='ltr'>tantum</span> <span class='ocrx_word' id='word_1_326' title='bbox 2288 5128 2359 5170; x_wconf 91' lang='lat' dir='ltr'>uno</span> <span class='ocrx_word' id='word_1_327' title='bbox 2407 5107 2513 5170; x_wconf 89' lang='lat' dir='ltr'>modo</span> 
     </span>
    </p>
   </div>
   <div class='ocr_carea' id='block_1_5' title="bbox 1037 5219 2513 5306">
    <p class='ocr_par' dir='ltr' id='par_1_7' title="bbox 1037 5219 2513 5306">
     <span class='ocr_line' id='line_1_35' title="bbox 1037 5219 2513 5306; baseline -0.001 -20"><span class='ocrx_word' id='word_1_328' title='bbox 1037 5222 1268 5299; x_wconf 86' lang='lat' dir='ltr'>deducuntur,</span> <span class='ocrx_word' id='word_1_329' title='bbox 1294 5220 1357 5283; x_wconf 80' lang='lat' dir='ltr'>sed</span> <span class='ocrx_word' id='word_1_330' title='bbox 1388 5230 1424 5283; x_wconf 88' lang='lat' dir='ltr'>ut</span> <span class='ocrx_word' id='word_1_331' title='bbox 1448 5220 1619 5302; x_wconf 83' lang='lat' dir='ltr'>quaedam</span> <span class='ocrx_word' id='word_1_332' title='bbox 1638 5219 1945 5284; x_wconf 76' lang='lat' dir='ltr'>determinationes</span> <span class='ocrx_word' id='word_1_333' title='bbox 1977 5220 2213 5285; x_wconf 85' lang='lat' dir='ltr'>comuumium</span> <span class='ocrx_word' id='word_1_334' title='bbox 2247 5233 2513 5306; x_wconf 85' lang='lat' dir='ltr'>praeceptorum</span> 
     </span>
    </p>
   </div>
   <div class='ocr_carea' id='block_1_6' title="bbox 1037 5333 2513 5424">
    <p class='ocr_par' dir='ltr' id='par_1_8' title="bbox 1037 5333 2513 5424">
     <span class='ocr_line' id='line_1_36' title="bbox 1037 5333 2513 5424; baseline -0.001 -22"><span class='ocrx_word' id='word_1_335' title='bbox 1037 5358 1127 5421; x_wconf 88' lang='lat' dir='ltr'>quae</span> <span class='ocrx_word' id='word_1_336' title='bbox 1166 5336 1360 5401; x_wconf 86' lang='lat' dir='ltr'>secundum</span> <span class='ocrx_word' id='word_1_337' title='bbox 1401 5333 1633 5399; x_wconf 79' lang='lat' dir='ltr'>diversitatem</span> <span class='ocrx_word' id='word_1_338' title='bbox 1673 5335 1852 5399; x_wconf 88' lang='lat' dir='ltr'>homiuum</span> <span class='ocrx_word' id='word_1_339' title='bbox 1901 5348 1934 5399; x_wconf 94' lang='lat' dir='ltr'>et</span> <span class='ocrx_word' id='word_1_340' title='bbox 1976 5347 2171 5421; x_wconf 87' lang='lat' dir='ltr'>temporum</span> <span class='ocrx_word' id='word_1_341' title='bbox 2212 5349 2244 5401; x_wconf 89' lang='lat' dir='ltr'>et</span> <span class='ocrx_word' id='word_1_342' title='bbox 2291 5337 2513 5424; x_wconf 81' lang='lat' dir='ltr'>negotiorum</span> 
     </span>
    </p>
   </div>
   <div class='ocr_carea' id='block_1_7' title="bbox 1037 5639 2515 6130">
    <p class='ocr_par' dir='ltr' id='par_1_9' title="bbox 1037 5639 2515 6130">
     <span class='ocr_line' id='line_1_37' title="bbox 1127 5639 2515 5716; baseline 0 -17"><span class='ocrx_word' id='word_1_343' title='bbox 1127 5651 1165 5712; x_wconf 77' lang='lat' dir='ltr'>(l)</span> <span class='ocrx_word' id='word_1_344' title='bbox 1187 5645 1397 5699; x_wconf 71' lang='lat' dir='ltr'>Aristotelis</span> <span class='ocrx_word' id='word_1_345' title='bbox 1422 5646 1515 5698; x_wconf 66' lang='lat' dir='ltr'>litlot.</span> <span class='ocrx_word' id='word_1_346' title='bbox 1539 5646 1709 5697; x_wconf 68' lang='lat' dir='ltr'>Nieouauli.</span> <span class='ocrx_word' id='word_1_347' title='bbox 1730 5647 1746 5698; x_wconf 89' lang='lat' dir='ltr'>l.</span> <span class='ocrx_word' id='word_1_348' title='bbox 1771 5647 1804 5700; x_wconf 84' lang='lat'>11.</span> <span class='ocrx_word' id='word_1_349' title='bbox 1828 5664 1851 5699; x_wconf 87' lang='lat' dir='ltr'>c.</span> <span class='ocrx_word' id='word_1_350' title='bbox 1875 5653 1892 5695; x_wconf 81' lang='lat' dir='ltr'>u</span> <span class='ocrx_word' id='word_1_351' title='bbox 1915 5664 1953 5716; x_wconf 72' lang='lat' dir='ltr'>qi.</span> <span class='ocrx_word' id='word_1_352' title='bbox 1978 5649 2064 5714; x_wconf 77' lang='lat' dir='ltr'>tuin).</span> <span class='ocrx_word' id='word_1_353' title='bbox 2087 5639 2160 5697; x_wconf 76' lang='grc' dir='ltr'>’Ἑνια</span> <span class='ocrx_word' id='word_1_354' title='bbox 2186 5646 2238 5716; x_wconf 74' lang='grc' dir='ltr'>γὰρ</span> <span class='ocrx_word' id='word_1_355' title='bbox 2264 5642 2338 5705; x_wconf 65' lang='grc' dir='ltr'>εὐθὺς</span> <span class='ocrx_word' id='word_1_356' title='bbox 2362 5643 2515 5711; x_wconf 69' lang='grc' dir='ltr'>ὠνόμασται</span> 
     </span>
     <span class='ocr_line' id='line_1_38' title="bbox 1037 5729 2514 5803; baseline -0.003 -16"><span class='ocrx_word' id='word_1_357' title='bbox 1037 5729 1230 5799; x_wconf 78' lang='grc' dir='ltr'>συνειλημμένα</span> <span class='ocrx_word' id='word_1_358' title='bbox 1249 5731 1316 5797; x_wconf 77' lang='grc' dir='ltr'>μετὰ</span> <span class='ocrx_word' id='word_1_359' title='bbox 1334 5737 1381 5796; x_wconf 79' lang='grc' dir='ltr'>τῆς</span> <span class='ocrx_word' id='word_1_360' title='bbox 1399 5729 1575 5800; x_wconf 64' lang='grc' dir='ltr'>φαυλότητος.</span> <span class='ocrx_word' id='word_1_361' title='bbox 1594 5732 1648 5783; x_wconf 80' lang='grc' dir='ltr'>οἷον</span> <span class='ocrx_word' id='word_1_362' title='bbox 1667 5729 1870 5802; x_wconf 69' lang='grc' dir='ltr'>ἐπιχαιρεκακία</span> <span class='ocrx_word' id='word_1_363' title='bbox 1889 5731 2057 5802; x_wconf 65' lang='grc' dir='ltr'>ἀναισχυντία</span> <span class='ocrx_word' id='word_1_364' title='bbox 2076 5731 2179 5803; x_wconf 65' lang='grc' dir='ltr'>φθόνοε,</span> <span class='ocrx_word' id='word_1_365' title='bbox 2202 5735 2245 5786; x_wconf 80' lang='grc' dir='ltr'>καὶ</span> <span class='ocrx_word' id='word_1_366' title='bbox 2264 5731 2306 5786; x_wconf 82' lang='grc' dir='ltr'>ἐπὶ</span> <span class='ocrx_word' id='word_1_367' title='bbox 2324 5739 2377 5785; x_wconf 79' lang='grc' dir='ltr'>τιῖνν</span> <span class='ocrx_word' id='word_1_368' title='bbox 2394 5732 2514 5802; x_wconf 71' lang='grc' dir='ltr'>πράξεων</span> 
     </span>
     <span class='ocr_line' id='line_1_39' title="bbox 1038 5812 2513 5887; baseline -0.001 -18"><span class='ocrx_word' id='word_1_369' title='bbox 1038 5815 1145 5887; x_wconf 87' lang='grc' dir='ltr'>μοιχεία</span> <span class='ocrx_word' id='word_1_370' title='bbox 1166 5815 1254 5879; x_wconf 81' lang='grc' dir='ltr'>κλοπὴ</span> <span class='ocrx_word' id='word_1_371' title='bbox 1276 5812 1432 5884; x_wconf 48' lang='lat' dir='ltr'>&amp;adpostulat</span> <span class='ocrx_word' id='word_1_372' title='bbox 1445 5829 1450 5840; x_wconf 95' lang='grc'>·</span> <span class='ocrx_word' id='word_1_373' title='bbox 1464 5812 1549 5865; x_wconf 65' lang='grc' dir='ltr'>πάντα</span> <span class='ocrx_word' id='word_1_374' title='bbox 1571 5815 1621 5883; x_wconf 70' lang='grc' dir='ltr'>γὰρ</span> <span class='ocrx_word' id='word_1_375' title='bbox 1642 5816 1787 5866; x_wconf 75' lang='grc' dir='ltr'>ταῦτακαὶ</span> <span class='ocrx_word' id='word_1_376' title='bbox 1808 5816 1965 5867; x_wconf 69' lang='grc' dir='ltr'>τὰτοιαῦτα</span> <span class='ocrx_word' id='word_1_377' title='bbox 1985 5813 2093 5884; x_wconf 65' lang='grc' dir='ltr'>ψέγεται</span> <span class='ocrx_word' id='word_1_378' title='bbox 2111 5822 2149 5884; x_wconf 75' lang='grc' dir='ltr'>τῷ</span> <span class='ocrx_word' id='word_1_379' title='bbox 2167 5813 2233 5867; x_wconf 69' lang='grc' dir='ltr'>αὐτὰ</span> <span class='ocrx_word' id='word_1_380' title='bbox 2254 5817 2341 5886; x_wconf 77' lang='grc' dir='ltr'>φαῦλα</span> <span class='ocrx_word' id='word_1_381' title='bbox 2363 5815 2435 5875; x_wconf 82' lang='grc' dir='ltr'>εἶναι,</span> <span class='ocrx_word' id='word_1_382' title='bbox 2454 5812 2513 5867; x_wconf 74' lang='grc' dir='ltr'>ἀλλ’</span> 
     </span>
     <span class='ocr_line' id='line_1_40' title="bbox 1037 5891 2515 5970; baseline -0.001 -19"><span class='ocrx_word' id='word_1_383' title='bbox 1037 5897 1089 5970; x_wconf 70' lang='grc' dir='ltr'>οὐχ</span> <span class='ocrx_word' id='word_1_384' title='bbox 1107 5899 1133 5951; x_wconf 86' lang='grc' dir='ltr'>αί</span> <span class='ocrx_word' id='word_1_385' title='bbox 1150 5897 1297 5967; x_wconf 79' lang='grc' dir='ltr'>ὑπερβολαὶ</span> <span class='ocrx_word' id='word_1_386' title='bbox 1315 5893 1402 5948; x_wconf 67' lang='grc' dir='ltr'>αὐτῶν</span> <span class='ocrx_word' id='word_1_387' title='bbox 1420 5891 1474 5947; x_wconf 73' lang='grc' dir='ltr'>οὐδ’</span> <span class='ocrx_word' id='word_1_388' title='bbox 1493 5895 1519 5947; x_wconf 82' lang='grc' dir='ltr'>αἱ</span> <span class='ocrx_word' id='word_1_389' title='bbox 1538 5894 1665 5963; x_wconf 68' lang='grc' dir='ltr'>ἐλλείψεις</span> <span class='ocrx_word' id='word_1_390' title='bbox 1681 5912 1686 5923; x_wconf 96' lang='grc'>·</span> <span class='ocrx_word' id='word_1_391' title='bbox 1701 5894 1749 5949; x_wconf 67' lang='grc' dir='ltr'>οὖν.</span> <span class='ocrx_word' id='word_1_392' title='bbox 1769 5893 1835 5949; x_wconf 76' lang='grc' dir='ltr'>ἐστιν</span> <span class='ocrx_word' id='word_1_393' title='bbox 1848 5895 1893 5950; x_wconf 73' lang='grc' dir='ltr'>οὖν</span> <span class='ocrx_word' id='word_1_394' title='bbox 1911 5894 2038 5949; x_wconf 62' lang='grc' dir='ltr'>οὐδέποτε</span> <span class='ocrx_word' id='word_1_395' title='bbox 2058 5899 2118 5966; x_wconf 74' lang='grc' dir='ltr'>περὶ</span> <span class='ocrx_word' id='word_1_396' title='bbox 2134 5895 2200 5950; x_wconf 67' lang='grc' dir='ltr'>αὑτὰ</span> <span class='ocrx_word' id='word_1_397' title='bbox 2218 5902 2373 5967; x_wconf 66' lang='grc' dir='ltr'>κατορθοῦν,</span> <span class='ocrx_word' id='word_1_398' title='bbox 2397 5894 2455 5953; x_wconf 76' lang='grc' dir='ltr'>ἀλλ’</span> <span class='ocrx_word' id='word_1_399' title='bbox 2475 5897 2515 5951; x_wconf 65' lang='lat' dir='ltr'>iat</span> 
     </span>
     <span class='ocr_line' id='line_1_41' title="bbox 1038 5971 2513 6053; baseline -0.001 -19"><span class='ocrx_word' id='word_1_400' title='bbox 1038 5979 1195 6050; x_wconf 79' lang='grc' dir='ltr'>ἁμαρτάνειν</span> <span class='ocrx_word' id='word_1_401' title='bbox 1208 5995 1213 6007; x_wconf 95' lang='grc'><em>·</em></span> <span class='ocrx_word' id='word_1_402' title='bbox 1225 5975 1278 6031; x_wconf 70' lang='grc' dir='ltr'>οὐδ’</span> <span class='ocrx_word' id='word_1_403' title='bbox 1293 5971 1347 6030; x_wconf 81' lang='grc' dir='ltr'>ἔστι</span> <span class='ocrx_word' id='word_1_404' title='bbox 1363 5977 1393 6030; x_wconf 81' lang='grc' dir='ltr'>τὸ</span> <span class='ocrx_word' id='word_1_405' title='bbox 1411 5975 1439 6029; x_wconf 78' lang='grc' dir='ltr'>εὖ</span> <span class='ocrx_word' id='word_1_406' title='bbox 1458 5975 1473 6042; x_wconf 71' lang='grc' dir='ltr'>ἢ</span> <span class='ocrx_word' id='word_1_407' title='bbox 1495 5978 1531 6042; x_wconf 80' lang='grc' dir='ltr'>μὴ</span> <span class='ocrx_word' id='word_1_408' title='bbox 1551 5975 1579 6029; x_wconf 79' lang='grc' dir='ltr'>εὖ</span> <span class='ocrx_word' id='word_1_409' title='bbox 1597 5980 1657 6047; x_wconf 74' lang='grc' dir='ltr'>περὶ</span> <span class='ocrx_word' id='word_1_410' title='bbox 1675 5980 1708 6030; x_wconf 76' lang='grc' dir='ltr'>τὰ</span> <span class='ocrx_word' id='word_1_411' title='bbox 1726 5985 1834 6031; x_wconf 70' lang='grc' dir='ltr'>τοιαῦτα</span> <span class='ocrx_word' id='word_1_412' title='bbox 1847 5977 1873 6032; x_wconf 79' lang='grc' dir='ltr'>ἐν</span> <span class='ocrx_word' id='word_1_413' title='bbox 1890 5986 1929 6048; x_wconf 77' lang='grc' dir='ltr'>τῷ</span> <span class='ocrx_word' id='word_1_414' title='bbox 1948 5983 1978 6046; x_wconf 70' lang='grc' dir='ltr'>ἣν</span> <span class='ocrx_word' id='word_1_415' title='bbox 1996 5981 2034 6032; x_wconf 73' lang='grc' dir='ltr'>δεῖ</span> <span class='ocrx_word' id='word_1_416' title='bbox 2051 5982 2094 6032; x_wconf 78' lang='grc' dir='ltr'>καί</span> <span class='ocrx_word' id='word_1_417' title='bbox 2113 5980 2157 6033; x_wconf 72' lang='grc' dir='ltr'>ὅτε</span> <span class='ocrx_word' id='word_1_418' title='bbox 2176 5984 2220 6032; x_wconf 77' lang='grc' dir='ltr'>καὶ</span> <span class='ocrx_word' id='word_1_419' title='bbox 2237 5980 2273 6040; x_wconf 76' lang='grc' dir='ltr'>ὡς</span> <span class='ocrx_word' id='word_1_420' title='bbox 2294 5979 2436 6053; x_wconf 78' lang='grc' dir='ltr'>μοιχεύειν,</span> <span class='ocrx_word' id='word_1_421' title='bbox 2456 5976 2513 6035; x_wconf 78' lang='grc' dir='ltr'>ἀλλ’</span> 
     </span>
     <span class='ocr_line' id='line_1_42' title="bbox 1039 6058 1741 6130; baseline -0.001 -14"><span class='ocrx_word' id='word_1_422' title='bbox 1039 6064 1129 6125; x_wconf 71' lang='grc' dir='ltr'>ἁπλῶς</span> <span class='ocrx_word' id='word_1_423' title='bbox 1144 6062 1173 6115; x_wconf 79' lang='grc' dir='ltr'>τὸ</span> <span class='ocrx_word' id='word_1_424' title='bbox 1185 6067 1267 6115; x_wconf 75' lang='grc' dir='ltr'>ποιεῖν</span> <span class='ocrx_word' id='word_1_425' title='bbox 1281 6059 1367 6113; x_wconf 73' lang='grc' dir='ltr'>ὁτιοῦν</span> <span class='ocrx_word' id='word_1_426' title='bbox 1379 6058 1480 6116; x_wconf 78' lang='grc' dir='ltr'>τούτων</span> <span class='ocrx_word' id='word_1_427' title='bbox 1494 6059 1651 6130; x_wconf 69' lang='grc' dir='ltr'>ἁμαρτάνειν</span> <span class='ocrx_word' id='word_1_428' title='bbox 1664 6058 1741 6115; x_wconf 79' lang='grc' dir='ltr'>ἐστίν.</span> 
     </span>
    </p>
   </div>
   <div class='ocr_carea' id='block_1_8' title="bbox 0 0 3369 7988">
    <p class='ocr_par' dir='ltr' id='par_1_10' title="bbox 0 0 3369 7988">
     <span class='ocr_line' id='line_1_43' title="bbox 0 0 3369 7988; baseline 0 0"><span class='ocrx_word' id='word_1_429' title='bbox 0 0 3369 7988; x_wconf 95' lang='lat' dir='ltr'> </span> 
     </span>
    </p>
   </div>
  </div>
 </body>
</html>
