6700 7992
1190 1387 1408 1443 SECUNDUM
1439 1385 1739 1459 QUODLIBETUM,
1767 1386 1804 1458 Q.
1832 1387 1858 1440 X
2212 1391 2262 1442 tta

788 1570 824 1638 in
846 1570 990 1637 humida
1013 1568 1127 1635 minus
1154 1567 1376 1635 convenienti
1401 1568 1456 1633 vel
1487 1566 1628 1653 propria
1651 1564 1795 1633 habebit
1823 1588 1902 1633 esse
1930 1566 2044 1633 minus
2077 1566 2262 1650 intensum,

788 1687 984 1773 estoquod
1010 1685 1190 1751 humidum
1214 1694 1249 1750 et
1272 1683 1405 1750 siccum
1433 1705 1505 1749 non
1530 1683 1700 1769 reciperet
1722 1681 1835 1772 magis
1860 1692 1894 1749 et
1917 1681 2041 1750 minus.
2059 1683 2262 1751 Secundum

788 1803 922 1889 aliquos
957 1801 1060 1869 etiam
1095 1799 1216 1865 raritas
1246 1810 1280 1866 et
1310 1798 1466 1865 densitas
1495 1798 1666 1887 contingit
1697 1801 1892 1865 secundum
1927 1799 2038 1888 magis
2074 1811 2108 1866 et
2137 1799 2262 1881 minus,

789 1918 962 1985 mediante
987 1915 1205 1982 multitudine
1225 1925 1259 1982 et
1282 1914 1458 2001 paucitate
1481 1914 1645 1981 materiae
1669 1925 1704 1980 et
1727 1914 1902 1981 mediante
1926 1915 2117 2000 quantitate
2133 1915 2263 1983 dimen-

788 2035 873 2116 siva,
901 2046 938 2100 ut
962 2033 1103 2119 quando
1127 2042 1261 2097 tantum
1285 2032 1330 2097 de
1354 2031 1497 2097 materia
1521 2040 1573 2096 est
1597 2032 1662 2097 sub
1688 2030 1792 2096 tantis
1817 2030 2105 2113 dimensionibus,
2130 2042 2262 2099 tantum

789 2163 842 2218 est
876 2173 1000 2230 rarum,
1029 2149 1171 2234 quando
1199 2148 1265 2212 sub
1296 2146 1496 2227 maioribus,
1529 2146 1648 2211 rarius.
1686 2147 1728 2211 Et
1756 2146 1806 2213 sic
1838 2148 2065 2233 procedendo
2100 2147 2264 2215 convenit

788 2266 899 2355 magis
939 2276 973 2333 et
1011 2264 1125 2330 minus
1162 2264 1195 2328 in
1234 2283 1311 2328 raro
1346 2265 1479 2347 absque
1514 2265 1584 2329 hoc
1618 2264 1712 2348 quod
1749 2262 1783 2328 in
1819 2262 1937 2329 formis
1971 2263 2263 2349 praecedentibus

788 2382 961 2449 raritatem
995 2392 1143 2468 ponatur
1165 2378 1316 2446 intensio
1348 2380 1403 2444 vel
1428 2378 1585 2445 remissio
1621 2378 1760 2465 proprie
1787 2378 1899 2460 dicta;
1936 2390 1970 2446 et
1993 2379 2075 2446 hinc
2107 2380 2195 2446 forte
2222 2401 2264 2447 ex

789 2499 986 2566 intensione
1016 2508 1050 2563 et
1084 2495 1317 2562 remissione¹
1351 2494 1417 2559 rari
1448 2506 1482 2560 et
1517 2494 1616 2561 densi
1645 2494 1846 2561 causabitur
1873 2495 2022 2561 intensio
2047 2506 2081 2563 et
2103 2495 2262 2563 remissio

789 2614 891 2681 calidi
908 2624 942 2680 et
967 2612 1083 2700 frigidi
1111 2612 1145 2677 in
1174 2611 1354 2678 elementis
1382 2621 1419 2676 ut
1443 2610 1571 2696 aliquid
1596 2611 1791 2677 rarefiendo
1816 2613 1937 2692 caleat,
1966 2610 2082 2679 sicut²
2109 2613 2262 2679 conden-

788 2731 900 2797 sando
935 2728 1090 2818 frigescit
1104 2728 1124 2792 ³.
1161 2728 1213 2793 Ex
1243 2727 1442 2793 intensione
1475 2739 1591 2793 autem
1626 2739 1660 2793 et
1695 2727 1901 2794 remissione
1937 2727 2002 2793 rari
2036 2743 2070 2795 et
2105 2728 2206 2795 densi
2229 2740 2264 2796 et

789 2845 973 2934 primarum
1006 2843 1207 2930 qualitatum
1239 2842 1499 2909 elementarium
1531 2853 1647 2928 potest
1679 2843 1803 2909 salvari
1842 2843 1993 2910 intensio
2033 2854 2067 2910 et
2105 2844 2263 2911 remissio

790 2961 944 3029 omnium
968 2960 1110 3026 aliarum
1135 2958 1336 3045 qualitatum
1361 2959 1604 3045 corporalium.

877 3079 916 3143 ln
942 3076 1119 3143 habitibus
1146 3075 1238 3142 enim
1266 3075 1402 3142 animae
1430 3075 1482 3142 sic
1506 3075 1687 3164 contingit.
1722 3076 1813 3141 Nam
1838 3098 1917 3143 cum
1941 3077 2080 3144 habitus
2105 3077 2263 3164 acquisiti

789 3203 1001 3282 generantur
1030 3213 1072 3259 ex
1111 3191 1246 3258 actibus
1284 3190 1424 3272 nostris,
1464 3191 1619 3278 ipsorum
1651 3203 1768 3258 autem
1800 3204 1940 3259 actuum
1971 3215 2091 3259 sumus
2131 3193 2263 3260 domini

790 3332 810 3376 a
842 3308 1012 3397 principio
1043 3329 1154 3393 usque
1187 3306 1248 3373 in⁴
1279 3308 1394 3388 linem,
1429 3319 1466 3372 ut
1494 3307 1620 3374 dicitur
1646 3307 1746 3374 tertio
1778 3307 1978 3376 Ethicorum
1997 3312 2054 3394 (l),
2083 3321 2117 3377 et
2140 3332 2263 3378 omnes

789 3428 875 3493 tales
898 3436 997 3491 actus
1028 3436 1109 3490 sunt
1139 3423 1322 3489 voluntarii
1358 3424 1553 3490 secundum
1585 3424 1680 3509 quod
1716 3424 1828 3513 magis
1856 3436 1890 3491 et
1924 3425 2038 3492 minus
2074 3448 2263 3513 possumus

789 3543 877 3611 velle
901 3552 936 3609 et
951 3540 1080 3607 maiore
1097 3550 1131 3607 et
1154 3539 1289 3607 minore
1313 3550 1443 3606 conatu
1467 3539 1548 3606 ferri
1572 3540 1607 3606 in
1625 3539 1766 3626 aliquid,
1792 3540 1902 3629 magis
1930 3552 1964 3608 et
1980 3541 2094 3607 minus
2117 3564 2264 3631 genera·

789 3661 927 3739 buntur,
956 3668 990 3725 et
1020 3656 1177 3746 generati
1205 3658 1428 3745 augebuntur
1455 3656 1655 3723 huiusmodi
1689 3656 1828 3723 habitus
1852 3657 1887 3723 in
1917 3657 2030 3741 nobiS,
2059 3670 2096 3724 ut
2121 3659 2150 3725 si
2177 3659 2262 3725 tanti

790 3774 915 3843 actus⁶
937 3773 1073 3861 possint
1100 3772 1288 3859 disponere
1315 3773 1507 3860 potentiam
1524 3784 1559 3839 et
1582 3795 1798 3862 aggenerare
1822 3773 1858 3840 in
1882 3796 1924 3841 ea
1949 3773 2113 3856 habiturn,
2131 3777 2263 3861 perfec·

790 3892 895 3959 tiores
923 3901 957 3957 et
977 3890 1088 3979 magis
1105 3889 1299 3957 continuati
1323 3891 1601 3979 augmentabunt
1624 3900 1659 3957 et
1681 3891 1862 3976 perficient
1884 3890 2085 3957 huiusmodi
2107 3891 2264 3959 habiturn

791 4018 1051 4098 aggeneratum.
1076 4006 1119 4071 Et
1153 4005 1204 4073 sic
1235 4005 1408 4095 contingit
1437 4005 1637 4072 huiusmodi
1669 4019 1894 4096 augmentum
1929 4009 2063 4094 absque
2095 4029 2264 4095 processu

790 4123 826 4190 in
856 4123 1036 4202 infinitum,
1061 4123 1142 4208 quia
1166 4121 1381 4188 intenditur⁶
1410 4121 1609 4189 intensione
1639 4133 1672 4190 et
1700 4123 1962 4191 continuatione
1990 4134 2140 4207 actuum,
2166 4135 2264 4192 actus

792 4249 906 4307 autem
934 4238 1160 4306 intenduntur
1176 4249 1210 4305 et
1233 4238 1482 4305 continuantur
1504 4260 1567 4325 per
1582 4239 1764 4326 imperium
1790 4239 1977 4306 voluntatis
2000 4241 2055 4308 vel
2080 4240 2263 4328 appetitus

879 4354 944 4421 ln⁷
967 4355 1089 4422 infusis
1106 4366 1221 4421 autem
1238 4357 1306 4422 hoc
1331 4355 1433 4421 etiam
1458 4355 1623 4422 convenit
1647 4378 1713 4423 suo
1737 4357 1854 4437 mod0‚
1879 4356 2012 4424 scilicet
2035 4358 2130 4443 quod
2155 4356 2265 4447 magis

792 4474 893 4538 datur
919 4471 1031 4561 gratia
1050 4472 1105 4538 vel
1135 4471 1260 4538 caritas
1293 4472 1488 4538 secundum
1518 4471 1684 4538 maiorem
1716 4472 1981 4558 dispositionem
2017 4473 2061 4539 de
2094 4494 2265 4562 congru0,

791 4600 825 4656 et
848 4588 1042 4655 secundum
1066 4610 1122 4653 ma
1144 4591 1148 4672 1
1171 4587 1277 4654 iorem
1303 4599 1468 4655 conatum
1486 4588 1674 4653 voluntatis
1699 4600 1733 4654 et
1756 4587 1965 4655 huiusmodi.
1983 4590 2047 4655 Vel
2071 4590 2265 4656 secundum
2291 4580 2456 4711 foiofiapr

792 4704 950 4771 virtutem
978 4703 1114 4793 agentis
1138 4703 1241 4769 etiam
1266 4705 1367 4769 datur
1395 4704 1505 4770 maior
1528 4704 1643 4769 minus
1667 4705 1722 4770 vel
1740 4704 1930 4790 aequaliter
1957 4705 2139 4792 disposito,
2163 4716 2266 4792 prout
2335 4697 2341 4709 ⁰

793 4820 896 4888 etiarn
912 4819 1062 4887 calidum
1086 4816 1260 4886 intensum
1285 4821 1341 4886 vel
1365 4819 1518 4886 infinitae
1544 4819 1688 4901 virtutis,
1714 4819 1743 4885 si
1767 4832 1885 4909 ageret
1907 4842 1969 4907 per
1987 4821 2131 4887 liberam
2148 4823 2266 4888 volun·

792 4948 907 5018 tatem,
922 4949 1044 5023 posset
1068 4936 1244 5003 materiam
1271 4936 1386 5002 minus
1411 4935 1616 5022 dispositam
1633 4935 1745 5023 magis
1770 4937 1937 5004 reducere
1960 4937 1995 5002 in
2020 4948 2134 5003 actum
2151 4936 2266 5005 calidi-

793 5051 871 5120 tatis
895 5063 929 5120 et
955 5064 1080 5133 cetera,
1109 5074 1181 5118 non
1209 5063 1324 5119 tamen
1351 5053 1434 5137 quin
1466 5053 1619 5119 efficeret
1642 5052 1745 5118 etiam
1779 5052 2027 5139 dispositiones
2060 5054 2206 5134 adhoc,
2238 5053 2267 5120 si

793 5190 866 5235 non
888 5168 1147 5256 praecederent,
1172 5168 1325 5254 alioquin
1350 5168 1551 5234 huiusmodi
1575 5168 1678 5234 calidi
1710 5172 1714 5253 1
1746 5181 1799 5234 tas
1824 5192 1895 5235 non
1920 5180 2075 5237 maneret
2099 5180 2135 5235 ut
2162 5180 2266 5257 patet.
2321 5172 2427 5228 cod.V

795 5284 945 5352 Caritate
980 5298 1095 5351 autem
1130 5285 1249 5351 habita
1284 5286 1478 5352 secundum
1513 5286 1608 5371 quod
1643 5306 1706 5372 per
1739 5286 1865 5352 actus⁸
1896 5285 2120 5372 perfectiores
2155 5285 2267 5376 magis
2294 5243 2461 5300 f⁰l'²⁷⁰R⁸

884 5598 936 5652 ¹et
954 5598 1136 5669 remissione]
1156 5617 1211 5652 orn.
1232 5598 1262 5653 P.
1283 5631 1316 5638 —
1330 5598 1341 5629 ²
1353 5598 1396 5652 sic
1417 5598 1447 5652 P.
1462 5630 1495 5637 —
1509 5599 1520 5631 ³
1533 5596 1674 5670 frigescat
1694 5599 1725 5652 P.
1742 5631 1772 5638 -
1788 5601 1796 5630 ⁴
1811 5598 1849 5653 ad
1869 5599 1899 5653 P.
1913 5631 1946 5639 —
1961 5600 1971 5631 ⁵
1984 5598 2041 5654 acti
2054 5599 2085 5654 P.
2099 5631 2132 5639 -
2146 5600 2157 5631 ⁶
2169 5607 2269 5655 exten·

795 5684 873 5741 dittu
890 5685 923 5741 P.
941 5718 975 5727 —
995 5687 1073 5742 'ona
1093 5687 1124 5741 P.
1144 5720 1177 5726 —
1198 5686 1360 5741 ⁸accidens
1373 5687 1437 5740 ΡΥ.

885 5928 924 5993 (l)
945 5925 977 5981 C.
997 5928 1013 5980 7
1033 5928 1071 5997 (p.
1093 5929 1179 5998 1113).
1198 5927 1254 6003 'Bp'
1272 5933 1335 5999 ἡμῖν
1353 5932 1381 5985 δὲ
1399 5933 1443 5985 καὶ
1460 5931 1477 5997 r',
1497 5930 1587 6001 ἀρετή,
1606 5930 1709 5997 ὁμοίως
1728 5930 1756 5983 δὲ
1774 5933 1818 5984 air
1838 5932 1853 5997 i,
1874 5930 1963 5986 κακία.
1985 5929 2011 5985 ἐν
2030 5933 2068 5992 οἷς
2085 5932 2135 6006 γὰρ
2154 5929 2194 6004 ἐφ’
2207 5932 2268 6001 ἡμῖν

795 6010 828 6067 τὸ
845 6010 977 6085 πράττειν,
996 6014 1040 6066 καὶ
1056 6012 1087 6065 τὸ
1104 6013 1141 6081 μὴ
1160 6012 1293 6084 epicteti,
1311 6016 1356 6068 καὶ
1374 6012 1400 6068 ἐν
1417 6016 1456 6075 οἷς
1472 6015 1503 6068 τὸ
1522 6014 1569 6081 μή,
1591 6016 1636 6067 καὶ
1653 6014 1685 6067 τὸ
1704 6012 1754 6069 ναί.
