6700 7992
1401 1399 1591 1454 MAGISTRI
1621 1399 1841 1455 GODEFRlDl
1869 1401 1922 1454 DE
1950 1400 2149 1457 FONTlBUS

1125 1580 1338 1666 Respondeo
1367 1579 1553 1646 dicendum
1582 1581 1688 1664 quod,
1722 1601 1800 1644 cum
1825 1580 1995 1664 perfectio
2027 1592 2061 1645 et
2086 1580 2267 1665 plenitudo
2299 1580 2513 1667 operationis

848 1669 1014 1795 s0{⁰{¹409R,
1036 1695 1071 1760 in
1088 1717 1155 1780 qua
1172 1717 1239 1760 eon
1262 1699 1266 1779 l
1287 1695 1375 1760 sistit
1399 1695 1633 1781 principaliter
1656 1695 1836 1761 beatitudo
1853 1708 2045 1783 consurgat
2060 1718 2102 1761 ex
2119 1696 2334 1781 perfectione
2351 1707 2385 1763 et
2401 1699 2512 1763 excel·

1035 1810 1141 1876 lentia
1164 1811 1290 1876 obiecti
1316 1812 1410 1895 quod
1435 1821 1488 1876 est
1511 1810 1589 1896 ipsa
1613 1811 1730 1875 divina
1754 1810 1916 1888 essentia,
1945 1823 1979 1876 et
1999 1811 2007 1846 ¹
2031 1833 2072 1876 ex
2098 1811 2313 1896 perfectione
2338 1823 2372 1878 et
2388 1812 2512 1879 virtute

1035 1926 1212 2011 potentiae
1247 1926 1321 1991 sive
1352 1927 1401 1992 rei
1433 1926 1532 1992 cuius
1565 1938 1617 1992 est
1648 1927 1725 2011 ipsa
1753 1926 1921 2011 operatio,
1946 1927 2105 1993 scilicet²
2133 1927 2243 2013 ipsius
2272 1927 2514 1994 rationabilis⁸

1035 2052 1224 2121 creaturae,
1259 2053 1376 2128 potest
1413 2043 1617 2130 contingere
1653 2042 1969 2127 impedimentum⁴
2003 2065 2024 2108 a
2062 2042 2278 2128 perfectione
2312 2043 2512 2110 huiusmodi

1035 2157 1248 2243 operationis
1287 2169 1346 2222 aut
1385 2180 1427 2223 ex
1466 2158 1704 2223 subtractione
1742 2158 1852 2242 ipsius
1892 2158 2019 2223 obiecti
2059 2159 2303 2243 qualicumque
2342 2160 2512 2226 existente

1035 2272 1265 2359 dispositione
1294 2285 1328 2338 et
1355 2273 1569 2359 perfectione
1596 2273 1631 2338 in
1659 2273 1819 2340 subiecto
1847 2274 1947 2339 cuius
1975 2285 2028 2339 est
2055 2273 2163 2339 talis⁶
2190 2275 2358 2361 operati0,
2383 2287 2443 2341 aut
2469 2297 2512 2342 ex

1035 2387 1298 2473 imperfectione
1326 2388 1496 2454 existente
1524 2388 1558 2453 in
1587 2389 1665 2474 ipso
1693 2388 1853 2454 subiecto
1878 2389 1951 2454 sive
1975 2389 2010 2454 in
2039 2389 2114 2455 eius
2143 2390 2299 2475 potentia
2327 2401 2361 2456 et
2387 2391 2512 2457 virtute

1034 2505 1228 2570 secundum
1246 2526 1349 2588 quam
1379 2504 1542 2569 convenit
1559 2504 1590 2569 ei
1614 2504 1814 2569 huiusmodi
1840 2504 2007 2589 operatio.
2033 2505 2147 2571 Primo
2172 2507 2278 2572 modo
2302 2528 2375 2572 non
2400 2507 2512 2593 potuit

1034 2619 1192 2705 impediri
1231 2620 1346 2684 anima
1378 2619 1505 2685 Christi
1538 2642 1557 2683 a
1597 2619 1813 2705 plenitudine
1845 2619 2079 2701 beatitudinis,
2113 2642 2156 2686 eo
2195 2623 2291 2706 quod
2331 2644 2510 2706 nunquam

1033 2736 1097 2801 fuit
1124 2735 1238 2800 anima
1266 2735 1451 2802 benedicta
1480 2735 1618 2815 Christi,
1647 2748 1832 2820 postquam
1861 2736 2004 2820 primo⁶
2031 2737 2126 2802 unita
2155 2737 2218 2802 fuit
2241 2739 2295 2803 vel
2321 2749 2510 2824 assumpta,

1034 2873 1054 2916 a
1082 2850 1199 2917 divino
1228 2851 1411 2937 supposito
1440 2861 1610 2936 separata,
1635 2872 1703 2916 nec
1731 2851 1842 2916 deitas
1870 2873 1890 2915 a
1918 2863 2112 2937 conspectu
2145 2852 2341 2918 intellectus
2374 2853 2509 2920 animae

1033 2988 1071 3032 se
1096 2965 1305 3031 subtraxit⁷
1332 2967 1440 3031 Immo
1466 2968 1661 3032 secundum
1691 2966 1826 3050 aliquos
1855 2978 2018 3033 manente
2048 2967 2179 3034 unione
2206 2969 2240 3033 in
2270 2968 2402 3034 unitate
2430 2991 2511 3054 sup·

1032 3082 1137 3168 positi
1153 3103 1224 3147 non
1242 3082 1368 3168 poterit
1383 3082 1457 3148 fieri
1479 3081 1668 3147 subtractio
1694 3082 1830 3147 deitatis
1852 3082 1986 3148 ratione
2011 3083 2138 3150 obiecti
2163 3083 2330 3163 fruibilis;
2356 3084 2510 3169 alioquin

1033 3210 1154 3283 posset
1192 3210 1315 3263 natura
1354 3197 1531 3263 rationalis
1571 3210 1751 3282 assumpta
1791 3220 1869 3263 esse
1909 3197 2110 3283 simpliciter
2152 3199 2272 3265 viatrix
2313 3211 2347 3265 et
2385 3199 2509 3267 mereri

1032 3313 1178 3401 gloriam
1218 3325 1251 3379 et
1290 3313 1392 3378 etiarn
1432 3313 1599 3379 demereri
1640 3324 1674 3378 et
1713 3334 1861 3398 peccare
1893 3336 1983 3398 quae
2024 3315 2185 3380 videntur
2216 3315 2509 3381 inconvenientia.

1032 3429 1200 3495 Secundo
1228 3431 1335 3494 modo
1364 3429 1466 3494 etiarn
1494 3429 1631 3494 videtur
1663 3429 1836 3514 aliquibus
1868 3431 1964 3514 quod
1999 3452 2070 3495 non
2103 3431 2215 3515 potuit
2246 3431 2405 3516 impediri
2437 3453 2509 3497 non

1032 3546 1143 3611 solum
1173 3546 1287 3610 anima
1312 3545 1440 3610 Christi
1469 3546 1531 3610 sed
1559 3565 1627 3610 nec
1655 3544 1771 3609 anima
1799 3544 1984 3611 cuiuslibet
2011 3546 2161 3611 alterius.
2187 3546 2279 3630 Quia
2307 3568 2386 3613 cum
2403 3547 2509 3612 beati·

1032 3662 1118 3726 tudo
1149 3661 1384 3747 principaliter
1413 3660 1581 3726 consistat
1613 3660 1648 3725 in
1688 3659 1822 3726 visione
1861 3661 1977 3727 nudae
2006 3661 2174 3727 divinae⁸
2214 3662 2387 3728 essentiae
2420 3684 2510 3747 quae

1032 3798 1102 3841 non
1131 3777 1268 3841 videtur
1295 3776 1361 3840 nisi
1387 3775 1609 3841 intellectuali
1638 3775 1784 3854 visione,
1812 3775 2008 3841 intellectus
2043 3788 2157 3842 autem
2193 3798 2264 3842 non
2299 3776 2434 3865 indiget
2465 3779 2509 3843 ad

1032 3893 1221 3978 perfectam
1250 3891 1302 3956 sui
1331 3891 1571 3977 operationem
1600 3912 1748 3975 corpore
1776 3891 1843 3956 nisi
1872 3903 2014 3977 propter
2041 3894 2286 3977 phantasmata
2314 3892 2348 3958 in
2383 3893 2509 3977 quibus

1032 4008 1208 4073 veritatem
1245 4006 1493 4095 intelligibilem
1528 4006 1690 4085 intuetur,
1725 4008 1768 4071 ad
1805 4007 1975 4072 visionem
2009 4019 2124 4073 autem
2160 4010 2289 4073 nudam
2326 4020 2360 4073 et
2393 4008 2509 4073 imme·

1031 4124 1158 4188 diatam
1191 4122 1329 4188 divinae
1361 4122 1534 4188 essentiae
1566 4123 1810 4208 phantasmata
1841 4143 1912 4187 non
1945 4134 2188 4207 cooperantur,
2219 4163 2254 4171 -
2283 4123 2365 4188 ideo
2398 4144 2509 4207 aeque

1031 4240 1185 4326 perfecte
1209 4251 1246 4304 ut
1270 4238 1414 4316 videtur,
1446 4237 1541 4303 videt
1565 4237 1680 4302 anima
1707 4238 1821 4302 Deum
1849 4237 1924 4303 sine
1949 4260 2097 4323 corpore
2122 4238 2213 4304 sicut
2240 4260 2319 4303 cum
2348 4260 2507 4324 corpore.

1120 4356 1207 4420 Cum
1234 4355 1347 4434 etiam,
1372 4365 1409 4418 ut
1440 4355 1578 4419 dicebat
1609 4353 1841 4438 respondens
1867 4353 2045 4419 beatitudo
2070 4375 2142 4419 non
2176 4354 2290 4419 fluat⁹
2314 4377 2334 4419 a
2362 4375 2509 4440 corpore

1031 4473 1065 4536 in
1100 4471 1261 4549 animam,
1300 4471 1363 4535 sed
1396 4469 1509 4557 magis
1545 4490 1564 4534 e
1598 4489 1771 4534 converso
1807 4470 1851 4534 ab
1887 4469 2001 4533 anima
2033 4469 2068 4534 in
2110 4490 2239 4554 corpus
2275 4471 2369 4554 quod
2405 4470 2508 4536 etiam

1030 4586 1221 4675 gloriosum
1247 4585 1395 4650 efficitur
1419 4606 1481 4669 per
1505 4585 1680 4668 quandam
1706 4585 1970 4650 redundantiam
1999 4584 2131 4672 gloriae
2158 4585 2294 4650 animae
2318 4586 2352 4650 in
2381 4585 2507 4670 ipsum,

1033 4703 1169 4768 videtur
1191 4702 1286 4786 quod
1316 4722 1445 4786 corpus
1470 4722 1490 4764 a
1513 4722 1577 4765 sua
1604 4699 1716 4787 gloria
1744 4700 1951 4784 impediatur
1978 4722 2021 4765 ex
2049 4701 2270 4786 separatione
2299 4701 2435 4766 animae
2464 4702 2508 4765 ab
2539 4729 2541 4732 ·

844 4771 1011 4897 f0i‚⁰2dr{7VRa
1033 4819 1121 4904 ipsu,
1149 4819 1212 4882 sed
1246 4816 1361 4881 anima
1393 4838 1413 4880 a
1456 4819 1460 4900 l
1507 4837 1571 4880 sua
1599 4815 1710 4903 gloria
1743 4816 1838 4880 nullo
1869 4816 1976 4880 modo
2001 4815 2186 4900 impeditur
2215 4837 2258 4881 ex
2287 4817 2508 4902 separatione

1031 4933 1189 5018 corporis
1218 4934 1262 4998 ab
1287 4932 1384 5016 ipsa;
1419 4942 1456 4995 ut
1485 4930 1521 4995 in
1549 4930 1787 5015 resumptione
1805 4930 1830 4965 ¹⁰
1864 4931 2021 5016 corporis
2054 4952 2127 4996 non
2160 4944 2296 4997 crescat
2328 4932 2508 4997 beatitudo

1031 5048 1212 5127 intensive,
1237 5049 1300 5112 sed
1324 5058 1457 5112 tantum
1475 5046 1663 5125 extensive,
1681 5046 1781 5130 quasi
1798 5046 1931 5112 scilicet
1955 5046 2070 5111 anima
2095 5068 2136 5112 ex
2159 5047 2358 5112 huiusmodi
2378 5046 2508 5113 unione

1031 5185 1103 5229 non
1127 5165 1233 5229 habet
1267 5162 1454 5248 perfectius
1490 5173 1605 5226 actum
1639 5161 1781 5227 videndi
1810 5163 1924 5227 Deum
1953 5161 1989 5227 in
2019 5185 2089 5246 quo
2123 5162 2283 5228 consistit
2318 5163 2507 5242 beatitud0,

1031 5280 1094 5345 sed
1119 5301 1161 5344 ex
1185 5280 1307 5344 anima
1327 5278 1352 5313 ¹¹
1376 5278 1478 5343 etiam
1503 5277 1700 5343 extenditur
1723 5288 1757 5342 et
1780 5278 1953 5343 redundat
1977 5279 2021 5342 ad
2046 5273 2175 5363 corpus
2208 5279 2304 5363 quod
2330 5278 2507 5364 perfectis·

1031 5395 1117 5461 sime
1140 5396 1247 5461 habet
1270 5393 1438 5480 perficere
1462 5415 1541 5459 cum
1566 5403 1618 5459 est
1642 5391 1846 5481 glorificata.

1119 5511 1190 5577 Sed
1214 5512 1284 5575 hoc
1311 5530 1383 5574 non
1412 5509 1512 5575 valet.
1538 5509 1640 5592 Quia,
1665 5508 1746 5574 licet
1774 5508 1909 5574 animae
1938 5508 1973 5573 in
2003 5508 2137 5574 visione
2166 5508 2304 5574 divinae
2333 5509 2507 5575 essentiae

1030 5649 1102 5694 non
1119 5625 1317 5693 deserviant
1340 5627 1593 5711 phantasmata,
1611 5646 1678 5690 nec
1702 5646 1744 5690 ex
1768 5646 1915 5711 corpore
1932 5624 2006 5690 sive
2023 5646 2064 5690 ex
2088 5625 2163 5690 eius
2180 5624 2291 5712 gloria
2311 5626 2396 5690 fluat
2411 5625 2467 5691 vel
2483 5623 2508 5661 ¹²

1121 5913 1127 5943 ¹
1141 5908 1185 5962 bis
1197 5910 1231 5964 V.
1246 5943 1279 5950 —
1293 5910 1304 5942 ¹
1317 5927 1372 5964 om.
1386 5910 1417 5963 P.
1432 5941 1464 5948 -
1478 5909 1489 5941 ⁸
1501 5907 1652 5962 rationalis
1667 5909 1698 5962 P.
1719 5941 1752 5948 —
1766 5910 1777 5940 ⁴
1789 5907 2000 5980 impedimenta
2013 5908 2043 5961 P.
2058 5940 2091 5948 —
2112 5907 2199 5980 ¹ipsa
2218 5908 2249 5962 P.
2265 5940 2298 5948 -
2313 5909 2405 5979 ⁸post
2424 5908 2457 5962 V.
2472 5940 2505 5947 —

1030 6001 1039 6032 ⁷
1053 5998 1197 6054 subtrahit
1209 5998 1241 6053 P.
1255 6030 1288 6038 -
1302 5998 1313 6030 ⁸
1325 6015 1381 6051 om.
1395 5997 1425 6050 Ρ.
1439 6028 1473 6036 -
1487 5998 1498 6028 ⁹
1510 5995 1572 6049 fluit
1584 5995 1615 6050 P.
1630 6029 1663 6035 -
1680 5997 1700 6027 ¹⁰
1712 5997 1925 6050 resurrectione
1939 5997 1971 6050 P.
1984 6028 2018 6035 —
2035 5999 2052 6028 ¹¹
2067 6013 2121 6050 sua
2134 5996 2198 6050 PV.
2212 6029 2245 6036 —
2262 5997 2282 6028 ¹²
2294 5995 2366 6051 nihil
2378 5996 2412 6050 V.
