6700 7992
1310 1408 1526 1466 SECUNDUM
1555 1408 1855 1481 QUODLIBETUM,
1883 1409 1919 1480 Q.
1946 1409 1974 1462 ll
2371 1408 2406 1460 65

927 1589 1131 1676 simpliciter
1161 1601 1195 1656 et
1229 1588 1265 1654 in
1301 1600 1381 1655 actu
1413 1601 1447 1654 et
1479 1587 1741 1675 praedicatione
1774 1587 1951 1654 essentiali
1987 1588 2083 1672 quod
2110 1608 2182 1653 non
2217 1586 2340 1652 existat
2371 1585 2407 1651 in

930 1716 1021 1786 actu,
1050 1726 1118 1772 nec
1147 1705 1343 1771 substantia
1369 1705 1405 1770 in
1434 1703 1590 1790 potentia
1619 1703 1744 1770 dicitur
1768 1703 1836 1769 nisi
1860 1704 1955 1789 quod
1986 1701 2101 1769 existit
2128 1701 2343 1787 inpotentia
2374 1711 2408 1768 et

929 1833 1057 1888 cetera.
1091 1822 1143 1886 Ea
1174 1832 1289 1887 autem
1329 1842 1420 1905 quae
1451 1841 1523 1885 non
1555 1832 1637 1884 sunt
1667 1819 1703 1884 in
1735 1819 1917 1885 existentia
1949 1829 1982 1885 et
2013 1819 2144 1884 habent
2178 1818 2291 1883 solum
2329 1837 2407 1883 esse

929 1936 1125 2025 cognitum,
1158 1935 1205 2000 ita
1244 1937 1339 2020 quod
1375 1957 1447 2001 non
1485 1947 1568 2000 sunt
1601 1945 1683 2000 nata
1719 1934 1867 2001 existere
1905 1934 2041 2000 realiter
2079 1944 2175 1999 extra
2213 1934 2408 1999 secundum

848 2130 850 2134 ¹
930 2053 1077 2118 formam
1095 2062 1128 2118 et
1153 2053 1298 2116 modum
1323 2051 1400 2116 talis
1425 2050 1647 2138 cognitionis,
1664 2071 1735 2116 non
1765 2049 1928 2115 dicuntur
1955 2048 2071 2133 aliquo
2095 2050 2202 2115 modo
2223 2049 2408 2134 importare

929 2188 1032 2233 veras
1060 2167 1232 2232 essentias
1270 2177 1304 2232 et
1341 2165 1554 2251 quidditates
1591 2165 1938 2251 praedicamentales.
1966 2164 2010 2230 Et
2040 2164 2121 2229 ideo
2152 2185 2219 2230 nec
2250 2165 2294 2229 de
2324 2163 2408 2250 ipsis

931 2294 968 2348 ut
996 2283 1040 2348 de
1068 2281 1220 2348 realibus
1250 2281 1388 2347 entibus
1416 2295 1469 2347 est
1497 2280 1653 2362 scientia,
1683 2281 1763 2365 quia
1791 2283 1885 2346 nullo
1914 2281 2020 2345 modo
2051 2280 2182 2346 habent
2210 2300 2288 2345 esse
2316 2281 2408 2346 reale

931 2419 998 2464 nec
1019 2397 1028 2433 ¹
1052 2408 1132 2464 actu
1150 2398 1184 2462 in
1203 2419 1241 2463 se
1266 2397 1351 2483 ipsis
1376 2418 1443 2463 nec
1467 2397 1502 2462 in
1527 2396 1684 2483 potentia
1708 2396 1741 2462 in
1767 2396 1840 2461 suis
1857 2395 1982 2476 causis,
2000 2408 2034 2461 et
2058 2395 2137 2460 ideo
2161 2395 2288 2461 talibus
2303 2397 2408 2462 rebus

931 2515 1027 2580 nullo
1057 2514 1163 2578 modo
1191 2512 1358 2578 convenit
1384 2534 1464 2579 esse
1496 2512 1669 2580 essentiae
1698 2514 1752 2578 vel
1777 2513 1869 2578 reale
1893 2513 1955 2578 sed
1985 2512 2097 2578 solum
2121 2532 2201 2577 esse
2229 2511 2408 2599 cognitum

928 2631 985 2696 vel
1024 2627 1252 2717 imaginatum
1293 2629 1349 2694 vel
1387 2627 1596 2694 huiusmodi.
1642 2628 1684 2693 Et
1723 2627 1774 2693 sic
1812 2627 1968 2716 cognitio
2009 2627 2206 2692 chimaerae
2243 2648 2315 2692 non
2355 2637 2410 2693 est

932 2744 1088 2832 cognitio
1120 2743 1266 2809 alicuius
1294 2765 1410 2809 veram
1443 2743 1632 2809 essentiam
1663 2742 1896 2828 imponentis
1928 2742 2009 2828 quia
2040 2742 2237 2809 chimaerae
2266 2741 2407 2808 habenti

929 2861 1000 2926 tale
1027 2880 1106 2926 esse
1134 2859 1314 2946 cognitum
1343 2881 1414 2924 non
1443 2869 1561 2944 potest
1587 2859 1804 2944 respondere
1833 2879 1912 2924 esse
1939 2859 2030 2924 reale
2058 2868 2162 2938 extra,
2181 2868 2215 2924 et
2238 2858 2319 2924 ideo
2342 2878 2410 2924 nec

930 2975 1131 3062 praedicata
1146 2975 1250 3040 realia
1267 2974 1464 3040 essentialia
1481 2975 1525 3040 de
1542 2975 1668 3039 talibus
1693 2973 1887 3059 praedicari
1911 2985 2070 3060 possunt,
2089 2995 2155 3040 nec
2179 2995 2241 3059 per
2264 2976 2409 3040 modum

930 3103 1030 3157 actus
1059 3111 1126 3156 nec
1153 3112 1217 3177 per
1242 3092 1384 3155 modum
1413 3090 1599 3175 potentiae.
1629 3089 1717 3154 Aliis
1746 3100 1861 3155 autem
1886 3089 1980 3155 dicto
2008 3091 2116 3155 modo
2140 3090 2307 3156 convenit
2330 3111 2409 3157 esse

932 3206 1107 3273 essentiae
1131 3217 1165 3272 et
1188 3209 1291 3286 reale,
1306 3204 1408 3271 etiam
1425 3227 1504 3271 cum
1522 3227 1594 3269 non
1611 3205 1764 3271 existunt
1787 3206 1976 3271 formaliter
1991 3205 2026 3270 in
2043 3205 2179 3292 seipsis,
2205 3216 2239 3272 et
2255 3207 2409 3295 cognitio

931 3323 1051 3389 talium
1075 3321 1206 3388 entium
1223 3343 1296 3387 non
1313 3321 1533 3387 existentium
1551 3320 1675 3386 dicitur
1700 3342 1779 3386 esse
1797 3320 1942 3386 alicuius
1959 3342 2062 3387 verae
2079 3322 2262 3401 essentiae,
2293 3326 2297 3407 Ι
2329 3323 2410 3409 quia

932 3437 991 3504 tali
1019 3436 1212 3526 cognitioni
1236 3437 1292 3503 vel
1315 3436 1458 3502 habenti
1483 3436 1534 3502 sic
1554 3458 1633 3502 esse
1658 3435 1837 3523 cognitum
1866 3447 1985 3501 natum
2013 3448 2066 3503 est
2092 3439 2307 3522 respondere
2331 3453 2410 3506 esse

932 3554 1025 3619 reale
1055 3564 1161 3633 extra,
1183 3562 1217 3617 et
1248 3553 1316 3617 iam
1344 3553 1536 3638 respondet
1564 3573 1642 3617 esse
1671 3552 1763 3617 reale
1791 3551 1825 3616 in
1854 3552 2011 3637 potentia
2040 3554 2093 3617 vel
2120 3553 2245 3620 virtute
2268 3576 2410 3620 suorum

932 3668 1191 3754 principiorum,
1210 3679 1244 3734 et
1275 3668 1470 3733 secundum
1499 3669 1640 3732 modum
1669 3668 1865 3733 secundum
1893 3689 1995 3752 quem
2028 3668 2078 3734 eis
2110 3668 2302 3735 convenit²
2332 3691 2410 3736 esse

932 3783 1106 3850 essentiae
1146 3793 1180 3849 et
1214 3784 1306 3849 reale
1341 3782 1587 3868 praedicantur
1621 3784 1665 3848 de
1697 3783 1783 3868 ipsis
1823 3782 2024 3869 praedicata
2060 3784 2267 3875 essentialia.
2306 3786 2410 3852 Unde

931 3899 1014 3987 quia
1029 3920 1110 3964 rosa
1134 3920 1207 3965 non
1235 3899 1405 3964 existente
1428 3897 1507 3984 ipsa
1529 3919 1602 3964 non
1629 3899 1736 3965 habet
1760 3919 1838 3964 esse
1862 3899 2037 3965 essentiae
2066 3921 2168 3966 rosae
2199 3899 2234 3965 in
2266 3911 2345 3967 actu
2378 3911 2412 3966 et

933 4014 1144 4101 simpliciter,
1172 4015 1236 4079 sed
1265 4014 1299 4078 in
1331 4012 1488 4099 potentia
1514 4024 1549 4080 et
1585 4014 1719 4094 virtute,
1744 4015 1839 4080 unde
1869 4036 1949 4080 rosa
1977 4037 2050 4080 non
2078 4015 2231 4081 existens
2258 4037 2330 4082 non
2359 4027 2412 4082 est

932 4152 1014 4198 rosa
1033 4130 1100 4195 nisi
1117 4129 1152 4194 in
1169 4129 1346 4215 potentia,
1372 4139 1405 4195 et
1428 4129 1509 4195 ideo
1527 4129 1630 4194 etiam
1654 4151 1722 4196 nec
1746 4141 1799 4196 est
1814 4132 1880 4196 flos
1905 4130 2105 4217 simpliciter
2124 4133 2187 4198 sed
2203 4131 2237 4197 in
2256 4132 2412 4218 potentia

932 4247 1041 4314 etsie
1065 4247 1110 4311 de
1134 4245 1219 4311 aliis.

1022 4361 1084 4426 Est
1112 4372 1226 4427 tamen
1257 4359 1522 4448 intelligendum
1550 4362 1645 4444 quod
1669 4361 1895 4427 terminorum
1924 4361 2196 4450 significantium
2224 4384 2279 4429 res
2310 4385 2411 4429 veras

931 4476 1104 4544 essentias
1139 4476 1378 4562 importantes,
1404 4476 1545 4561 quidam
1584 4476 1786 4564 significant
1824 4498 1880 4542 res
1920 4478 2052 4542 nullum
2084 4490 2222 4564 tempus
2255 4481 2299 4545 ad
2332 4501 2411 4546 esse

932 4614 1034 4659 suum
1059 4593 1194 4658 actuale
1218 4590 1501 4670 determinantes,
1520 4602 1557 4655 ut
1580 4601 1675 4676 patet
1700 4592 1744 4658 de
1769 4592 1884 4657 multis
1905 4592 2107 4658 nominibus
2132 4594 2411 4682 significantibus

933 4709 1058 4773 multas
1075 4706 1212 4793 species
1229 4706 1379 4786 entium;
1397 4745 1438 4754 —
1456 4705 1597 4791 quidam
1613 4718 1729 4773 autem
1746 4707 1944 4795 significant
1963 4730 2021 4774 res
2046 4720 2184 4795 tempus
2212 4710 2278 4776 sibi
2302 4712 2412 4778 deter-

934 4823 1106 4889 minantes
1124 4843 1214 4907 quae
1238 4832 1354 4889 tamen
1373 4822 1385 4857 ³
1401 4832 1482 4887 sunt
1506 4822 1718 4888 reiterabiles
1743 4824 1937 4889 secundum
1956 4845 2019 4889 sua
2042 4823 2221 4891 individua
2237 4826 2412 4908 infinitieS,

934 4950 1038 5025 prout
1054 4937 1156 5005 etiam
1173 4939 1368 5003 secundum
1385 4959 1523 5003 cursum
1541 4959 1763 5004 communem
1788 4939 2024 5005 revolutiones
2048 4941 2136 5007 caeli
2152 4952 2233 5007 sunt
2248 4941 2412 5009 inlinities

932 5053 1146 5121 reiterabiles
1173 5065 1208 5119 et
1235 5064 1337 5139 prout
1365 5053 1490 5119 dicitur
1506 5055 1551 5119 de
1576 5054 1761 5140 phoenice,
1778 5054 1897 5140 pluvia
1912 5066 1946 5121 et
1973 5055 2194 5135 huiusmodi;
2212 5097 2252 5104 -
2272 5058 2413 5142 quidam

934 5168 1134 5258 significant
1167 5190 1222 5234 res
1257 5179 1395 5254 tempus
1424 5168 1491 5234 sibi
1528 5168 1831 5236 determinantes³
1867 5191 1939 5236 non
1971 5170 2185 5238 reiterabiles
2217 5175 2413 5239 secundum

935 5284 1077 5369 aliquod
1109 5283 1201 5349 aliud
1233 5294 1382 5369 tempuS,
1414 5294 1452 5349 ut
1486 5295 1582 5369 patet
1621 5285 1666 5350 de
1702 5284 1864 5350 omnibus
1904 5285 2092 5351 individuis
2131 5287 2413 5374 corruptibilibus

934 5400 1130 5466 secundum
1148 5421 1287 5465 cursum
1306 5420 1526 5465 communem
1543 5401 1599 5464 vel
1616 5411 1784 5464 naturam.
1802 5400 1846 5466 Et
1863 5402 2060 5467 secundum
2083 5404 2154 5468 hoc
2180 5403 2413 5471 diversimode

935 5514 1159 5581 verificabilia
1190 5526 1272 5580 sunt
1303 5513 1504 5600 praedicata
1535 5514 1580 5580 de
1620 5514 1686 5580 illis
1718 5526 1752 5580 et
1786 5514 1863 5600 ipsa
1898 5515 2002 5582 etiam
2038 5516 2272 5585 diversimode
2303 5518 2413 5584 verifi-

936 5642 1060 5696 cantur
1086 5631 1131 5696 de
1158 5628 1223 5695 illis
1250 5629 1376 5714 quibus
1405 5642 1486 5695 nata
1513 5641 1595 5694 sunt
1629 5629 1777 5695 attribui.
1807 5631 1896 5695 Nam
1931 5632 2038 5697 cum⁴
2065 5632 2192 5698 animal
2219 5633 2263 5699 sit
2290 5646 2414 5701 natura

1025 5915 1035 5948 ¹
1047 5913 1077 5968 in
1087 5915 1157 5968 add.
1168 5915 1199 5969 P.
1213 5946 1246 5954 -
1260 5915 1270 5946 ¹
1283 5914 1327 5968 eis
1340 5913 1488 5983 convenit]
1500 5913 1638 5968 convenit
1651 5913 1695 5968 eis
1704 5915 1735 5968 P.
1751 5946 1785 5953 —
1798 5915 1809 5947 ³
1822 5933 1898 5987 quae
1912 5924 2010 5970 tamen
2021 5948 2054 5956 —
2065 5916 2304 5988 determinantes]
2316 5936 2371 5972 om.
2382 5919 2413 5973 P.

934 6032 970 6042 -
983 6005 994 6035 ⁴
1007 6019 1062 6056 om.
1076 6002 1107 6057 P.
2289 6008 2308 6062 9
