6700 7992
1363 1470 1538 1528 TERTIUM
1567 1472 1866 1542 QUODLIBETUM,
1894 1472 1930 1543 Q.
1959 1472 1972 1526 1
2356 1476 2406 1527 t6¹l

928 1662 1076 1739 possent
1094 1651 1262 1737 praedicti
1280 1650 1423 1717 articuli.
1443 1650 1634 1718 Sciendum
1659 1662 1712 1716 est
1735 1650 1839 1740 igitur
1862 1652 1958 1736 quod
1983 1652 2118 1718 dicere:
2144 1674 2207 1718 ens
2225 1662 2407 1719 causatum

928 1769 983 1835 vel
1011 1768 1045 1834 in
1073 1789 1152 1833 esse
1181 1768 1388 1853 productum
1414 1788 1477 1832 seu
1505 1766 1657 1833 essentia
1682 1767 1717 1832 in
1745 1789 1824 1833 esse
1852 1768 2033 1852 producta,
2057 1789 2130 1834 non
2147 1778 2200 1834 est
2227 1768 2344 1835 dicere
2372 1767 2407 1833 in

930 1906 974 1952 eo
1002 1905 1081 1951 esse
1112 1884 1210 1969 plura
1238 1883 1374 1949 realiter
1401 1883 1547 1963 diversa,
1573 1905 1614 1949 ex
1642 1882 1768 1967 quibus
1796 1883 1833 1948 fit
1859 1904 1914 1950 res
1950 1896 2093 1951 causata
2120 1883 2315 1970 composita
2345 1904 2408 1970 per

928 2002 998 2067 hoc
1030 2001 1124 2084 quod
1153 2011 1206 2066 est
1233 2021 1296 2065 ens
1325 2010 1358 2064 et
1385 2020 1447 2084 per
1469 2001 1537 2065 hoc
1566 2000 1660 2084 quod
1688 1998 1721 2064 in
1746 2020 1825 2064 esse
1853 2010 1996 2065 causata
2020 1999 2102 2066 vel¹
2126 2021 2206 2067 esse
2233 1998 2407 2086 recipiens

929 2140 951 2183 a
966 2137 1032 2181 suo
1058 2125 1213 2181 causato.
1239 2115 1338 2181 Sicut
1355 2114 1445 2180 enim
1471 2115 1565 2199 apud
1590 2113 1820 2200 philosophos
1853 2118 1857 2198 l
1890 2115 2047 2181 dicentes
2072 2115 2200 2200 aliquid
2225 2126 2407 2183 causatum
2428 2088 2600 2215 foffisslpR„

929 2254 1037 2320 posse
1055 2252 1134 2298 esse
1162 2242 1386 2297 coaeternum
1412 2252 1497 2297 suae
1521 2252 1660 2309 causae,
1685 2252 1756 2295 non
1782 2229 1935 2316 oportuit
1963 2230 2203 2299 universaliter
2227 2242 2408 2298 causatum

928 2350 1045 2416 facere
1062 2346 1354 2433 compositionem
1379 2367 1421 2411 ex
1445 2345 1577 2412 naturis
1603 2345 1758 2426 diversis,
1782 2360 1820 2411 ut
1844 2357 1939 2432 patet
1966 2346 2000 2412 in
2018 2347 2222 2413 substantiis
2238 2346 2408 2434 separatis

928 2487 1016 2551 quas
1040 2463 1218 2550 simplices
1236 2483 1315 2529 esse
1335 2462 1494 2528 dixerunt
1519 2472 1660 2547 propter
1683 2463 1825 2528 modum
1850 2483 1979 2529 causae
2003 2475 2038 2528 et
2061 2462 2273 2529 causalitatis
2290 2463 2408 2530 talium

929 2580 988 2667 qui
1004 2590 1059 2647 est
1074 2579 1150 2645 sine
1172 2578 1267 2644 omni
1293 2579 1397 2643 modo
1420 2577 1717 2643 transmutationis
1746 2588 1780 2643 et
1803 2599 1932 2644 causae
1957 2589 1990 2644 et
2014 2578 2158 2659 causati,
2177 2618 2218 2626 -
2241 2578 2289 2644 ita
2306 2578 2409 2646 etiam

930 2719 996 2763 nos
1024 2695 1083 2781 qui
1116 2695 1280 2780 ponimus
1308 2693 1426 2759 omnia
1452 2704 1568 2758 creata
1593 2715 1672 2759 esse
1697 2695 1741 2759 de
1769 2714 1862 2760 novo
1892 2705 1926 2760 et
1954 2695 1997 2760 de
2025 2694 2133 2760 nihilo
2163 2704 2306 2760 causata
2332 2694 2409 2762 sine

930 2811 1025 2879 omni
1052 2812 1159 2884 modo
1187 2809 1483 2876 transmutationis
1512 2831 1602 2895 quae
1627 2809 1670 2875 sit
1698 2809 1733 2875 in
1761 2831 1869 2875 causa
1899 2811 1954 2875 vel
1983 2821 2138 2890 causato,
2168 2831 2241 2876 non
2271 2820 2410 2896 oportet

930 2949 1062 3015 ponere
1087 2937 1267 2993 causatum
1292 2946 1370 2992 esse
1395 2925 1628 3011 compositum
1657 2925 1691 2990 in
1717 2947 1756 2992 se
1784 2924 1861 3012 ipso
1886 2947 1928 2992 ex
1952 2925 2098 2991 diversis
2124 2926 2256 2991 naturis
2271 2926 2409 2993 realiter

930 3042 1111 3110 distinctis.
1136 3043 1211 3108 Nee
1239 3044 1309 3107 lroc
1336 3052 1450 3128 potest
1477 3042 1575 3130 argui
1604 3063 1645 3107 ex
1673 3041 1807 3107 ratione
1835 3041 1981 3108 alicuius
2010 3063 2139 3109 causae
2172 3064 2235 3128 per
2268 3063 2408 3129 compa·

929 3159 1099 3226 rationem
1142 3159 1186 3223 ad
1230 3157 1403 3237 effectum,
1430 3157 1497 3222 nisi
1540 3179 1582 3223 ex
1622 3157 1697 3222 sola
1732 3156 1867 3224 ratione
1906 3157 2062 3223 causae²
2096 3157 2277 3224 efficientis
2309 3161 2314 3243 Ι
2346 3180 2408 3245 per
2434 3117 2603 3246 foif'gigilgn

929 3273 1254 3342 transmutationem
1279 3295 1369 3358 quae
1399 3284 1480 3360 eget
1504 3273 1663 3339 subiecto
1696 3282 1861 3358 tanquam
1893 3273 2065 3359 principio
2093 3273 2294 3341 necessario
2322 3295 2408 3341 suae

931 3389 1134 3469 causalitati,
1160 3390 1194 3455 in
1219 3411 1289 3474 quo
1316 3388 1502 3474 recipiatur
1529 3388 1564 3453 id
1593 3390 1689 3474 quod
1720 3401 1774 3454 est
1801 3388 1876 3454 eius
1908 3390 2054 3456 effectus
2084 3389 2195 3476 primo
2223 3401 2257 3456 et
2285 3411 2348 3477 per
2370 3410 2409 3457 se

930 3506 1008 3574 talis
1025 3505 1172 3594 agentis
1190 3505 1301 3592 primo
1326 3503 1485 3589 quamvis
1509 3526 1582 3570 non
1607 3526 1670 3591 per
1694 3526 1732 3571 se
1757 3514 1791 3571 et
1815 3504 2026 3591 principalis
2053 3506 2142 3572 Cum
2171 3527 2256 3594 ergo
2274 3505 2411 3592 prima³

931 3644 1038 3692 causa
1066 3643 1176 3711 agens
1207 3621 1242 3687 in
1274 3642 1338 3687 sua
1370 3620 1571 3687 causalitate
1604 3642 1677 3686 non
1716 3631 1819 3708 egeat
1853 3621 2013 3688 subiecto
2046 3620 2081 3687 in
2116 3643 2187 3707 quo
2224 3621 2410 3708 recipiatur

931 3738 1042 3805 illud⁴
1065 3739 1160 3824 quod
1184 3748 1236 3804 est
1264 3737 1339 3803 eius
1368 3737 1513 3803 effectus
1538 3736 1649 3822 primo
1674 3746 1709 3803 et
1731 3758 1794 3823 per
1817 3758 1866 3817 se,
1891 3758 1963 3802 non
1988 3747 2128 3824 oportet
2152 3748 2334 3804 causatum
2358 3736 2426 3805 sic'

932 3866 967 3922 et
994 3876 1014 3920 a
1041 3854 1099 3920 tali
1130 3875 1238 3919 causa
1262 3874 1341 3920 esse
1373 3851 1606 3939 compositum
1640 3873 1683 3919 ex
1711 3853 1858 3919 diversis
1885 3852 2044 3919 naturis⁶
2077 3853 2214 3921 realiter
2239 3852 2411 3922 distinctis

932 3992 1022 4058 quae
1046 3970 1205 4036 dicantur
1228 3968 1263 4034 in
1288 3968 1451 4036 omnibus
1475 3968 1642 4035 creaturis
1667 3989 1747 4035 esse
1771 3980 1806 4035 et
1830 3968 1993 4035 essentia.

1022 4087 1128 4170 Quod
1153 4085 1302 4171 amplius
1327 4084 1429 4152 etiam
1461 4085 1512 4151 sie
1536 4095 1652 4172 potest
1687 4084 1865 4152 declarari.
1898 4070 2074 4169 Quoniam
2107 4085 2136 4151 si
2168 4096 2305 4172 oportet
2328 4085 2412 4153 illud

933 4203 1029 4289 quod
1057 4201 1261 4289 producitur
1287 4223 1350 4287 per
1378 4222 1417 4267 se
1441 4222 1520 4267 esse
1550 4201 1783 4287 compositum
1816 4223 1859 4266 ex
1890 4202 2030 4267 duobus
2054 4224 2201 4287 quorum
2236 4224 2345 4268 unum
2370 4201 2413 4268 sit

933 4317 1097 4385 realiter⁶
1120 4329 1219 4384 actus
1248 4327 1331 4404 puta
1356 4339 1445 4399 esse,
1471 4328 1589 4382 --aut
1612 4338 1654 4383 ex
1678 4316 1742 4382 illis
1760 4319 1900 4383 duobus
1915 4317 1954 4382 fit
1970 4340 2077 4383 unurn
2102 4338 2165 4403 per
2187 4339 2226 4384 se
2250 4317 2301 4384 sic
2318 4318 2413 4404 quod

934 4455 1039 4501 unam
1064 4433 1252 4499 essentiam
1286 4434 1476 4518 perfectam
1505 4432 1721 4498 constituunt
1749 4432 1805 4497 vel
1832 4454 1941 4497 unum
1969 4432 2212 4519 compositum,
2238 4434 2282 4499 ad
2314 4433 2414 4500 cuius

935 4549 1121 4617 essentiam
1149 4560 1183 4615 et
1207 4548 1376 4615 rationem
1402 4548 1615 4614 definitivam
1644 4547 1795 4633 pertinet
1819 4559 2003 4634 utrumque
2027 4548 2162 4614 illorum
2188 4551 2271 4634 (hoc
2298 4562 2414 4616 autem

934 4685 1007 4732 non
1040 4664 1213 4753 contingit
1248 4664 1314 4729 nisi
1349 4675 1483 4729 tantum
1516 4687 1621 4729 unum
1655 4664 1790 4729 illorum
1819 4674 1872 4730 est
1899 4663 2101 4750 simpliciter
2127 4664 2162 4730 in
2194 4664 2350 4751 potentia
2381 4676 2416 4731 et

934 4782 1030 4847 nullo
1055 4782 1161 4846 modo
1186 4790 1285 4846 actus
1310 4791 1343 4846 et
1371 4780 1465 4845 aliud
1490 4791 1542 4846 est
1567 4780 1769 4866 simpliciter
1795 4791 1905 4858 actus,
1930 4780 2046 4866 qualia
2063 4779 2212 4846 dicimus
2236 4780 2415 4847 materiam

936 4907 971 4964 et
1001 4897 1147 4963 formam
1180 4896 1215 4960 in
1239 4916 1370 4983 genere
1395 4895 1635 4978 substantiae),
1654 4935 1695 4944 -
1718 4907 1777 4961 aut
1801 4918 1842 4963 ex
1871 4895 1935 4961 illis
1960 4896 1997 4961 fit
2020 4918 2128 4961 unum
2152 4917 2216 4982 per
2239 4895 2415 4978 accidens,

936 5012 988 5079 sic
1014 5011 1147 5078 seilicet
1172 5014 1267 5096 quod
1296 5033 1404 5077 unum
1436 5011 1572 5076 illorum
1601 5022 1653 5078 est
1685 5011 1814 5098 aliquid
1839 5011 1874 5077 in
1903 5023 1982 5078 actu
2010 5011 2084 5077 sive
2107 5013 2243 5078 habens
2266 5012 2417 5097 aliquem

936 5138 1052 5195 actum
1086 5129 1283 5194 secundum
1318 5149 1367 5208 se,
1393 5127 1449 5193 cui
1481 5127 1575 5193 aliud
1607 5138 1644 5192 ut
1683 5127 1750 5192 iam
1785 5127 1901 5212 aliquo
1939 5129 2043 5193 modo
2078 5128 2239 5195 existenti
2269 5128 2305 5194 in
2337 5140 2417 5197 actu

936 5244 1199 5331 superadditum
1232 5255 1268 5309 ut
1301 5243 1403 5308 etiam
1432 5243 1573 5329 quidam
1606 5254 1704 5310 actus
1740 5243 1950 5330 intelligitur.
1982 5244 2058 5309 Nec
2090 5243 2169 5309 talia
2203 5244 2419 5311 constituunt

937 5359 1078 5445 aliquod
1097 5381 1204 5424 unum
1222 5381 1348 5445 perse,
1367 5360 1411 5425 ad
1429 5359 1529 5425 cuius
1548 5359 1736 5425 essentiam
1754 5370 1787 5424 et
1805 5359 1975 5426 rationem
1998 5358 2210 5426 definitivam
2234 5371 2419 5447 utrumque

938 5474 1110 5563 pertineat
1138 5475 1231 5541 dicto
1256 5476 1374 5554 mod0,
1400 5475 1480 5559 quia
1498 5497 1540 5540 ex
1569 5475 1708 5540 duobus
1733 5474 1850 5559 aliquo
1875 5477 1981 5542 modo
2013 5475 2152 5542 entibus
2183 5474 2217 5541 in
2248 5487 2328 5542 actu
2352 5477 2419 5543 tale

938 5613 1046 5657 unum
1070 5612 1142 5656 non
1168 5591 1398 5670 constituitur,
1424 5590 1540 5675 qualia
1564 5590 1712 5656 dicimus
1737 5591 1932 5657 subiectum
1959 5590 2191 5678 compositum
2208 5612 2250 5658 ex
2277 5591 2421 5658 materia

938 5718 973 5773 et
996 5707 1108 5773 forma
1132 5718 1165 5773 et
1196 5707 1442 5792 quodcumque
1467 5706 1541 5772 eius
1569 5705 1746 5772 accidens.
1774 5705 1933 5773 Potentia
1961 5705 2052 5773 enirn
2088 5719 2249 5794 respectu
2274 5707 2420 5775 alicuius

1032 5993 1039 6023 ¹
1052 5990 1082 6045 in
1095 5993 1164 6045 add.
1179 5993 1209 6046 P.
1224 6025 1256 6031 —
1272 5992 1282 6023 ²
1295 6010 1351 6046 om.
1369 5993 1398 6047 P.
1420 6025 1451 6033 —
1472 5994 1551 6046 ³om.
1567 5992 1597 6046 P.
1617 6025 1650 6033 —
1671 5995 1680 6024 ⁴
1696 5990 1724 6044 id
1738 5992 1769 6045 P.
1785 6023 1817 6031 —
1832 5993 1842 6023 ⁵
1855 5990 1980 6046 diversis
1993 5993 2113 6062 naturis]
2128 5993 2238 6049 naturis
2251 5991 2376 6049 diversis
2389 5993 2420 6058 Ρ.

940 6110 974 6121 -
988 6079 1208 6137 ‘essentialiter
1227 6080 1258 6135 P.
