6700 7992
1249 1460 1751 1535 Taxnm1ocouuuercu,
1780 1466 1816 1538 p.
1845 1438 1856 1519 ¹1
2242 1422 2291 1520 isi

740 1654 745 1661 '
815 1644 923 1714 habet
950 1666 1029 1713 esse
1064 1644 1268 1712 existentiae
1303 1666 1336 1741 a¹
1357 1645 1445 1726 De0,
1478 1665 1516 1710 se
1549 1645 1655 1710 habet
1687 1655 1850 1731 respectu
1881 1655 2060 1711 creaturae
2091 1645 2124 1711 in
2157 1644 2292 1711 ratione

816 1783 945 1830 causae
962 1761 1153 1842 efficientis
1174 1800 1207 1809 -
1231 1783 1315 1849 ergo
1332 1760 1422 1827 sicut
1438 1761 1572 1827 ratione
1598 1782 1677 1827 esse
1694 1759 1899 1827 existentiae
1915 1762 2021 1827 habet
2038 1774 2196 1827 creatura
2212 1781 2291 1828 cum

815 1878 894 1965 ipsa
917 1877 1041 1944 existat
1068 1878 1195 1944 realem
1232 1876 1435 1942 relationem
1470 1877 1514 1942 ad
1548 1877 1660 1941 Deum
1690 1886 1728 1941 ut
1757 1878 1802 1942 ad
1831 1898 1971 1942 causam
1999 1876 2217 1957 efficientem,
2245 1876 2292 1942 ita

816 1993 950 2061 ratione
967 2014 1047 2063 esse
1063 1992 1235 2058 essentiae
1253 1991 1355 2058 etiam
1378 2013 1457 2058 cum
1475 1991 1552 2078 ipsa
1575 2014 1647 2057 non
1672 1991 1796 2058 existat
1819 1993 1926 2058 habet
1942 1993 2068 2059 realem
2090 1992 2291 2059 relationem

816 2112 862 2177 ad
885 2110 999 2196 ipsum
1024 2119 1062 2174 ut
1085 2109 1129 2174 ad
1154 2129 1296 2176 causam
1320 2108 1501 2174 formalem
1524 2109 1765 2194 exemplarem.
1791 2107 1910 2191 Quare
1934 2121 1968 2173 et
1992 2119 2117 2175 cetera.

905 2226 1099 2306 Praeterea,
1117 2224 1207 2290 sicut
1235 2245 1273 2289 se
1301 2224 1407 2290 habet
1433 2225 1545 2289 forma
1569 2224 1613 2289 ad
1642 2223 1819 2290 materiam
1849 2224 1882 2290 in
1911 2224 1964 2290 his
1989 2247 2078 2310 quae
2102 2235 2184 2291 sunt
2200 2245 2292 2292 com·

816 2341 932 2428 posita
962 2362 1004 2408 ex
1032 2340 1175 2406 materia
1203 2350 1237 2406 et
1262 2341 1374 2405 forma
1404 2361 1494 2425 quae
1521 2341 1653 2405 habent
1681 2361 1759 2406 esse
1787 2361 1850 2425 per
1876 2339 2151 2429 generationem,
2180 2340 2226 2406 ita
2253 2362 2293 2407 se

816 2458 923 2524 habet
949 2478 1028 2523 esse
1064 2456 1109 2521 ad
1137 2455 1324 2522 essentiam
1362 2455 1396 2520 in
1434 2455 1596 2521 omnibus
1633 2454 1800 2521 creaturis
1829 2468 2148 2542 quantumcumque
2176 2456 2293 2522 imma·

815 2572 994 2639 terialibus
1018 2584 1052 2638 et
1075 2571 1291 2657 simplicibus
1316 2593 1405 2657 quae
1429 2572 1560 2636 habent
1587 2592 1665 2637 esse
1691 2593 1752 2657 per
1776 2572 2008 2652 creationem3
2034 2594 2121 2658 quas
2145 2593 2293 2640 necesse

816 2699 870 2755 est
886 2709 967 2755 esse
983 2687 1196 2774 compositas
1224 2709 1266 2753 ex
1294 2708 1373 2753 esse
1401 2698 1435 2753 et
1459 2687 1621 2767 essentia,
1651 2687 1803 2773 alioquin
1829 2688 2003 2773 quaelibet
2027 2699 2184 2755 creatura
2201 2700 2294 2755 esset

817 2825 898 2872 esse
925 2805 1103 2890 quoddam
1131 2803 1301 2869 infinitum
1330 2802 1545 2883 illimitatum,
1573 2803 1639 2868 nisi
1667 2824 1747 2869 esse
1775 2816 1954 2871 creaturae
1980 2815 2074 2871 esset
2107 2804 2143 2869 in
2177 2805 2293 2890 aliquo

816 2919 950 2988 scilicet
977 2921 1011 2985 in
1041 2919 1107 2986 alia
1135 2919 1287 2986 essentia
1316 2919 1544 2985 determinata
1572 2931 1751 3004 receptum
1780 2931 1814 2985 et
1830 2919 2092 3016 ¹participatum.
2112 2920 2184 2987 Sed
2201 2942 2293 2986 com·

817 3035 968 3123 positum
997 3057 1039 3101 ex
1062 3036 1205 3101 materia
1230 3045 1263 3101 et
1287 3035 1407 3115 forma,
1433 3046 1618 3119 antequam
1647 3056 1710 3120 per
1736 3034 1909 3102 actionem
1932 3036 2134 3123 generantis
2158 3036 2201 3101 sit
2229 3057 2293 3102 ens

818 3153 1012 3219 secundum
1042 3152 1199 3232 formam,
1230 3163 1283 3215 est
1316 3172 1380 3216 ens
1408 3151 1500 3216 reale
1529 3151 1723 3216 secundum
1755 3151 1931 3216 materiam
1959 3151 1994 3217 in
2022 3174 2126 3237 quam
2155 3151 2294 3218 actione

816 3266 1017 3357 generantis
1035 3268 1147 3333 forma
1165 3266 1405 3332 introducitur.
1424 3266 1518 3351 Ergo
1536 3265 1639 3331 etiam
1656 3266 1888 3352 compositum
1906 3289 1948 3333 ex
1964 3289 2043 3333 esse
2060 3279 2093 3333 et
2110 3267 2264 3333 essentia
2275 3267 2294 3349 ¹,

818 3393 1005 3468 antequam
1034 3405 1096 3468 per
1123 3382 1297 3448 actionem
1325 3382 1474 3448 creantis
1502 3382 1545 3446 sit
1575 3402 1638 3447 ens
1667 3383 1861 3449 secundum
1889 3405 1968 3450 esse
2000 3383 2214 3465 existentiae,
2242 3394 2295 3450 est

818 3520 883 3567 ens
910 3499 1002 3566 reale
1026 3499 1220 3566 secundum
1249 3519 1328 3564 esse
1354 3497 1537 3578 essentiae,
1562 3497 1597 3563 in
1622 3520 1691 3583 qua
1708 3498 1845 3565 actione
1869 3499 2019 3566 creantis
2043 3521 2122 3567 esse
2147 3499 2295 3567 existen·

818 3613 886 3681 tiae
909 3613 1149 3681 introducitur.
1175 3615 1293 3698 Quare
1317 3623 1351 3680 et
1374 3626 1499 3680 cetera.

908 3731 1102 3811 Praeterea,
1140 3730 1223 3796 illud
1258 3730 1352 3816 quod
1381 3739 1434 3795 est
1468 3752 1523 3796 res
1559 3751 1640 3796 vera
1675 3742 1709 3796 et
1746 3730 1921 3817 quidditas
1959 3732 2061 3798 realis
2100 3733 2295 3799 secundum

820 3846 962 3933 aliquod
978 3845 1298 3934 praedicamentum
1317 3856 1371 3912 est
1387 3868 1451 3911 ens
1475 3848 1578 3912 reale.
1597 3846 1669 3913 Sed
1685 3867 1764 3912 cum
1790 3869 1845 3914 res
1862 3857 2002 3914 estnon
2021 3870 2084 3915 ens
2101 3849 2295 3915 secundum

819 3983 898 4030 esse
939 3962 1154 4043 existentiae,
1186 3961 1262 4049 ipsa
1297 3961 1521 4028 nihilominus
1557 3974 1611 4028 est
1645 3985 1701 4029 res
1736 3984 1828 4044 vera,
1865 3974 1899 4030 et
1933 3964 2107 4050 quidditas
2139 3964 2240 4030 realis
2271 3966 2277 4050 Ι
2318 3958 2490 4088 toloillvvb

819 4080 1013 4146 secundum
1046 4078 1187 4165 aliquod
1218 4078 1549 4165 praedicamentum.
1578 4079 1666 4144 Nam
1706 4102 1786 4145 rosa
1817 4102 1888 4145 non
1918 4080 2097 4162 existente,
2135 4080 2169 4145 id
2202 4081 2297 4166 quod
2362 4074 2368 4087 ’

819 4195 962 4263 nomine
987 4216 1090 4262 rosae
1118 4194 1319 4283 intelligitur
1347 4205 1400 4261 est
1432 4216 1487 4261 res
1515 4217 1607 4276 vera,
1637 4216 1710 4260 non
1740 4217 1796 4261 res
1829 4195 1971 4262 rationis
2000 4198 2054 4263 vel
2083 4197 2298 4287 figmentum,

820 4312 884 4379 sed
900 4310 1076 4398 quidditas
1092 4310 1192 4377 realis
1209 4313 1253 4379 de
1270 4310 1555 4397 praedicamento
1572 4310 1799 4392 substantiae,
1824 4311 1904 4396 quia
1929 4334 2009 4378 rosa
2032 4335 2104 4379 non
2130 4314 2299 4382 existente

820 4448 900 4495 rosa
925 4426 1149 4494 nihilominus
1173 4437 1226 4494 est
1250 4428 1419 4493 veredos
1445 4436 1478 4493 et
1501 4426 1706 4492 substantia,
1736 4426 1854 4510 Quare
1880 4440 1913 4495 et
1937 4440 2062 4495 cetera.

909 4542 1051 4611 Contra.
1081 4542 1153 4609 Aut
1181 4565 1260 4610 esse
1288 4542 1491 4610 existentiae
1528 4542 1663 4609 realiter
1691 4554 1744 4609 est
1781 4542 1873 4610 idem
1901 4566 1980 4611 cum
2007 4567 2086 4613 esse
2115 4547 2299 4626 essentiae,

820 4658 1034 4727 etiamtunc
1061 4681 1141 4726 cum
1168 4681 1224 4727 res
1252 4670 1305 4726 est
1335 4681 1407 4725 non
1436 4660 1723 4726 ens·secundum
1752 4682 1858 4726 unum
1887 4661 2020 4727 illorum
2045 4684 2134 4743 esse,
2164 4674 2300 4749 oportet

821 4775 918 4861 quod
947 4774 991 4842 sit
1023 4797 1096 4842 non
1124 4798 1188 4842 ens
1223 4775 1326 4842 etiam
1363 4776 1558 4842 secundum
1588 4774 1691 4856 aliud,
1721 4816 1762 4823 —
1791 4788 1850 4841 aut
1883 4787 1936 4843 est
1964 4777 2068 4859 aliud,
2104 4779 2150 4844 ita
2184 4791 2300 4845 tamen

821 4893 917 4977 quod
948 4902 1001 4958 est
1037 4891 1218 4959 actualitas
1251 4890 1362 4977 ipsius
1396 4890 1581 4972 essentiae,
1610 4891 1700 4957 sicut
1727 4893 1837 4958 forma
1871 4914 1934 4959 ens
1971 4894 2065 4960 aliud
2101 4916 2121 4959 a
2158 4895 2301 4961 materia

821 5018 875 5074 est
909 5007 1117 5074 actualitas²
1151 5007 1325 5089 materiae,
1361 5018 1395 5074 et
1429 5029 1501 5074 non
1537 5007 1651 5072 minus
1691 5008 1895 5094 separabilis
1931 5011 1974 5074 ab
2011 5010 2162 5076 essentia
2198 5033 2301 5097 quam

820 5122 934 5190 forma
966 5145 987 5189 a
1019 5123 1170 5190 materia.
1206 5123 1277 5190 Sed
1310 5124 1403 5188 nulla
1431 5123 1542 5188 forma
1570 5123 1739 5189 existente
1768 5124 1801 5189 in
1834 5125 1977 5191 materia
1996 5125 2016 5207 ³,
2050 5126 2127 5212 ipsa
2161 5127 2302 5193 materia

821 5259 894 5305 non
928 5249 1085 5306 remanet
1119 5241 1313 5306 secundum
1349 5238 1491 5324 aliquod
1526 5240 1601 5305 eius
1635 5261 1715 5306 esse
1748 5241 1865 5317 reale;
1902 5241 2054 5326 alioquin
2090 5242 2302 5328 privationes

822 5355 1017 5423 contrariae
1048 5355 1122 5422 sive
1153 5355 1404 5422 contrariorum
1437 5354 1536 5420 simul
1569 5365 1688 5421 essent
1726 5355 1760 5421 in
1796 5356 1939 5422 materia
1974 5360 2068 5444 quod
2100 5370 2153 5425 est
2184 5359 2303 5425 incon·

821 5471 979 5553 veniens,
1007 5472 1096 5538 sieut
1124 5471 1226 5538 etiam
1255 5473 1384 5537 formas
1408 5471 1599 5538 contrarias
1627 5493 1706 5538 esse
1734 5472 1844 5538 simul.
1869 5473 1963 5559 Ergo
1987 5475 2089 5540 etiam
2118 5474 2147 5540 si
2170 5475 2303 5540 nullum

823 5608 903 5654 esse
919 5587 1123 5655 existentiae
1145 5587 1332 5655 conveniat
1349 5587 1522 5654 essentiae
1541 5586 1617 5672 ipsa
1639 5609 1712 5652 non
1734 5589 1927 5654 remanebit
1947 5592 2141 5656 secundum
2163 5590 2304 5676 aliquod

823 5701 898 5771 eius
923 5722 1002 5769 esse
1025 5704 1128 5769 reale.

915 5990 1005 6043 ¹esse
1025 5996 1055 6042 et
1074 5986 1214 6057 essentia]
1235 5987 1362 6042 essentia
1377 5994 1406 6040 et
1426 6002 1491 6041 esse
1511 5986 1542 6040 P.
1556 6016 1589 6026 —
1604 5988 1614 6018 ²
1627 5985 1720 6057 ipsius
1740 5987 1886 6042 essentiae
1906 6021 1938 6027 —
1959 5989 2123 6059 actualitas]
2144 6007 2199 6044 om.
2220 5990 2251 6045 P.
2271 6022 2304 6031 -—

823 6074 913 6149 ⁸ipsa
931 6074 1055 6130 materia
1074 6092 1131 6130 om.
1151 6075 1181 6128 P.
2198 6083 2232 6134 ⁴21
