6700 7992
1364 1404 1541 1466 rennmr
1569 1404 1870 1481 Quonemamu,
1898 1404 1936 1481 e
1964 1404 1977 1463 1
2351 1410 2402 1467 m

929 1593 1082 1665 similiter
1118 1613 1185 1659 nec
1215 1592 1304 1659 inter
1337 1612 1410 1659 rem
1447 1602 1481 1657 et
1514 1611 1594 1664 esse
1622 1587 1854 1661 existentiae¹
1886 1609 1973 1663 suae
2002 1588 2067 1665 en't
2092 1588 2279 1667 dimitat.
2300 1590 2404 1669 talia

928 1720 1070 1797 propter
1099 1711 1169 1776 hoc
1199 1709 1295 1794 quod
1329 1729 1386 1775 res
1421 1706 1611 1791 aliquando
1643 1717 1697 1778 est
1727 1705 1763 1773 in
1798 1704 1958 1792 potentia
1991 1706 2036 1780 td
2070 1726 2151 1783 esu
2188 1706 2401 1785 mliu-
2456 1780 2522 1839 Μ
2534 1780 2561 1837 v

928 1826 1009 1892 Non
1031 1835 1084 1892 est
1107 1846 1193 1913 ergo
1216 1824 1314 1891 aliter
1339 1822 1494 1890 essentia
1521 1822 1555 1888 in
1581 1821 1738 1909 potentia
1768 1826 1774 1906 Ι
1806 1822 1851 1889 ad
1878 1843 1958 1888 esse
1983 1821 2057 1889 sive
2081 1822 2126 1890 ad
2150 1842 2229 1893 esu
2255 1821 2403 1899 uina·
2424 1850 2594 1911 {mavi

928 1941 1006 2023 tiae,
1041 1962 1144 2027 quam
1175 1940 1265 2007 sicut
1295 1949 1349 2006 est
1379 1939 1414 2005 in
1447 1938 1604 2026 potentia
1639 1938 1685 2004 ad
1716 1937 1905 2005 essentiam
1939 1938 2014 2006 sive
2045 1938 2089 2005 ad
2117 1958 2196 2007 esse
2219 1937 2402 2009 essentiae.

930 2058 1019 2125 Cum
1046 2056 1138 2124 enim
1165 2077 1236 2124 non
1270 2067 1324 2123 est
1347 2057 1496 2144 angelus
1522 2056 1578 2123 vel
1601 2054 1691 2141 lapis
1721 2053 1893 2136 creabilis,
1921 2075 1994 2123 uon
2017 2066 2135 2142 potest
2157 2053 2229 2127 dici
2251 2055 2404 2127 urenda

928 2172 1052 2261 lapidis
1089 2173 1146 2239 vel
1183 2170 1300 2261 angeli
1335 2171 1371 2238 in
1406 2171 1565 2259 potentia
1588 2171 1634 2237 ad
1672 2191 1754 2238 esse
1788 2192 1851 2259 per
1889 2170 2019 2259 aliquid
2041 2171 2119 2241 eius
2156 2183 2253 2247 extra
2289 2172 2404 2241 Deum

929 2300 1114 2357 creantem.
1143 2288 1194 2354 Ex
1217 2309 1257 2356 se
1283 2308 1371 2376 ergo
1394 2309 1468 2354 non
1492 2299 1545 2354 est
1568 2286 1604 2355 in
1632 2286 1791 2374 potentia
1813 2286 1881 2355 nisi
1908 2286 1969 2369 sie,
1986 2287 2067 2374 quia
2091 2287 2176 2357 illud
2200 2288 2295 2376 quod
2321 2286 2406 2359 dicit

929 2405 984 2472 vel
1021 2404 1204 2495 significat,
1244 2403 1343 2471 cuius
1382 2415 1436 2472 est
1474 2403 1578 2470 etiam
1616 2403 1814 2471 intellectus
1853 2402 1889 2471 in
1928 2405 2016 2484 Deo,
2043 2424 2118 2473 non
2155 2403 2239 2473 dicit
2275 2404 2405 2492 adquid

928 2521 1111 2609 implicans
1126 2520 1450 2595 contradictionem.
1479 2521 1544 2586 sed
1570 2519 1701 2606 aliquid
1724 2531 1845 2587 natum
1873 2520 1919 2587 ad
1941 2519 2169 2593 imitationem
2191 2520 2292 2589 ideae
2313 2541 2404 2608 quae

929 2636 1032 2705 etiam
1063 2649 1117 2705 est
1154 2635 1242 2704 ratio
1275 2637 1521 2726 cognoscendi
1560 2646 1595 2703 et
1633 2635 1798 2718 faciendi,
1830 2636 2009 2709 voluntate
2046 2637 2238 2711 ascedente
2275 2638 2406 2707 hahere

929 2775 1008 2821 esse
1024 2752 1059 2821 in
1075 2775 1116 2821 se
1137 2753 1216 2840 ipso
1239 2766 1345 2819 extra.
1373 2753 1478 2820 Unde
1501 2751 1612 2819 dicit¹
1635 2751 1858 2841 Augustinus
1870 2756 1929 2838 (l),
1952 2752 2076 2839 quinto
2098 2773 2204 2841 super
2226 2752 2405 2837 Genuum,

930 2869 1083 2957 capitulo
1112 2868 1251 2936 decimo
1275 2882 1423 2937 octavo:
1459 2880 1648 2954 antequam
1683 2889 1740 2935 res
1775 2867 1908 2951 fierent,
1936 2880 1972 2937 et
1992 2880 2093 2945 erant
2121 2880 2157 2941 et
2187 2888 2265 2939 non
2289 2880 2404 2950 nanu

930 2997 1029 3054 erant
1057 2985 1093 3052 in
1124 2985 1191 3052 Dei
1228 2985 1386 3065 scientia,
1417 3005 1490 3053 non
1529 2996 1628 3053 erant
1662 2984 1699 3052 in
1730 2984 1786 3053 sui
1816 2996 1949 3053 natura
1984 2985 2055 3056 Res
2093 3006 2179 3076 ergo
2211 2984 2337 3061 deus
2368 2984 2404 3055 in

932 3101 1088 3189 potentia
1113 3103 1159 3169 ad
1186 3103 1317 3169 habere
1344 3122 1424 3168 esse
1452 3101 1628 3169 essentiae
1662 3112 1699 3167 et
1732 3100 1938 3171 existentiae
1969 3101 2081 3185 simul,
2113 3100 2195 3189 quia
2225 3101 2318 3171 idem
2352 3112 2406 3173 at

842 3271 847 3278 .
932 3240 975 3285 ex
1004 3220 1073 3285 huc
1095 3218 1191 3303 quod
1214 3230 1269 3285 est
1298 3216 1511 3284 intellectum
1544 3216 1629 3303 quid
1661 3239 1683 3283 a
1717 3217 1807 3298 Deo,
1841 3216 2075 3307 repugnantia
2106 3238 2179 3286 uon
2210 3217 2404 3298 induciam.

931 3334 996 3401 sed
1018 3334 1212 3401 secundum
1236 3332 1405 3401 rationem
1436 3333 1586 3400 idealem
1620 3355 1685 3419 per
1716 3354 1756 3401 se
1780 3333 2037 3416 intellectivum,
2067 3344 2197 3422 potem
2226 3335 2405 3405 voluntate

930 3448 1049 3517 divina
1074 3451 1119 3516 ab
1142 3448 1221 3537 ipso
1238 3451 1316 3517 Deo
1343 3470 1507 3517 emanare
1530 3462 1637 3530 extra,
1662 3462 1699 3518 ut
1722 3451 1815 3519 hanc
1837 3449 2016 3523 entitatem
2039 3471 2139 3519 suam
2162 3449 2405 3523 intellectivam

932 3566 1060 3632 habeat
1086 3566 1121 3633 in
1144 3587 1185 3634 se
1211 3566 1289 3653 ipsa
1312 3578 1348 3634 et
1376 3565 1420 3632 sit
1447 3564 1516 3633 Dei
1538 3565 1730 3635 similitudo
1756 3565 1793 3633 in
1809 3577 1890 3635 actu
1906 3565 1941 3635 in
1957 3587 1997 3637 ee
2020 3564 2161 3655 ἐμω,-
2185 3565 2277 3637 eiua
2301 3564 2404 3639 dian

932 3702 1011 3749 cum
1037 3681 1152 3749 existit
1177 3692 1296 3769 potest
1326 3704 1400 3749 non
1423 3703 1515 3762 esse,
1538 3682 1594 3749 vel
1625 3683 1732 3750 habet
1764 3681 1956 3770 potentiam
1980 3695 2018 3750 ut
2043 3704 2118 3753 uon
2144 3682 2189 3755 sit
2209 3682 2404 3757 mitidum

930 3819 1012 3867 esse
1039 3797 1212 3866 essentiae
1235 3810 1271 3865 et
1293 3798 1509 3880 existentiae,
1544 3798 1777 3886 inquantum
1801 3798 1886 3867 dicit
1922 3799 1992 3869 tale
2023 3799 2108 3887 quid
2130 3798 2167 3869 in
2198 3811 2279 3869 actu
2308 3798 2405 3886 quud

932 3935 1004 3983 non
1034 3926 1088 3982 est
1117 3915 1200 3982 illud
1231 3916 1329 4001 quod
1359 3914 1440 3983 est³
1469 3915 1703 3985 essentialiter
1732 3915 1867 3989 nisiex
1894 3915 2096 3987 hummodi
2125 3914 2305 3989 influentia
2337 3914 2404 3985 uu·

931 4052 1035 4116 quam
1058 4041 1173 4119 potest
1188 4033 1404 4100 subtrahere.
1417 4071 1459 4080 —
1484 4032 1522 4100 Si
1538 4031 1643 4100 etiam
1668 4053 1749 4100 esse
1764 4031 1809 4100 sit
1835 4031 1929 4103 aliud
1944 4032 1991 4099 ab
2006 4031 2160 4105 mama
2182 4030 2275 4103 nient
2294 4031 2405 4101 imm

932 4168 998 4216 suo
1023 4148 1131 4215 modo
1154 4160 1209 4215 est
1233 4149 1328 4216 aliud
1351 4170 1373 4214 a
1399 4148 1553 4229 materia,
1586 4161 1671 4216 tunc
1698 4148 1801 4217 etiam
1834 4148 1949 4217 sicut⁴
1978 4149 2090 4219 tonna
2123 4159 2239 4237 potest
2261 4146 2404 4239 inidiv'

932 4285 1004 4331 non
1037 4263 1143 4332 esse⁸
1175 4264 1211 4331 in
1245 4265 1400 4347 materia,
1435 4265 1482 4333 ita
1515 4286 1596 4334 esse
1614 4265 1628 4300 ⁸
1649 4276 1768 4352 potest
1797 4264 1940 4355 intelligi
1963 4286 2036 4335 non
2065 4286 2144 4335 esee
2174 4263 2209 4333 in
2241 4263 2403 4337 maa

932 4379 1005 4449 Sed
1027 4402 1099 4448 non
1129 4380 1331 4471 intelligitur
1356 4403 1437 4450 esse
1470 4402 1544 4448 non
1567 4379 1674 4449 esse⁷
1708 4381 1743 4448 in
1767 4381 1930 4464 essentia,
1960 4381 2026 4451 nisi
2054 4381 2157 4451 etiam
2187 4380 2302 4470 ipsum
2324 4400 2405 4449 aa

932 4494 1142 4586 intelligatur
1163 4519 1237 4565 non
1260 4519 1352 4566 esse.
1369 4496 1492 4587 Ergo⁸
1513 4519 1595 4565 esse
1617 4508 1735 4586 potest
1750 4497 1894 4588 intelligi
1910 4519 1983 4566 non
1998 4519 2089 4580 ease,
2104 4496 2201 4585 quod
2216 4508 2270 4567 eet
2284 4494 2405 4567 inwn·

932 4611 1087 4695 veniens
1103 4612 1187 4700 quia
1208 4615 1414 4701 oppositum
1437 4636 1511 4682 non
1533 4626 1652 4702 potest
1673 4613 1819 4705 mtefflgi
1841 4615 1909 4683 sub
1931 4612 2194 4703 oppositased
2209 4612 2404 4683 nebim

933 4749 1117 4798 commune
1133 4742 1251 4817 potest
1265 4731 1412 4821 intelligi
1432 4733 1500 4798 sub
1524 4706 1665 4801 duobus
1681 4730 1863 4819 oppositis.
1888 4730 2055 4803 Caliditaa
2078 4728 2172 4801 aim
2192 4749 2267 4799 non
2289 4740 2406 4817 preat

933 4843 1077 4935 intelligi
1099 4867 1167 4914 nec
1190 4868 1366 4916 essenon
1393 4845 1708 4937 caliditas·.131go
1735 4868 1802 4915 nec
1829 4844 2405 4937 mmmmeuigimase

932 4961 999 5029 sub
1032 4984 1105 5030 non
1136 4984 1227 5031 esse
1263 4964 1471 5031 l'erumest
1503 4976 1621 5031 tamen
1655 4962 1781 5051 quod'
1814 4960 2031 5033 caudeam
2061 4972 2142 5035 acm
2175 4971 2295 5053 notat
2325 4980 2405 5035 me

933 5098 1005 5145 non
1021 5077 1047 5117 ¹⁰
1068 5077 1227 5146 caliditas
1250 5080 1286 5147 in
1316 5092 1398 5148 actu
1420 5101 1485 5168 per
1506 5081 1577 5147 hoc
1599 5080 1696 5166 quod
1730 5090 1847 5167 potest
1881 5077 2025 5151 omnino
2057 5098 2129 5153 non
2152 5098 2253 5159 eum
2287 5088 2322 5145 et
2353 5076 2406 5151 tic

933 5191 1198 5264 etiameesein
1224 5210 1647 5284 actupotestessenon
1671 5216 1752 5266 esse
1777 5192 2406 5284 intemperhucquodcoemoe

1024 5508 1811 5567 ¹eseentiaeP.—'om.P.-⁸mn.P.-⁴ail’.-
1833 5506 1986 5567 ⁰euP.-
2011 5506 2251 5565 ‘canential'.···
2275 5506 2404 5563 ’inm

928 5595 1003 5653 aad.
1027 5596 1059 5653 Ρ.
1084 5599 1149 5639 -⁸
1172 5598 1253 5672 Ergo
1271 5631 1304 5675 ‘.
1327 5617 1387 5654 non
1406 5598 1552 5669 caliditas]
1572 5616 1629 5655 mn.
1648 5598 1680 5654 Ρ.
1707 5628 1737 5639 —
1759 5600 1770 5632 ⁹
1791 5614 1888 5654 verum
1908 5630 1941 5640 --
1962 5596 2051 5669 quod]
2071 5612 2125 5651 nec
2151 5610 2218 5653 em
2242 5612 2300 5651 nem
2320 5592 2351 5651 Ρ.
2381 5626 2402 5635 -

936 5685 1024 5741 ¹‘om.
1043 5685 1076 5741 Ρ.

1020 5867 1062 5933 (1)
1079 5864 1277 5937 Augustini
1294 5866 1333 5921 de
1350 5866 1463 5923 Generi
1479 5866 1546 5933 tt,
1563 5884 1590 5922 c.
1611 5869 1646 5923 le
1663 5865 1707 5923 (Ρ.
1727 5864 1767 5933 L„
1781 5864 1837 5923 vol.
1851 5866 1895 5933 u,
1909 5864 1964 5922 wi.
1975 5864 2048 5931 tut
2068 5860 2231 5930 «maheu
2246 5870 2404 5933 nudum

934 5949 1046 6021 tierent,
1063 5960 1095 6009 et
1111 5962 1206 6023 aaut,
1222 5966 1254 6009 et
1271 5971 1330 6009 non
1349 5966 1448 6011 erant:
1466 5962 1551 6010 eraut
1569 5954 1599 6009 in
1617 5952 1674 6011 Dei
1693 5952 1826 6021 scientia,
1845 5970 1903 6011 mm
1923 5959 2005 6013 erut
2024 5950 2053 6011 lu
2072 5968 2126 6011 m
2144 5958 2259 6009 mitra.
2272 5966 2287 6005 ι
2299 6040 2336 6097 ω
