6700 7992
1109 1428 1161 1488 176
1473 1422 1665 1493 MAGlSTRl
1694 1426 1914 1492 dommi
1942 1434 1995 1492 DE
2023 1432 2223 1495 PONTIBUS

911 1597 1084 1731 {offiffi‘
1107 1625 1182 1685 nen
1208 1625 1279 1685 ‘tms
1310 1618 1508 1687 musaeum
1537 1626 1623 1685 ¹esse
1651 1615 1870 1685 existentiae.
1909 1617 2017 1683 Immo
2052 1614 2169 1684 dicere
2199 1618 2205 1703 1
2236 1616 2333 1704 quod
2365 1617 2518 1687 essentia
2552 1630 2587 1687 et

1108 1739 1188 1802 esse
1210 1740 1292 1801 stitit
1312 1732 1405 1803 idern
1425 1746 1476 1816 te,
1492 1741 1528 1802 et
1549 1742 1667 1800 tamen
1692 1750 1730 1802 re
1752 1754 1825 1801 non
1853 1742 1935 1800 ente
1957 1732 2153 1800 secundum
2177 1754 2257 1801 esse
2280 1732 2485 1802 existentiae
2508 1733 2586 1822 ipsa

1104 1856 1319 1937 pmenesse
1341 1850 1537 1919 meandum
1554 1865 1635 1919 esse
1650 1849 1824 1918 essentiae
1841 1848 1861 1932 ¹,
1876 1848 2014 1917 videtur
2029 1868 2110 1916 esse
2133 1849 2373 1918 contradictio.
2391 1850 2428 1918 Si
2452 1850 2589 1919 dicatur

1106 1963 1203 2051 quod
1241 1964 1347 2033 immo
1385 1965 1422 2035 in
1465 1965 1541 2033 aliis
1578 1964 1731 2034 relativis
1758 1965 1861 2034 etiam
1899 1965 1952 2032 sic
1992 1975 2046 2032 est
2089 1965 2195 2052 quod,
2233 1985 2314 2032 curn
2351 1965 2473 2034 relatio
2511 1986 2586 2035 non

1106 2078 1244 2150 differat
1274 2081 1412 2151 realiter
1449 2105 1469 2150 a
1509 2102 1575 2150 suo
1615 2079 1857 2165 fundamento,
1899 2080 1976 2169 ipsa
2010 2092 2127 2169 potest
2170 2081 2322 2149 deficere
2357 2081 2587 2151 fundamento

1105 2202 1280 2281 menelae,
1302 2204 1342 2266 lti
1366 2204 1461 2287 patet
1487 2196 1650 2266 insimili
1677 2204 1712 2266 et
1737 2196 1961 2287 similitudine
1989 2201 2084 2283 (nam
2108 2195 2297 2265 similitudo
2324 2197 2467 2286 ponitur
2492 2196 2586 2267 idem

1039 2363 1042 2367 ›
1104 2322 1143 2382 η’
1165 2322 1246 2382 cum
1277 2314 1450 2396 albedine,
1478 2323 1517 2383 et
1546 2320 1664 2382 tamen
1688 2323 1805 2402 potest
1835 2312 1997 2383 desinere
2028 2334 2106 2382 esse
2137 2312 2258 2381 similis
2290 2335 2438 2382 manens
2462 2315 2585 2401 albus),

1105 2438 1229 2499 conda
1254 2431 1325 2498 hoc
1356 2430 1530 2517 estquod
1557 2429 1671 2498 omnis
1698 2440 1882 2517 respectus
1905 2429 2160 2523 praesupponit
2182 2446 2285 2497 suum
2320 2430 2585 2498 fundamentum

1103 2552 1177 2613 attia
1199 2552 1280 2615 c'ttm
1294 2544 1444 2614 termino
1467 2564 1547 2614 esse
1562 2544 1599 2613 in
1623 2546 1786 2628 essendo,
1799 2554 1834 2613 et
1857 2542 1981 2614 eadem
2005 2545 2140 2613 ratione
2164 2567 2237 2613 non
2255 2566 2334 2613 esse
2352 2546 2587 2615 fundamenti¹

1103 2658 1161 2730 vel
1186 2659 1323 2730 tetinini
1346 2660 1382 2729 ln
1404 2661 1506 2729 non⁸
1527 2658 1691 2730 essendo.
1716 2660 1784 2728 Et*
1814 2660 1896 2729 ideo
1920 2660 2040 2728 similis
2063 2682 2127 2749 per
2150 2661 2346 2730 albedinem
2370 2683 2510 2749 semper
2532 2674 2586 2730 est

1102 2776 1225 2847 similis
1255 2786 1419 2847 manente
1441 2777 1605 2846 albedine
1627 2777 1663 2845 in
1688 2777 1767 2865 ipso
1798 2788 1832 2845 et
1855 2776 2013 2846 termine.
2039 2777 2133 2868 Ergo
2157 2777 2311 2845 similiter
2333 2777 2368 2844 iu
2391 2778 2585 2866 proposito,

1103 2899 1185 2964 cum
1204 2901 1348 2983 'sempet‘
1368 2902 1509 2962 malleat
1525 2893 1685 2962 essentia
1708 2892 1744 2960 in
1769 2913 1836 2961 suo
1863 2913 1942 2990 esse
1966 2892 2142 2962 essentiali
2165 2903 2330 2980 tanquam
2355 2893 2585 2962 fundamento

1102 3018 1140 3078 tlt
1164 3018 1309 3100 wmpet
1325 3008 1434 3079 etiam
1456 3017 1597 3078 meimet
1619 3008 1718 3078 Deus
1742 3016 1911 3096 tanquam
1942 3008 2119 3090 terminus,
2145 3031 2283 3097 semper
2307 3021 2463 3078 maneret
2492 3032 2582 3079 esse.

1102 3116 1216 3196 Etru
1240 3125 1405 3195 sidenem
1426 3124 1483 3194 isti
1508 3123 1665 3194 incidere
1681 3123 1724 3192 in
1747 3125 1782 3193 id
1806 3125 1901 3213 quod
1924 3124 2033 3193 vitare
2055 3124 2252 3192 intendunt.
2276 3127 2365 3192 Nam
2398 3138 2585 3214 propterea

1104 3250 1185 3312 esse
1209 3243 1332 3312 amun
1363 3241 1502 3310 differre
1524 3242 1575 3310 ·ab
1599 3240 1759 3310 ‘essetitia
1788 3231 1882 3328 quia
1899 3241 2052 3309 essentia
2086 3251 2203 3329 potest
2234 3260 2385 3326 manere,
2409 3262 2585 3313 essenon

1104 3366 1277 3429 murense.
1301 3357 1399 3427 Alias
1423 3357 1554 3427 etiam⁸
1575 3358 1790 3426 deciaratum
1814 3367 1867 3425 est
1897 3357 1994 3444 quod
2017 3378 2090 3424 non
2115 3356 2251 3426 videtur
2282 3378 2399 3424 verum
2423 3356 2459 3426 in
2491 3374 2585 3427 crea·

1103 3474 1189 3544 tatis
1223 3473 1320 3564 quod
1357 3466 1482 3571 relatio
1522 3472 1624 3542 realis
1664 3473 1709 3540 sit
1750 3472 1895 3541 omnino
1929 3473 2022 3541 idem
2057 3474 2252 3541 secundum
2287 3495 2360 3541 rem
2403 3495 2483 3542 cum
2518 3497 2584 3543 suo

1102 3591 1343 3673 fundamento,
1367 3589 1467 3659 cuius
1491 3587 1702 3658 contrarium
1726 3587 1783 3657 isti
1806 3588 1936 3671 dicunt,
1953 3598 1991 3656 ut
2014 3608 2057 3657 ex
2078 3588 2179 3657 dictis
2202 3588 2237 3656 in
2265 3607 2386 3660 eorum
2408 3589 2585 3678 positione

1104 3715 1210 3800 naret
1291 3789 1293 3793 ,

1191 3824 1387 3907 Praeterea,
1413 3820 1505 3891 sicllt
1531 3821 1668 3890 dictum
1699 3832 1751 3889 est
1782 3822 1878 3909 quod
1901 3842 1981 3890 esse
2008 3843 2080 3888 non
2105 3831 2222 3910 potest
2244 3821 2362 3890 dicere
2385 3845 2458 3892 rem
2482 3823 2584 3892 aliam

1103 3940 1299 4011 absolutam
1324 3938 1374 4007 ab
1391 3938 1562 4021 essentie,
1583 3935 1690 4006 immo
1707 3937 1854 4027 ‘proprie
1877 3949 1944 4006 nec
1967 3937 2069 4005 aliam
2093 3937 2274 4020 rationem,
2306 3938 2397 4006 sicut
2419 3956 2489 4007 nec
2520 3960 2584 4008 ens

1102 4064 1221 4148 petest
1245 4053 1370 4125 dicate
1400 4053 1504 4124 aliam
1535 4066 1609 4123 rem
1641 4065 1711 4122 nec
1738 4053 1839 4120 aliam
1873 4052 2071 4121 rationem*
2104 4054 2149 4120 ab
2180 4075 2395 4141 unoquoque
2427 4055 2471 4122 de
2512 4074 2583 4143 quo

1102 4163 1334 4264 medeam,
1353 4169 1406 4240 ita
1426 4170 1564 4238 videtur
1588 4171 1685 4258 quod
1708 4186 1782 4238 non
1809 4168 1921 4258 possit
1936 4168 2054 4237 dicere
2082 4181 2278 4257 respectum
2307 4172 2435 4239 realem
2459 4168 2583 4253 alium3

1102 4297 1185 4357 nem
1207 4285 1337 4358 etiam²
1370 4285 1484 4356 omnis
1514 4294 1697 4375 respectus
1729 4285 1831 4353 realis
1862 4284 2007 4354 nomine
2041 4284 2132 4353 entis
2162 4286 2218 4353 vel
2245 4307 2325 4354 esse
2356 4289 2584 4375 comprehen-

1103 4403 1204 4474 ditur.
1228 4403 1429 4494 Sicutetgo
1452 4418 1526 4471 non
1552 4412 1669 4491 potest
1696 4420 1775 4470 esse
1798 4400 1993 4469 substantia
2016 4412 2133 4469 creata
2155 4423 2246 4488 quae
2269 4401 2312 4469 sit
2337 4423 2417 4470 esse
2439 4403 2495 4470 vel
2518 4424 2583 4473 ens

1102 4530 1238 4590 tantum
1272 4536 1343 4589 nec
1375 4519 1485 4588 ‘etiam
1530 4517 1696 4587 accidens
1734 4518 1943 4598 absolutum,
1987 4517 2034 4584 ita
2077 4538 2150 4584 non
2186 4524 2305 4605 potest
2342 4539 2422 4585 esse
2458 4518 2583 4607 aliquis

1102 4644 1285 4726 respectus
1311 4635 1418 4705 realis
1453 4635 1512 4723 qui
1549 4634 1594 4702 sit
1626 4655 1711 4702 esse
1745 4643 1890 4701 tantum.
1925 4634 1997 4701 Sed
2027 4633 2142 4700 omnis
2177 4644 2359 4720 respectus
2392 4635 2496 4702 realis
2530 4648 2585 4704 est

1103 4752 1316 4844 palticipans
1340 4762 1420 4820 esse
1444 4759 1512 4819 stro
1539 4752 1645 4819 modo
1660 4749 1682 4832 ⁸,
1710 4759 1745 4818 et
1772 4749 1825 4817 sui
1849 4770 1928 4816 esse
1950 4749 2195 4816 denominatur
2224 4771 2304 4817 esse
2327 4749 2418 4818 sicut
2448 4761 2483 4818 et
2506 4751 2583 4819 alia

1103 4869 1203 4940 staur
1230 4878 1317 4960 ergo
1352 4864 1469 4936 album
1506 4873 1559 4936 est
1594 4866 1711 4933 album
1739 4864 1902 4933 albedine
1926 4876 1961 4932 et
1983 4865 2128 4932 relatum
2156 4865 2324 4934 relatione
2361 4876 2396 4934 et
2429 4886 2503 4935 non
2531 4880 2586 4936 est

1102 4978 1281 5067 mistione,
1302 4985 1354 5053 tta
1374 4984 1482 5053 etiam
1510 4978 1624 5051 omnis
1635 5038 1644 5054 ,.
1656 4991 1815 5048 creatura
1846 4990 1900 5048 est
1925 4980 1960 5047 id
1988 4981 2084 5067 quod
2110 4990 2165 5048 est
2191 5002 2256 5047 sua
2279 4981 2414 5049 formali
2441 4981 2584 5053 entitate

1103 5112 1138 5173 et
1164 5110 1218 5171 est
1245 5098 1365 5169 adnot
1393 5106 1556 5189 respectu
1577 5096 1667 5165 reali
1690 5096 1834 5186 speciali
1864 5095 1922 5163 tali
1949 5097 2005 5164 vel
2031 5096 2091 5163 tali
2116 5098 2183 5164 sub
2211 5107 2292 5164 ente
2317 5096 2376 5183 qui
2399 5110 2582 5186 respectus

1103 5217 1388 5288 menesteus
1418 5210 1553 5282 formali
1586 5209 1730 5280 entitate
1767 5232 1812 5279 eo
1850 5211 1957 5278 modo
1988 5233 2059 5298 quo
2097 5211 2283 5279 relationes
2322 5213 2453 5280 habent
2492 5234 2583 5282 esse.

1105 5331 1275 5422 Quamvis
1310 5340 1396 5422 ergo
1443 5325 1557 5398 omnis
1603 5336 1762 5396 creatura
1799 5337 1836 5393 ut
1874 5337 1927 5395 est
1964 5328 2111 5396 effectus
2154 5327 2221 5395 Dei
2262 5329 2391 5396 habeat
2433 5327 2584 5415 aliquem

1103 5456 1302 5537 respectum
1322 5447 1453 5515 realem
1479 5446 1525 5512 ad
1547 5444 1673 5533 ipsum,
1693 5443 1905 5530 quicumque
1921 5442 1965 5509 sit
1988 5442 2043 5510 ille
2068 5443 2142 5510 sive
2162 5443 2292 5511 creatio
2316 5444 2456 5532 passive
2479 5444 2584 5528 dicta,

1099 5565 1178 5634 site
1194 5553 1298 5646 aliud,
1326 5572 1398 5630 non
1425 5559 1562 5629 videtin
1588 5560 1683 5646 quod
1707 5557 1908 5627 huiusmodi
1931 5570 2113 5646 respectus
2130 5559 2242 5647 possit
2261 5559 2331 5627 dici
2353 5559 2467 5647 ipsum
2493 5582 2582 5629 esse.

1104 5684 1213 5753 lmmo
1229 5681 1255 5720 ¹⁰
1288 5700 1367 5749 esse
1397 5677 1534 5748 videtur
1563 5674 1804 5765 praesupponi
1835 5674 1998 5742 omnibus
2029 5674 2104 5741 aliis
2135 5675 2170 5742 in
2206 5675 2323 5762 aliquo
2354 5675 2583 5744 existentibus

1195 5968 1203 6001 ¹
1216 5966 1282 6042 ipsa
1295 5997 1328 6007 -
1341 5964 1499 6035 essentiae]
1518 5968 1575 6017 om.
1589 5960 1620 6016 P.
1639 5992 1673 6001 -
1692 5960 1704 5992 ³
1716 5958 1938 6014 tundamentum
1956 5959 1989 6013 P.
2009 5991 2041 5999 -
2061 5960 2072 5991 ⁸
2085 5959 2114 6014 in
2133 5961 2202 6029 non]
2221 5976 2281 6015 non
2307 5960 2335 6014 in
2355 5960 2387 6014 P.
2407 5992 2440 6001 -
2459 5964 2469 5993 ⁴
2482 5978 2538 6016 om.
2551 5961 2584 6016 P.

1105 6089 1138 6135 ··‚
1159 6057 1169 6090 ⁸
1182 6063 1280 6112 autem
1293 6054 1324 6109 P.
1338 6083 1372 6096 -
1385 6052 1397 6085 ⁴
1409 6051 1485 6108 sicut
1504 6078 1537 6091 -
1550 6048 1704 6124 rationem]
1719 6064 1775 6103 om.
1788 6046 1819 6101 P.
1839 6078 1872 6090 —
1894 6048 1945 6101 'et
1964 6046 1998 6101 V.
2018 6078 2051 6088 -
2072 6047 2151 6101 ‘ona
2166 6047 2196 6103 Ρ.
2210 6078 2243 6088 -
2258 6047 2326 6103 'bis
2338 6048 2373 6103 V.
2387 6080 2420 6089 -
2437 6049 2458 6083 ¹⁰
2469 6047 2539 6104 ideo
2551 6049 2584 6104 P.
