6700 7992
1090 1435 1138 1486 ¹⁸26
1451 1433 1643 1487 MAGISTRI
1672 1433 1893 1487 GODEFmol
1924 1434 1974 1486 DF,
2004 1431 2201 1505 FON'l'lBL'S

1088 1611 1277 1677 efficaciam
1303 1613 1483 1695 aequalem
1516 1614 1669 1696 [babent]
1696 1612 1796 1677 etiam
1823 1612 1855 1677 in
1881 1612 2034 1693 bomine,
2060 1613 2151 1693 ideo,
2186 1612 2267 1697 quia
2295 1613 2378 1679 nolo
2407 1634 2563 1679 asserere

1086 1740 1251 1811 tanquam
1283 1727 1520 1793 necessarium
1546 1741 1580 1793 et
1611 1728 1711 1792 cuius
1743 1728 1954 1793 contrarium
1986 1728 2029 1792 sit
2061 1728 2274 1814 impossibile
2304 1741 2338 1795 et
2368 1750 2563 1810 erroneum,

1087 1844 1182 1927 quod
1218 1843 1251 1907 in
1288 1843 1430 1909 homine
1462 1843 1505 1908 sit
1542 1855 1674 1909 tantum
1709 1867 1779 1909 una
1815 1845 1936 1922 forma,
1969 1846 2031 1909 sed
2064 1846 2177 1910 solum
2212 1845 2282 1910 boc
2315 1843 2467 1910 dicendo
2502 1865 2565 1931 per

1086 1959 1228 2024 modum
1264 1959 1453 2045 probabilis
1486 1959 1673 2044 opinionis,
1782 1960 1861 2025 ideo
1894 1960 1996 2025 ctiam
2033 1961 2114 2025 volo
2151 1982 2307 2026 asserere
2339 1959 2373 2024 in
2409 1960 2484 2025 aliis
2520 1962 2564 2025 ab

1087 2074 1228 2141 bomine
1255 2097 1327 2140 non
1353 2097 1459 2160 posse
1485 2097 1563 2141 esse
1589 2075 1652 2140 nisi
1671 2098 1774 2140 unam
1794 2076 1949 2155 sormam,
1968 2088 2109 2160 paratus
2133 2088 2252 2141 tenere
2277 2076 2504 2142 determinate
2529 2076 2563 2140 in

1086 2190 1228 2256 homine
1255 2213 1334 2256 esse
1362 2193 1479 2277 plures
1509 2192 1648 2263 formas,
1673 2191 1702 2256 si
1731 2204 1923 2277 appareant
1957 2192 2043 2257 aliae
2075 2191 2227 2257 rationes
2261 2192 2485 2271 ellicacioreS,
2510 2192 2565 2257 vel

1087 2307 1116 2370 si
1144 2328 1186 2371 ex
1215 2307 1502 2372 determinatione
1532 2306 1711 2372 Ecclesiae
1739 2307 1986 2372 determinetur
2014 2308 2143 2391 aliquid
2168 2307 2259 2374 circa
2283 2328 2412 2393 corpus
2437 2306 2566 2373 Christi

1086 2444 1165 2489 esse
1189 2424 1379 2489 tenendum
1404 2425 1498 2507 quod
1524 2425 1680 2488 nondum
1706 2435 1758 2487 est
1783 2423 2058 2501 determinatum,
2090 2423 2143 2488 vel
2175 2423 2268 2488 aliud
2298 2423 2434 2489 ratione
2465 2423 2566 2489 cuius

1086 2550 1245 2624 oporteat
1269 2560 1400 2623 ponere
1425 2539 1459 2603 in
1485 2539 1625 2603 bomine
1650 2539 1767 2623 plures
1793 2540 1932 2603 formas.

1174 2654 1230 2718 Ad
1249 2654 1405 2739 primum,
1432 2677 1510 2720 cum
1535 2654 1691 2742 arguitur
1715 2656 1809 2739 quod
1835 2656 1957 2719 eadem
1984 2668 2125 2719 manent
2153 2654 2348 2720 accidentia
2365 2654 2399 2719 in
2417 2677 2565 2741 corpore

1087 2770 1214 2835 Christi
1233 2770 1311 2835 vin>
1336 2782 1369 2835 et
1394 2782 1530 2835 mortno
1555 2782 1589 2835 et
1613 2782 1739 2850 cetera,
1765 2772 1959 2836 secundum
1985 2770 2119 2855 aliquos
2145 2771 2319 2837 diceretur
2339 2773 2433 2856 quod
2450 2771 2566 2856 aliqua

1087 2885 1281 2951 accidentia
1306 2887 1464 2971 symbola
1488 2898 1521 2950 et
1549 2886 1747 2951 communia
1773 2888 1895 2951 eadem
1922 2908 2066 2951 numero
2091 2898 2232 2952 manent
2257 2886 2416 2953 subiecto
2441 2908 2565 2952 secun-

1087 3003 1169 3066 dum
1198 3002 1426 3066 substantiam
1464 3001 1602 3087 penitus
1637 3014 1876 3067 transmutato.
1906 3003 1977 3067 Sed
2006 3002 2086 3087 quia
2124 3004 2192 3067 boc
2221 3025 2292 3067 non
2326 3002 2460 3067 videtur
2489 3024 2566 3089 pro·

1085 3117 1211 3195 babile,
1244 3117 1430 3182 dicendum
1464 3119 1558 3201 (prod
1591 3118 1671 3201 quia
1703 3118 1896 3184 accidentia
1929 3141 2000 3182 non
2032 3118 2149 3182 insunt
2177 3117 2341 3184 materiae
2374 3118 2441 3183 nisi
2468 3118 2564 3183 utin

1086 3245 1165 3298 acto
1201 3246 1254 3298 est
1289 3255 1350 3318 per
1385 3235 1530 3298 formam
1566 3234 1840 3315 substantialem,
1874 3234 1953 3299 ideo
1984 3235 2108 3299 eodeni
2139 3246 2266 3319 agente
2297 3256 2367 3318 quo
2400 3244 2564 3319 corrupto

1085 3347 1227 3412 bomine
1256 3349 1309 3412 vel
1334 3347 1401 3411 alio
1430 3347 1605 3412 inducitur
1629 3347 1695 3411 alia
1719 3348 1829 3412 forma
1857 3347 2105 3427 substantialis,
2131 3347 2344 3413 inducuntur
2370 3347 2473 3414 etiam
2499 3347 2565 3413 alia

1038 3516 1043 3524 .
1085 3463 1280 3528 accidentia
1305 3485 1449 3529 numero
1466 3464 1598 3528 saltem.
1618 3463 1801 3528 Generans
1819 3485 1904 3551 ergo
1922 3485 2050 3528 novum
2076 3463 2308 3549 compositum
2326 3463 2564 3542 substantiale,

1086 3591 1120 3643 et
1151 3600 1379 3664 corrumpens
1404 3579 1631 3664 praecedens,
1664 3591 1717 3644 est
1751 3602 1821 3663 quo
1855 3591 1982 3666 agente
2008 3578 2074 3644 alia
2106 3568 2301 3645 accidentia
2331 3581 2462 3645 babent
2485 3600 2564 3645 esse

1085 3707 1119 3760 et
1136 3694 1210 3759 alia.
1235 3733 1277 3742 -
1295 3698 1384 3760 Cum
1409 3695 1644 3780 diciturquod
1670 3717 1752 3773 non,
1771 3695 1851 3780 quia
1868 3695 2010 3761 materia
2038 3717 2110 3761 non
2139 3695 2320 3761 videbatur
2336 3695 2564 3761 determinata

1086 3810 1129 3875 ad
1163 3810 1245 3875 talia
1276 3811 1470 3876 accidentia
1506 3810 1533 3875 si
1569 3822 1720 3895 ponatur
1752 3833 1822 3875 non
1859 3834 2000 3877 nntnere
2035 3812 2150 3897 aliqua
2183 3813 2293 3877 forma
2326 3811 2564 3877 substantialis

1085 3929 1312 4012 praecedens,
1348 3926 1428 3991 dieo
1467 3928 1563 4011 quod
1598 3926 1714 4006 inuno,
1750 3937 1892 4013 propter
1931 3927 2087 3993 ordinem
2121 3927 2341 3993 essentialem
2375 3928 2564 3993 formarum

1085 4042 1348 4108 succedentium
1374 4042 1438 4106 sibi
1456 4043 1577 4107 ordine
1602 4042 1747 4107 naturali
1777 4041 1810 4106 in
1840 4042 1992 4122 materia,
2017 4044 2211 4108 secundum
2237 4044 2332 4128 quod
2350 4034 2428 4109 'non
2454 4044 2563 4128 quod·

1085 4158 1193 4223 libetl
1214 4159 1251 4223 fit
1268 4181 1309 4234 ex:
1336 4158 1490 4242 ‹prolibet
1508 4157 1714 4222 immediate.
1734 4158 1784 4221 Ex
1811 4158 1891 4223 rino
1917 4158 2008 4223 enim
2034 4159 2231 4224 innnediate
2257 4160 2293 4224 fit
2318 4171 2467 4238 acetum,
2492 4180 2562 4224 non

1085 4294 1104 4337 e
1129 4295 1311 4354 converso,
1329 4274 1408 4339 licet
1426 4274 1484 4338 tiat
1507 4274 1673 4338 resolutio
1690 4275 1732 4338 ad
1751 4274 1926 4338 materiam
1945 4273 2087 4358 primam
2114 4275 2147 4339 in
2173 4287 2318 4358 utraque
2335 4274 2563 4359 generatione

1084 4390 1312 4455 substantiali.
1332 4430 1368 4437 —
1391 4390 1479 4454 Cum
1497 4389 1622 4454 dicitur
1639 4390 1734 4473 quod
1751 4389 1893 4454 materia
1911 4412 1981 4453 non
2003 4390 2253 4469 determinavit,
2273 4413 2390 4456 verum
2412 4401 2479 4470 est;
2497 4411 2564 4456 nec

1085 4506 1200 4571 anima
1224 4507 1451 4591 praecedens,
1470 4505 1550 4570 (lico
1568 4506 1662 4589 quod
1681 4505 1794 4570 immo.
1813 4505 1891 4590 lpsa
1909 4505 2000 4569 enim
2026 4506 2114 4570 dans
2139 4528 2217 4571 esse
2238 4507 2352 4570 vivum
2371 4519 2404 4572 et
2420 4507 2561 4572 mixtum

1084 4622 1280 4707 requirebat
1298 4620 1545 4707 dispositiones
1571 4621 1605 4685 in
1630 4621 1771 4685 materia
1790 4621 1923 4685 ratione
1943 4644 2088 4705 cpiarum
2107 4622 2249 4687 materia
2267 4634 2339 4687 erat
2358 4622 2369 4656 ²
2393 4622 2562 4708 disposita

1084 4749 1117 4804 et
1135 4737 1294 4803 ordinata
1318 4739 1362 4802 ad
1382 4738 1556 4821 (piandam
1580 4738 1726 4801 sormam
1750 4737 2012 4802 substantialem
2039 4737 2300 4803 determinatam
2327 4737 2562 4804 inducendam

1084 4866 1164 4940 post
1192 4854 1449 4939 corruptionem
1479 4852 1602 4938 prioris
1628 4852 1822 4937 compositi,
1849 4854 1902 4917 vel
1928 4866 2008 4938 post
2032 4853 2288 4939 separationem
2315 4854 2447 4919 formae
2464 4876 2562 4940 prae·

1083 4970 1251 5045 cedentis,
1277 4970 1357 5053 (pria
1381 4969 1483 5034 etiam
1510 4967 1705 5032 consimilia
1730 4967 1925 5033 accidentia
1949 4981 2221 5053 consmpruntur.

1172 5087 1260 5150 Cum
1286 5086 1388 5150 etiam
1413 5085 1537 5149 dicitur
1564 5085 1658 5167 quiid
1689 5086 1732 5147 ad
1757 5086 1848 5148 bane
1875 5084 2018 5148 tonnam
2046 5085 2334 5151 introducendam
2361 5108 2433 5151 non
2450 5087 2560 5152 deter-

1083 5201 1190 5266 minat
1207 5202 1321 5267 anima
1335 5201 1415 5285 quia
1429 5212 1481 5265 est
1499 5200 1529 5264 ei
1547 5221 1760 5284 repugnans,
1774 5201 1866 5263 nulla
1884 5212 1997 5263 autem
2016 5200 2148 5265 forma3
2162 5201 2368 5266 determinat
2383 5201 2558 5267 materiam

1082 5319 1127 5383 ad
1156 5318 1300 5382 tonnam
1326 5317 1392 5381 sibi
1420 5306 1685 5403 reptignantem,
1715 5315 1901 5381 dicendum
1932 5317 2025 5399 qnod
2053 5339 2131 5380 enm
2164 5317 2278 5386 otonis
2312 5318 2423 5383 forma
2447 5340 2467 5382 a
2491 5339 2561 5402 qua

1083 5434 1119 5498 lit
1136 5433 1376 5497 transmeatio
1402 5432 1445 5496 sit
1469 5453 1671 5515 repugnans
1697 5442 1729 5494 et
1754 5432 2015 5514 ‹prodannnodo
2040 5432 2213 5497 contraria
2237 5433 2369 5498 formae
2394 5433 2559 5518 adquam

1082 5550 1119 5614 fit
1148 5548 1396 5629 transmutatio,
1422 5548 1503 5631 quia
1532 5546 1742 5612 contrarium
1768 5548 1804 5610 tit
1832 5570 1873 5612 ex
1901 5548 2086 5627 etmtrario,
2112 5560 2277 5613 ettamen
2302 5561 2439 5635 oportet
2464 5550 2559 5634 quod

1083 5666 1224 5731 materia
1242 5665 1453 5751 intelligatur
1468 5684 1546 5727 esse
1564 5662 1791 5726 determinata
1812 5685 1873 5747 per
1897 5664 2040 5728 l'ornmm
2067 5663 2122 5727 eni
2148 5664 2316 5729 subicitur
2339 5667 2383 5730 ad
2412 5666 2559 5731 formam

1083 5784 1125 5847 ad
1157 5804 1259 5865 ‹prtun
1285 5779 1471 5845 materian
1505 5778 1613 5843 forma
1646 5778 1870 5860 praecedenti
1906 5791 2020 5862 potest
2046 5778 2242 5843 innnediate
2275 5780 2495 5845 transmutari
2521 5791 2559 5846 ut

1172 6049 1178 6077 ¹
1194 6044 1336 6117 quidlibet
1352 6044 1383 6095 l'.
1446 6041 1566 6094 ··'·‹,·1·itl‘.
1592 6072 1610 6077 —-
1630 6043 1705 6092 lotu.
1723 6042 1750 6093 l'.
