6700 7992
872 4367 937 4421 cod.
948 4367 973 4419 V

843 4437 895 4492 fol.
905 4441 958 4492 252
967 4437 1009 4489 Vb

873 4509 938 4563 cod.
956 4509 979 4561 P

844 4580 895 4634 fol.
907 4582 958 4635 156
968 4580 1009 4632 Vb

1027 1415 1046 1490 e'
1394 1435 1585 1490 MAGISTRI
1614 1434 1834 1490 GODEFRIDI
1861 1435 1914 1489 DE
1942 1434 2141 1489 FONTIBUS

1030 1613 1186 1681 essentia
1202 1613 1393 1681 accidentis
1410 1636 1431 1679 a
1447 1613 1606 1680 subiecto
1623 1635 1725 1699 quam
1744 1613 1897 1681 essentia
1913 1613 2077 1679 materiae
2094 1635 2115 1678 a
2130 1614 2252 1693 forma,
2269 1625 2304 1680 et
2320 1615 2364 1678 ab
2385 1625 2505 1680 aucto·

1028 1728 1125 1795 ribus
1142 1728 1250 1796 sacris
1275 1728 1416 1815 ponitur
1438 1729 1533 1815 quod
1557 1728 1753 1796 accidentia
1783 1741 1931 1815 possunt
1954 1728 2174 1794 immediate¹
2198 1729 2313 1796 aDeo
2329 1728 2403 1795 lieri
2428 1726 2504 1794 sine

1029 1843 1200 1925 subiect0,
1217 1845 1333 1910 nullus
1355 1843 1468 1911 fidelis
1495 1843 1613 1911 dicere
1637 1845 1743 1911 debet
1771 1845 1866 1931 quod
1891 1843 1993 1910 etiam
2017 1865 2089 1920 non
2113 1844 2224 1930 possit
2251 1845 2346 1910 nuda
2362 1843 2505 1910 materia

1030 1981 1110 2027 esse
1127 1959 1203 2026 sine
1219 1961 1340 2025 forma.
1358 1959 1402 2025 Et
1426 1960 1495 2026 hoc
1518 1958 1682 2045 aliqui(l)
1699 1959 1854 2025 nituntur
1877 1959 1928 2025 sic
1952 1961 2140 2039 declarare,
2158 1958 2239 2045 quia
2262 1958 2405 2026 materia
2432 1980 2504 2025 non

1029 2087 1083 2142 est
1105 2075 1153 2142 ita
1176 2096 1287 2161 prope
1312 2074 1396 2141 nihil
1419 2095 1486 2141 nec
1510 2084 1564 2141 est
1587 2074 1741 2161 aliquid²
1764 2075 1810 2141 ita
1833 2075 1869 2141 in
1896 2074 2053 2160 potentia
2077 2075 2161 2160 quin
2185 2074 2228 2141 sit
2252 2074 2368 2160 aliqua
2390 2096 2446 2142 res
2471 2084 2505 2141 et

1029 2202 1153 2256 natura
1171 2191 1214 2257 de
1231 2211 1362 2279 genere
1383 2189 1611 2270 substantiae,
1628 2189 1794 2257 differens
1810 2213 1873 2277 per
1892 2190 2080 2257 essentiam
2097 2212 2118 2255 a
2141 2191 2262 2270 forma,
2279 2212 2300 2255 a
2316 2212 2386 2275 qua
2401 2189 2505 2257 etiam

1029 2327 1101 2372 non
1130 2303 1205 2372 est⁸
1231 2328 1294 2370 sua
1319 2304 1455 2386 entitas
1484 2305 1565 2390 quia
1596 2305 1826 2371 essentialiter
1853 2305 2026 2372 differunt.
2051 2306 2094 2371 Et
2120 2305 2200 2372 lieet
2227 2305 2371 2371 materia
2398 2305 2442 2371 sit
2469 2305 2505 2371 in

1030 2421 1187 2508 potentia
1199 2423 1244 2486 ad
1261 2422 1406 2487 formam
1423 2430 1457 2487 et
1473 2421 1519 2486 ad
1535 2442 1613 2487 esse
1631 2431 1711 2487 actu
1730 2421 1932 2507 simpliciter
1943 2442 2005 2507 per
2022 2421 2253 2487 actualitatem
2272 2422 2416 2502 formae,
2429 2421 2506 2508 ipsa

1029 2549 1146 2603 tamen
1161 2558 1234 2602 non
1251 2549 1303 2602 est
1320 2537 1355 2602 in
1372 2536 1529 2623 potentia
1552 2537 1596 2602 ad
1621 2558 1720 2601 suam
1749 2537 1923 2623 propriam
1949 2537 2146 2617 entitatem;
2173 2538 2237 2603 sed
2260 2537 2377 2622 seipsa
2401 2548 2454 2602 est
2469 2537 2506 2602 id

1029 2653 1126 2738 quod
1143 2663 1195 2718 est
1211 2652 1247 2716 in
1274 2673 1388 2717 rerum
1415 2662 1549 2733 natura,
1575 2651 1736 2718 effective
1763 2662 1879 2718 tamen
1908 2675 1928 2717 a
1956 2654 2043 2718 Deo.
2061 2654 2164 2719 Unde
2192 2653 2331 2718 actione
2355 2651 2506 2718 creantis

1030 2780 1147 2854 potest
1162 2767 1362 2833 conservari
1379 2767 1414 2834 in
1432 2788 1521 2847 esse,
1539 2768 1634 2853 quod
1651 2767 1717 2833 sibi
1734 2780 1934 2852 competere
1957 2780 2073 2853 potest
2097 2768 2291 2834 secundum
2314 2766 2506 2834 realitatem

1030 2905 1116 2949 suae
1140 2882 1355 2948 substantiae
1379 2893 1533 2963 naturae,
1556 2882 1705 2969 spoliata
1722 2883 1817 2948 omni
1840 2884 1961 2963 forma,
1986 2904 2067 2950 cum
2092 2883 2217 2949 entitas
2243 2882 2408 2949 materiae
2431 2904 2504 2949 non

1030 2999 1074 3064 sit
1101 2998 1227 3064 entitas
1255 3000 1387 3064 formae
1415 3020 1481 3065 nee
1509 2998 1584 3065 eius
1612 3020 1702 3065 esse.
1728 2999 1825 3065 Licet
1852 3009 1966 3065 autem
1995 2998 2136 3065 materia
2161 2999 2211 3064 sie
2240 2998 2350 3084 possit
2375 2999 2505 3064 habere

1031 3114 1134 3180 esse⁴
1157 3113 1233 3179 sine
1257 3114 1377 3193 forma,
1403 3125 1519 3180 tamen
1543 3116 1634 3180 bene
1657 3115 1764 3180 habet
1787 3135 1866 3180 esse
1889 3114 1990 3180 simul
2011 3136 2090 3180 eum
2107 3115 2217 3180 forma
2233 3114 2268 3179 in
2286 3113 2505 3200 composito;
2542 3169 2545 3173 ,

1031 3241 1065 3297 et
1080 3229 1195 3295 unitas
1219 3229 1404 3315 compositi
1419 3229 1431 3264 ⁶
1454 3251 1526 3295 non
1551 3229 1738 3316 impeditur
1753 3252 1816 3316 per
1831 3230 1901 3296 hoc
1917 3230 2011 3315 quod
2031 3230 2102 3295 duo
2119 3251 2198 3296 esse
2215 3229 2331 3315 aliquo
2346 3230 2454 3295 modo
2470 3229 2506 3295 in

1031 3345 1228 3431 composito
1250 3345 1380 3410 includi
1404 3345 1574 3410 videntur.
1600 3344 1694 3428 Quia
1718 3344 1747 3410 si
1771 3345 1914 3411 materia
1938 3345 2069 3412 diceret
2093 3345 2243 3430 aliquam
2267 3355 2425 3410 naturam
2450 3343 2506 3411 eui

1030 3461 1225 3527 secundum
1249 3481 1288 3526 se
1312 3472 1408 3525 extra
1432 3459 1665 3546 compositum
1689 3472 1811 3546 posset
1834 3471 2034 3547 competere
2057 3460 2198 3547 aliquod
2215 3481 2294 3527 esse
2319 3482 2361 3527 ex
2384 3472 2506 3526 natura

1031 3598 1095 3643 sua
1117 3577 1288 3655 absolute,
1314 3575 1359 3641 ita
1383 3577 1479 3661 quod
1502 3575 1583 3640 illud
1608 3597 1687 3641 esse
1712 3576 1815 3641 etiam
1844 3576 1989 3643 haberet
2012 3577 2047 3641 in
2071 3575 2280 3662 composit0,
2302 3615 2343 3622 -
2361 3597 2423 3661 per
2437 3577 2507 3642 hoc

1030 3691 1146 3757 unitas
1170 3691 1354 3777 compositi
1379 3690 1617 3776 impediretur3
1643 3691 1706 3756 sed
1730 3692 1798 3758 tale
1822 3712 1902 3758 esse
1925 3703 2042 3777 potest
2065 3693 2195 3757 habere
2224 3691 2362 3757 actione
2390 3691 2507 3757 divina

1031 3806 1284 3894 supernaturali
1308 3806 1516 3873 obedientia.
1535 3805 1606 3873 Sed
1630 3805 1773 3872 materia
1798 3819 2002 3873 conservata
2028 3809 2093 3872 sub
2117 3808 2230 3872 forma
2254 3806 2406 3873 existens
2423 3806 2506 3872 illud

1031 3945 1110 3990 esse
1134 3944 1206 3988 non
1230 3922 1345 3988 habet.
1370 3922 1453 3988 ldeo
1478 3935 1512 3989 et
1535 3933 1660 3989 cetera.

1119 4037 1191 4105 Sed
1215 4037 1244 4102 si
1268 4051 1362 4104 recte
1386 4036 1596 4125 intelligatur
1613 4038 1696 4122 quid
1713 4038 1854 4105 nomine
1878 4038 2043 4104 materiae
2067 4038 2282 4123 importatur,
2300 4050 2395 4124 patet
2411 4039 2506 4123 quod

1031 4153 1174 4220 materia
1212 4174 1284 4219 non
1323 4164 1440 4239 potest
1474 4174 1553 4220 esse
1588 4153 1664 4220 sine
1700 4154 1821 4219 forma.
1865 4155 1931 4220 Per
1965 4153 2143 4219 materiam
2185 4153 2275 4219 enim
2311 4155 2506 4220 secundum

1032 4269 1224 4335 doctrinam
1258 4268 1463 4354 Philosophi
1491 4279 1525 4334 et
1551 4280 1864 4335 commentatorum
1896 4268 2118 4357 intelligimus
2151 4268 2279 4353 aliquid
2307 4271 2402 4353 quod
2435 4290 2505 4334 non

1033 4397 1085 4451 est
1109 4383 1252 4450 omnino
1274 4405 1348 4449 non
1377 4387 1381 4468 Ι
1412 4405 1475 4450 ens
1499 4396 1533 4450 et
1556 4383 1650 4464 nihil,
1679 4385 1743 4450 sed
1772 4384 1949 4449 minimum
1978 4386 2085 4450 habet
2112 4386 2156 4450 de
2185 4385 2337 4463 entitate,
2365 4396 2508 4470 propter

1032 4501 1126 4586 quod
1150 4499 1275 4564 dicitur
1304 4502 1307 4582 Ι
1338 4500 1432 4584 quod
1461 4512 1513 4565 est
1537 4520 1648 4585 prope
1670 4499 1765 4566 nihil.
1791 4501 1879 4566 Cum
1905 4513 2020 4566 autem
2046 4521 2108 4566 ens
2137 4501 2309 4565 dividatur
2332 4500 2367 4565 in
2391 4513 2506 4566 actum

1033 4627 1067 4682 et
1083 4615 1284 4701 potentiam,
1302 4614 1376 4680 sive
1400 4614 1435 4679 in
1460 4636 1522 4681 ens
1547 4626 1627 4681 actu
1651 4616 1747 4699 quod
1772 4627 1825 4680 est
1849 4637 1912 4681 ens
1936 4615 2136 4701 simpliciter
2161 4627 2194 4681 et
2218 4639 2281 4682 ens
2297 4616 2332 4681 in
2352 4615 2507 4701 potentia

1016 4731 1127 4817 ,quod
1152 4741 1204 4796 est
1227 4752 1290 4798 ens
1315 4730 1415 4816 quasi
1439 4731 1634 4796 seeundum
1662 4730 1756 4816 quid,
1781 4742 1815 4796 et
1838 4732 2032 4797 secundum
2057 4734 2125 4798 hoc
2153 4732 2305 4811 materia,
2331 4753 2409 4797 cum
2434 4753 2506 4796 non

1032 4847 1076 4912 sit
1103 4868 1165 4912 ens
1194 4845 1393 4933 simpliciter
1417 4859 1451 4911 et
1475 4868 1538 4912 ens
1567 4857 1657 4925 actu,
1683 4858 1735 4911 est
1758 4847 1871 4912 solum
1900 4869 1963 4912 ens
1992 4847 2026 4911 in
2056 4847 2221 4932 potentia.
2252 4848 2355 4914 Unde
2384 4846 2508 4912 dicitur

1032 4962 1181 5047 septimo
1205 4961 1467 5048 Metaphysicae
1484 4963 1555 5044 (2):
1580 4961 1725 5026 materia
1749 4963 1792 5027 de
1817 4984 1855 5027 se
1879 4984 1945 5028 nec
1966 4973 2018 5027 est
2038 4962 2121 5046 quid
2145 4983 2211 5028 nec
2237 4973 2414 5046 quantum,
2441 4981 2507 5028 nec

1122 5246 1130 5277 ¹
1146 5254 1271 5316 possunt
1285 5244 1452 5300 immediate
1467 5263 1521 5298 mn.
1536 5246 1566 5299 P.
1585 5278 1617 5284 —
1630 5246 1641 5276 ²
1656 5254 1702 5299 est
1719 5245 1839 5316 aliquid]
1858 5246 1967 5316 aliquid
1983 5256 2028 5300 est
2045 5247 2074 5299 P.
2088 5279 2118 5285 -
2130 5248 2141 5277 ³
2151 5265 2167 5298 a
2178 5264 2235 5316 qua
2251 5279 2283 5285 -—
2302 5249 2357 5315 est}
2376 5246 2419 5298 his
2430 5247 2462 5298 V.
2473 5278 2507 5284 -

1033 5335 1043 5365 ⁴
1062 5351 1117 5386 om.
1135 5334 1165 5386 P.
1183 5365 1216 5373 —
1238 5335 1248 5365 ⁶
1267 5342 1296 5387 et
1312 5333 1409 5387 unitas
1424 5333 1589 5404 compositi]
1607 5333 1718 5386 includi
1738 5334 1767 5386 P.

1120 5514 1159 5579 (ll
1180 5512 1213 5564 V.
1233 5529 1261 5582 g.
1282 5510 1462 5565 Henricus
1488 5511 1530 5565 de
1557 5511 1745 5577 Gandav0,
1772 5513 1878 5580 Quodl.
1900 5513 1920 5576 l,
1943 5516 1975 5564 10
1993 5513 2135 5576 (Ferme,
2158 5515 2233 5573 111-16,
2254 5512 2308 5577 tl,
2328 5529 2355 5581 p.
2372 5515 2424 5568 131.
2447 5534 2458 5558 «1-
2473 5511 2508 5563 Et

1032 5599 1102 5653 licet
1120 5598 1280 5652 secundum
1300 5616 1483 5652 communem
1503 5617 1619 5653 cursum
1640 5598 1829 5653 institutionis
1848 5609 1969 5652 naturae
1989 5598 2030 5651 sic
2051 5598 2087 5651 sit
2107 5598 2185 5652 facta
2205 5598 2335 5663 materia,
2359 5608 2390 5651 ut
2410 5598 2508 5668 aliqua

1033 5686 1149 5740 actione
1168 5694 1290 5739 naturae
1309 5704 1368 5740 non
1388 5695 1433 5739 est
1452 5685 1536 5740 unius
1555 5686 1705 5758 corruptio
1725 5687 1788 5740 sine
1808 5686 1928 5740 alterius
1954 5685 2154 5754 generatione,
2174 5695 2271 5739 tamen
2292 5685 2408 5739 actione
2428 5703 2508 5739 crea-

1033 5774 1104 5827 toris
1123 5772 1243 5843 spoliari
1262 5781 1361 5844 potest
1381 5774 1417 5826 ab
1438 5773 1516 5827 omni
1535 5773 1629 5827 forma
1648 5783 1705 5828 ut...
1726 5774 1781 5828 id...
1803 5774 1883 5845 quod
1902 5773 2042 5826 materiae
2067 5783 2111 5826 est
2131 5773 2159 5826 in
2184 5791 2250 5826 esse
2278 5783 2435 5826 conservet
2454 5790 2507 5843 per

1032 5878 1065 5915 se
1085 5860 1167 5915 cuius
1186 5869 1231 5914 est
1250 5860 1314 5931 ipsa
1332 5860 1565 5931 susceptibilis.»
1585 5893 1619 5900 —
1639 5867 1678 5923 ‹2›
1698 5860 1922 5915 Aristotelis
1941 5860 2150 5930 Metapltysr'ca,
2171 5861 2239 5927 LVI,
2251 5861 2371 5927 c.3ted.
2383 5860 2507 5926 Beklrer,

1034 5950 1090 6003 vol.
1102 5949 1138 6015 ll,
1151 5966 1179 6019 p.
1191 5952 1280 6004 1029).
1302 5942 1385 6018 Λέγω
1405 5943 1493 6013 δ’ῧλην
1513 5950 1530 6012 h
1551 5943 1614 6001 καθ’
1636 5947 1717 6012 αὑτὴν
1738 5946 1806 6013 μήτε
1826 5948 1851 5999 τὶ
1874 5945 1941 6012 μήτε
1961 5945 2044 5999 ποσὸν
2066 5945 2133 6012 μήτε
2155 5943 2221 5999 ἄλλο
2243 5945 2324 6012 μηδὲν
2345 5943 2449 6016 λέγεται
2469 5947 2510 6005 οἷς

1031 6032 1143 6105 ὥρισται
1153 6033 1184 6087 τὸ
1196 6030 1234 6088 dv.
1766 6038 1770 6045 ’
