6700 7992
1034 1397 1086 1492 254
1395 1428 1587 1492 nams‘nn
1616 1434 1838 1492 GODEFle
1866 1432 1918 1489 os
1947 1410 2146 1491 sonamus

1035 1619 1249 1684 invisibiliter
1279 1618 1326 1683 ibi
1351 1631 1444 1683 esset
1468 1619 1575 1700 (unde
1600 1618 1778 1702 quomodo
1804 1616 1940 1681 diversa
1965 1638 2113 1702 corpora
2140 1628 2221 1681 sunt
2245 1616 2345 1681 simul
2371 1614 2511 1681 alterius

1035 1745 1088 1799 est
1107 1732 1421 1813 considerationis),
1443 1732 1472 1797 si
1492 1734 1597 1797 latera
1618 1731 1708 1796 aeris
1729 1730 1940 1796 continentis
1961 1731 1995 1795 in
2016 1753 2057 1796 ea
2082 1730 2312 1816 dispositione
2331 1742 2511 1795 manerent

1035 1847 1069 1912 in
1095 1870 1162 1931 qua
1183 1846 1278 1931 prius
1298 1858 1405 1925 erant,
1425 1847 1521 1911 nullo
1547 1845 1614 1910 alio
1639 1867 1786 1930 corpore
1805 1844 1999 1930 intercepto
2023 1847 2077 1909 vel
2101 1844 2187 1929 ipsis
2210 1866 2283 1908 non
2303 1843 2510 1922 coniunctis,

1035 1983 1106 2025 non
1139 1960 1310 2025 (liceretur
1340 1960 1387 2025 ibi
1418 1981 1545 2044 eorpus
1577 1959 1706 2024 Christi
1732 1980 1820 2038 esse,
1846 1958 1926 2043 quia
1956 1958 2040 2022 nihil
2065 1958 2237 2022 diceretur
2260 1957 2307 2021 ibi
2339 1979 2427 2037 esse,
2448 1958 2511 2022 sed

1035 2074 1178 2140 omnino
1204 2086 1296 2139 esset
1333 2095 1492 2154 vacuum,
1523 2075 1632 2138 multo
1663 2073 1790 2158 minus
1817 2094 1901 2157 ergo
1937 2094 2015 2137 cum
2048 2072 2318 2159 coniunguntur,
2350 2074 2404 2137 vel
2432 2093 2511 2137 curn

1035 2189 1130 2253 aliud
1161 2187 1394 2272 intercipitur3
1415 2187 1568 2272 alioquin
1601 2209 1729 2272 eorpus
1761 2186 1889 2252 Christi
1919 2186 2021 2251 etiam
2052 2207 2147 2252 nunc
2178 2197 2270 2251 esset
2301 2185 2511 2270 ubicumque

1035 2302 1224 2386 aliquando
1248 2302 1312 2367 fuit
1337 2302 1570 2387 corporaliter,
1596 2312 1629 2367 et
1653 2313 1777 2366 cetera.

1577 2737 1877 2822 Quaestio
1918 2737 1970 2802 vr

1682 2921 1863 2991 (LONGA).

1162 3156 1303 3235 Utrum
1328 3162 1465 3257 posset
1491 3161 1604 3231 extra
1635 3157 1832 3231 rrumdrrm
1862 3155 1985 3230 istum
2002 3155 2104 3257 fieri
2131 3154 2259 3230 altera
2287 3162 2396 3231 terra

1301 3291 1477 3365 eiusdem
1506 3290 1653 3390 speciei
1681 3316 1771 3364 cum
1802 3295 1910 3364 terra
1938 3289 2060 3364 liuius
2088 3290 2243 3364 rnundr'.
2327 3326 2330 3332 ·

1123 3621 1207 3686 Post
1231 3622 1299 3685 hoc
1318 3641 1401 3685 vero
1421 3620 1651 3703 quaerebatur
1671 3618 1764 3683 aliud
1794 3619 1973 3704 pertinens
1997 3619 2042 3683 ad
2066 3631 2222 3684 naturam
2248 3629 2358 3684 terrae
2378 3618 2511 3705 specia-

1033 3735 1118 3813 liter,
1150 3734 1282 3799 seilieet
1312 3745 1424 3798 utrum
1456 3745 1577 3818 posset
1607 3745 1702 3798 extra
1731 3734 1899 3797 mundum
1920 3733 2023 3798 istum
2048 3732 2121 3798 fieri
2145 3733 2212 3798 alia
2242 3745 2331 3798 terra
2355 3733 2510 3799 eiusdem

1034 3848 1163 3934 speciei
1193 3869 1271 3912 cum
1302 3860 1392 3912 terra
1423 3846 1526 3912 huius
1557 3846 1687 3911 mundi.
1709 3848 1752 3912 Et
1782 3849 1993 3932 arguebatur
2020 3849 2115 3931 quod
2142 3869 2225 3927 non,
2258 3847 2339 3931 quia
2359 3847 2442 3912 illud
2467 3848 2511 3912 ad

1034 3963 1128 4047 quod
1153 3961 1308 4046 sequitur
1327 3960 1542 4047 impossihile
1573 3973 1626 4025 est
1645 3960 1860 4044 impossihile
1885 3982 1974 4025 esse.
1996 3961 2067 4026 Sed
2094 3961 2137 4024 ad
2157 3960 2259 4025 aliam
2284 3972 2407 4025 terram
2433 3982 2511 4026 esse

1033 4075 1189 4160 sequitur
1225 4074 1451 4160 impossihile.
1482 4075 1570 4139 Nam
1603 4073 1718 4160 posita
1755 4074 1822 4139 alia
1856 4087 1944 4139 terra
1976 4075 2131 4140 eiusdem
2161 4074 2292 4159 speciei
2324 4096 2402 4139 cum
2435 4075 2510 4151 ista,

1033 4212 1112 4255 cum
1144 4189 1332 4273 unicuique
1364 4188 1499 4273 corpori
1532 4188 1688 4253 eiusdem
1720 4188 1850 4272 speciei
1882 4189 2051 4254 debeatur
2081 4211 2172 4253 unus
2204 4191 2302 4254 loeus
2334 4188 2510 4267 naturalis,

1032 4303 1090 4368 illa
1110 4303 1309 4368 naturaliter
1328 4315 1523 4367 intueretur
1547 4303 1591 4366 ad
1611 4313 1735 4366 terram
1767 4301 1866 4367 istam
1897 4302 1969 4367 sive
1998 4304 2043 4366 ad
2074 4315 2230 4367 centrum
2262 4302 2360 4367 istius
2389 4315 2509 4367 terrae.

1032 4417 1076 4482 Et
1095 4439 1173 4481 curn
1203 4417 1305 4481 etiarn
1326 4428 1514 4501 poneretur
1533 4437 1611 4480 esse
1642 4415 1676 4479 in
1709 4415 1777 4479 alio
1809 4428 1939 4493 centro,
1960 4438 2030 4480 non
2063 4428 2184 4501 posset
2204 4416 2332 4481 moveri
2357 4417 2401 4480 ad
2426 4415 2509 4480 illud

1031 4530 1098 4595 nisi
1119 4533 1162 4595 ab
1183 4531 1240 4594 illo
1261 4530 1488 4594 ascendendo
1520 4530 1564 4593 ad
1598 4529 1920 4594 circumferentiam.
1946 4531 2026 4593 Hoc
2055 4542 2169 4595 autem
2202 4542 2254 4595 est
2283 4530 2508 4615 impossibile.

1033 4645 1150 4728 Quare
1176 4656 1209 4709 et
1233 4656 1356 4708 cetera.

1122 4758 1262 4823 Contra.
1283 4757 1370 4821 Illud
1394 4756 1494 4821 cuius
1519 4755 1675 4841 potentia
1701 4768 1753 4821 est
1772 4756 1916 4837 infinita,
1937 4757 1983 4821 ita
2014 4769 2129 4842 potest
2161 4758 2276 4823 faeere
2301 4759 2399 4843 plura
2420 4757 2509 4823 sicut

1032 4894 1149 4936 unum.
1171 4871 1242 4937 Sed
1262 4872 1359 4936 Deus
1380 4883 1433 4935 est
1452 4870 1661 4934 huiusmodi.
1683 4871 1777 4955 Ergo
1797 4870 1843 4935 ita
1864 4882 1979 4956 potest
2000 4871 2114 4936 facere
2146 4872 2262 4956 plures
2287 4883 2394 4936 terras
2419 4872 2508 4937 sicut

1033 5007 1147 5049 unam.

1121 5102 1332 5185 Respondet)
1357 5100 1543 5166 dicendum
1576 5102 1670 5185 quod
1703 5100 1938 5195 Philosophus
1959 5105 2005 5184 (1)
2042 5101 2140 5186 ponit
2165 5103 2259 5185 qurrd
2294 5103 2392 5167 Deus
2424 5101 2508 5167 nihil

1031 5226 1146 5299 potest
1165 5236 1270 5301 agere
1298 5214 1363 5278 nisi
1391 5214 1565 5279 mediante
1597 5227 1693 5279 motu
1724 5214 1811 5279 caeli
1836 5226 1869 5279 et
1901 5238 1962 5298 per
1985 5215 2149 5280 materiae
2173 5215 2507 5291 transmutationem,

1031 5350 1321 5412 praesupponens
1346 5350 1484 5412 semper
1513 5327 1547 5391 in
1580 5327 1673 5392 (anmi
1706 5350 1796 5392 nova
1828 5328 1980 5392 factione
2008 5329 2185 5394 materiam
2211 5328 2508 5394 transmutationis

1031 5441 1188 5506 subiecti.
1210 5441 1254 5505 Et
1277 5441 1356 5506 ideo
1382 5440 1597 5525 impossihile
1622 5454 1675 5506 est
1695 5442 1888 5506 secundum
1909 5463 1988 5506 eum
2008 5443 2185 5507 materiam
2206 5465 2332 5508 novam
2350 5443 2506 5529 produci,

1031 5567 1065 5620 et
1102 5576 1144 5620 ex
1187 5553 1416 5638 consequenti
1453 5554 1557 5618 alium
1596 5556 1764 5619 mundum
1800 5556 1853 5618 vel
1888 5555 1990 5619 aliam
2030 5567 2152 5621 terram
2193 5557 2227 5621 in
2263 5557 2331 5621 alio
2364 5558 2506 5636 mundo,

1030 5669 1111 5752 quia
1142 5669 1293 5733 mundus
1323 5668 1388 5732 iste
1417 5667 1564 5732 activam
1595 5681 1753 5733 naturam
1783 5680 1816 5733 et
1847 5671 2018 5734 actualem
2053 5682 2086 5734 et
2110 5670 2312 5755 possibilem
2341 5669 2506 5736 continet.

1031 5781 1103 5847 Sed
1134 5804 1214 5847 curn
1244 5783 1342 5847 Deus
1374 5803 1512 5866 semper
1545 5781 1657 5866 possit
1688 5783 1881 5866 producere
1918 5804 2046 5847 novam
2084 5783 2271 5863 materiam,
2304 5783 2394 5848 sicut
2430 5805 2506 5869 pro-

1120 6094 1159 6161 (1)
1179 6089 1238 6146 Cfr.
1259 6090 1496 6159 AristoteleS,
1517 6090 1629 6162 Physic.
1650 6091 1667 6145 l.
1688 6091 1766 6159 Vlll,
1786 6108 1810 6145 c.
1832 6094 1844 6145 1
1867 6091 1965 6161 [lectio
1984 6094 2011 6162 2]
2032 6096 2071 6164 (p.
2091 6095 2163 6159 251).
