6700 7992
1023 1432 1058 1483 58
1387 1431 1579 1493 MAGISTRI
1608 1432 1827 1487 GODEFRIDI
1856 1432 1908 1486 DE
1935 1432 2134 1488 FONTIBUS

1024 1609 1160 1688 effectu,
1186 1609 1268 1694 quia
1292 1600 1379 1675 haec
1403 1622 1484 1675 sunt
1504 1611 1772 1676 contradictoria
1789 1634 1935 1696 quorum
1954 1613 2096 1677 alterum
2115 1613 2350 1678 necessarium
2371 1623 2424 1679 est
2441 1613 2449 1648 ¹
2466 1612 2497 1678 ei

1023 1725 1212 1791 convenire
1230 1737 1267 1790 ut
1284 1725 1412 1790 dictum
1431 1738 1493 1805 est,
1512 1726 1558 1790 ita
1575 1738 1689 1792 tamen
1709 1730 1803 1811 quod
1821 1730 2014 1793 secundum
2040 1730 2132 1795 hanc
2156 1727 2366 1813 positionem
2392 1730 2496 1813 [cum]

1023 1840 1197 1906 essentiae
1221 1841 1293 1906 sive
1318 1841 1366 1906 rei
1391 1864 1462 1906 non
1487 1841 1651 1908 convenit
1675 1854 1755 1907 actu
1780 1865 1857 1908 esse
1876 1843 2048 1909 essentiae
2066 1843 2138 1909 sive
2156 1866 2235 1909 esse
2252 1843 2287 1908 in
2305 1866 2383 1909 esse
2401 1843 2497 1928 quid-

1023 1955 1175 2021 ditativo.
1190 1957 1293 2022 Hanc
1309 1968 1424 2022 autem
1442 1957 1651 2043 positionem
1665 1958 1820 2023 nituntur
1837 1960 2012 2024 declarare
2030 1981 2092 2044 per
2105 1959 2216 2024 dicta²
2227 1959 2496 2043 Avicennae(l),

1022 2071 1210 2157 praecipue
1238 2072 1348 2157 primo
1376 2073 1636 2159 Metaplrysicae
1665 2074 1722 2138 ubi
1751 2073 1874 2139 dicitur
1901 2076 1995 2159 quod
2028 2097 2259 2159 unaquaeque
2288 2097 2343 2140 res
2371 2075 2405 2139 in
2434 2097 2497 2140 sua

1022 2198 1145 2252 natura
1169 2187 1334 2272 specifica
1350 2188 1362 2222 ³
1384 2189 1490 2254 habet
1515 2189 1755 2254 certitudinem
1778 2191 1951 2274 propriam
1971 2212 2060 2274 quae
2077 2202 2129 2255 est
2146 2190 2220 2256 eius
2238 2189 2412 2274 quidditas
2429 2212 2497 2275 qua

1022 2313 1076 2368 est
1092 2302 1126 2367 id
1144 2303 1238 2386 quod
1259 2314 1311 2369 est
1328 2313 1362 2368 et
1378 2325 1450 2367 non
1468 2305 1560 2368 aliud
1579 2327 1598 2369 a
1618 2326 1666 2383 se,
1692 2304 1781 2370 sicut
1806 2306 1932 2370 albedo
1957 2307 2062 2370 habet
2087 2306 2328 2370 certitudinem
2353 2327 2422 2390 qua
2445 2318 2497 2371 est

1022 2419 1149 2483 albedo
1167 2429 1200 2483 et
1217 2440 1289 2483 non
1307 2429 1360 2484 est
1376 2419 1535 2507 nigredo
1554 2442 1668 2505 neque
1686 2421 1814 2504 aliquid
1832 2421 1924 2485 aliud
1940 2421 1960 2484 ⁴.
1981 2422 2022 2486 Et
2037 2421 2236 2486 huiusmodi
2255 2421 2496 2487 certitudinem

1021 2534 1076 2599 vel
1092 2534 1318 2600 intentionem
1337 2535 1733 2600 (16166011601111161111ὃ
1752 2537 1897 2601 intentio
1915 2538 1959 2601 de
1977 2559 2065 2615 esse,
2088 2560 2130 2602 ex
2154 2539 2222 2602 boc
2246 2538 2379 2602 scilicet
2403 2538 2496 2621 quod

1022 2649 1192 2715 certitudo
1209 2649 1258 2715 rei
1283 2672 1351 2734 qua
1375 2662 1427 2715 est
1451 2650 1485 2715 id
1510 2653 1603 2735 quod
1630 2663 1682 2716 est
1707 2653 1900 2717 secundum
1929 2675 1968 2718 56.
1996 2654 2101 2718 habet
2129 2675 2208 2718 esse
2236 2653 2297 2717 inl
2320 2653 2496 2718 intellectu

1021 2765 1095 2831 sive
1119 2765 1153 2829 in
1171 2765 1405 2853 singularibus
1423 2778 1526 2832 extra.
1545 2768 1658 2845 Unde,
1677 2779 1714 2831 ut
1730 2768 1812 2832 dicit
1830 2772 1875 2850 (2)
1893 2769 2014 2852 quinto
2036 2768 2307 2853 bletaphysicae,
2325 2768 2496 2833 certitudo

1021 2881 1273 2966 cuiuscumque
1297 2895 1464 2966 quantum
1494 2893 1545 2948 est
1574 2884 1618 2947 de
1646 2905 1684 2947 se
1708 2884 1814 2947 habet
1838 2896 2049 2969 conceptum
2075 2885 2271 2948 absolutum
2297 2906 2366 2967 quo
2391 2883 2497 2948 scitur

1021 2999 1103 3082 quid
1121 3010 1174 3064 est
1190 3020 1244 3063 res
1261 3000 1394 3083 absque
1411 2999 1707 3063 concomitantia⁷
1728 3000 1944 3087 intelligendi
1969 3023 2044 3064 66111
2070 3023 2148 3065 6556
2173 3002 2267 3065 nullo
2293 3001 2398 3064 modo
2423 3000 2496 3065 sive

1020 3114 1197 3180 intellectu
1222 3114 1296 3179 sive
1321 3114 1356 3178 in
1381 3114 1629 3201 singularibus3
1647 3117 1716 3180 boc
1733 3130 1847 3179 tamen
1867 3118 1958 3200 quod
1978 3116 2028 3181 sic
2045 3118 2150 3181 lrabet
2167 3128 2376 3201 conceptum
2395 3118 2496 3181 abso·

1019 3233 1128 3297 lutum
1145 3254 1217 3296 non
1233 3231 1332 3317 ponit
1348 3253 1420 3296 rem
1437 3232 1567 3296 habere
1584 3231 1725 3315 aliquod
1747 3254 1826 3296 esse
1851 3247 2059 3317 separatum,
2085 3233 2165 3316 <luia
2189 3255 2259 3298 non
2285 3235 2391 3298 habet
2417 3254 2495 3298 esse

1019 3347 1086 3413 nisi
1103 3348 1138 3412 in
1155 3348 1269 3412 anima
1287 3359 1321 3413 et
1337 3347 1541 3426 universale,
1559 3349 1615 3412 vel
1631 3347 1665 3412 in
1683 3370 1719 3413 re
1737 3359 1831 3412 extra
1849 3363 1882 3412 et
1899 3349 2084 3435 singulare.
2100 3349 2141 3413 Et
2158 3348 2283 3413 animal
2301 3350 2494 3415 secundum

1020 3475 1217 3549 respectum
1236 3486 1305 3549 quo
1323 3475 1375 3529 est
1392 3463 1427 3527 in
1444 3463 1497 3528 his
1523 3463 1745 3528 sensibilibus
1770 3465 1824 3528 vel
1849 3465 1881 3528 in
1908 3465 2022 3528 anima
2046 3464 2256 3530 intellectum
2283 3477 2334 3530 est
2358 3465 2494 3543 animal,

1020 3591 1054 3646 et
1078 3581 1171 3646 aliud
1195 3602 1267 3647 non
1292 3578 1417 3644 animal
1440 3579 1698 3645 consideratum
1717 3580 1751 3643 in
1768 3602 1806 3644 se
1824 3591 1966 3644 tantum.
1987 3582 2075 3644 Cum
2094 3591 2209 3645 autem
2227 3580 2291 3645 fuit
2307 3580 2444 3660 animal,
2462 3591 2496 3645 et

1020 3696 1113 3761 aliud
1130 3697 1224 3781 quod
1242 3718 1313 3762 non
1331 3706 1383 3761 est
1400 3695 1535 3774 animal,
1553 3707 1637 3760 tunc
1655 3695 1780 3760 animal
1799 3696 1861 3760 erit
1878 3695 1912 3760 in
1930 3697 1998 3761 hoc
2013 3695 2025 3728 ⁸
2041 3696 2138 3779 quasi
2157 3702 2238 3780 pars
2255 3696 2339 3760 eius.
2367 3695 2496 3761 Poterit

1020 3822 1134 3878 autem
1160 3811 1284 3876 animal
1301 3834 1363 3897 per
1379 3833 1418 3877 se
1433 3810 1667 3877 considerari:
1687 3812 1838 3876 essentia
1855 3811 1945 3876 enim
1964 3812 2038 3876 eius
2055 3823 2108 3876 est
2125 3834 2202 3877 cum
2221 3811 2288 3875 alio
2306 3834 2326 3876 a
2342 3833 2391 3891 se,
2409 3831 2494 3898 ergo

1020 3928 1172 3995 essentia
1189 3928 1263 3994 eius
1281 3940 1332 3993 est
1349 3928 1435 4013 ipsa,
1453 3950 1515 4012 per
1531 3950 1569 3993 se
1586 3927 1700 4013 ipsum
1719 3950 1801 3992 vero
1819 3949 1898 3993 esse
1916 3939 1967 3992 cst
1991 3929 2168 4011 quoddam
2193 3929 2287 4011 quod
2313 3927 2439 3992 accidit
2464 3925 2495 3992 ei

1019 4046 1073 4111 vel
1098 4044 1225 4128 aliquid
1251 4046 1345 4129 quod
1371 4044 1552 4110 comitatur
1576 4055 1733 4108 naturam
1752 4065 1860 4107 suam.
1879 4044 1972 4127 Ergo
1989 4045 2077 4108 haec
2092 4045 2103 4076 l
2120 4043 2354 4108 consideratio
2371 4064 2495 4109 secun·

1019 4162 1101 4226 dum
1119 4161 1213 4246 quod
1231 4173 1284 4226 est
1300 4160 1426 4225 animal
1443 4160 1620 4246 praecedit
1638 4160 1670 4224 in
1686 4182 1764 4225 esse
1789 4172 1822 4224 et
1847 4160 1971 4224 animal
1997 4161 2091 4243 quod
2117 4171 2169 4224 est
2193 4159 2407 4224 individuum
2433 4180 2495 4244 per

1019 4276 1215 4343 accidentia
1238 4299 1301 4341 sua
1327 4287 1360 4342 et
1384 4276 1579 4341 universale
1604 4277 1699 4360 quod
1726 4275 1836 4341 estin
1862 4276 1935 4341 istis
1960 4275 2195 4361 singularibus
2216 4289 2249 4341 et
2270 4274 2493 4362 intelligibile,
2539 4329 2549 4349 ,

1018 4392 1108 4458 sieut
1123 4393 1269 4478 simplex
1286 4392 1464 4478 praecedit
1481 4392 1713 4477 compositum
1731 4393 1764 4469 ¹⁰,
1790 4404 1824 4456 et
1848 4392 1938 4456 sicut
1962 4415 2042 4477 pars
2068 4403 2186 4456 totum.
2212 4391 2382 4474 Quamvis
2403 4391 2493 4455 enim

1019 4509 1211 4576 animalitas
1235 4531 1308 4573 non
1333 4508 1467 4574 sitnisi
1492 4508 1696 4573 universalis
1722 4509 1775 4572 vel
1799 4507 2025 4593 particularis,
2051 4520 2166 4572 tamen
2192 4529 2235 4572 ex
2259 4507 2392 4572 ratione
2409 4527 2494 4571 suae

1109 4784 1116 4814 ¹
1128 4781 1327 4835 necessarium
1341 4784 1396 4851 est]
1410 4788 1456 4834 est
1468 4780 1667 4833 necessarium
1682 4780 1712 4833 P.
1726 4780 1783 4819 -<²
1797 4778 1948 4850 praedicta
1963 4779 1992 4830 P.
2009 4811 2039 4817 -
2054 4780 2065 4810 ⁸
2079 4778 2251 4849 specificata
2265 4777 2295 4831 P.
2311 4810 2343 4816 -
2359 4776 2494 4848 ‘aliquid

1017 4868 1199 4938 aliud]aliud
1220 4868 1330 4939 aliquid
1349 4869 1379 4923 Ρ.
1395 4902 1427 4908 -
1442 4867 1694 4943 ⁶communicatur
1718 4869 1754 4932 P;
1775 4866 1930 4920 comitatur
1956 4884 2052 4936 baurg.
2078 4867 2106 4918 P.
2131 4898 2162 4905 -
2187 4867 2264 4918 u(mr.
2281 4867 2310 4918 P.
2326 4897 2358 4903 -
2384 4863 2493 4918 ²comi·

1017 4959 1108 5013 tantia
1123 4958 1154 5011 P.
1168 4989 1202 4996 —
1216 4959 1226 4989 ⁸
1239 4957 1318 5029 quod
1331 4958 1400 5010 add.
1417 4957 1447 5010 P.
1463 4989 1494 4995 —
1509 4958 1520 4988 ⁹
1533 4974 1587 5010 om.
1601 4957 1632 5008 P.
1649 4987 1681 4994 —
1698 4957 1718 4986 ¹⁰
1731 4973 1786 5009 om.
1801 4955 1831 5007 P.

1106 5166 1145 5230 (ll
1160 5163 1258 5217 Tract.
1278 5164 1299 5229 1,
1319 5180 1343 5216 c.
1363 5166 1380 5215 6
1400 5162 1460 5224 (fol.
1481 5166 1515 5216 72
1540 5163 1592 5220 Val
1614 5162 1845 5231 «Unaquaeque
1910 5178 1956 5212 res
1976 5161 2064 5212 habet
2084 5159 2287 5213 certitudinem
2312 5176 2369 5230 qua
2393 5166 2438 5212 est
2463 5157 2493 5211 id

1017 5250 1096 5322 quod
1123 5259 1168 5304 est
1193 5251 1269 5304 sicut
1288 5250 1450 5322 triangulus
1473 5252 1561 5304 habet
1584 5249 1787 5304 certitudinem
1812 5266 1868 5318 qua
1884 5257 1929 5301 est
1944 5249 2106 5316 triangulus
2131 5256 2160 5300 et
2174 5246 2280 5299 albedo
2300 5247 2389 5299 habet
2409 5244 2493 5298 certi·

1017 5339 1146 5392 tudinem
1167 5357 1225 5410 qua
1247 5347 1292 5392 est
1307 5339 1447 5409 albedo...
1473 5339 1674 5409 Unaquaeque
1693 5356 1739 5390 res
1762 5337 1851 5389 babet
1873 5335 2077 5389 certitudinem
2102 5334 2249 5405 propriam
2271 5343 2410 5404 quaeest
2430 5333 2493 5386 eius

1017 5428 1166 5499 quidditas
1188 5436 1218 5481 et
1242 5436 1342 5480 notum
1372 5436 1416 5480 est
1439 5426 1517 5498 quod
1541 5426 1686 5480 certitudo
1715 5426 1855 5493 cuiusque
1878 5423 1918 5476 rei
1944 5441 2019 5494 quae
2049 5431 2093 5476 est
2118 5421 2234 5492 propria
2260 5421 2286 5474 ei
2309 5429 2354 5474 est
2376 5428 2494 5491 praeter

1016 5534 1083 5571 esse
1106 5516 1186 5588 quod
1209 5516 1399 5570 multivocum
1422 5523 1476 5580 est,
1490 5532 1555 5568 cum
1579 5514 1697 5584 aliquid.
1721 5513 1867 5583 Quoniam
1892 5529 1956 5564 cum
1978 5509 2085 5563 dixeris
2105 5510 2184 5580 quod
2205 5508 2350 5565 certitudo
2366 5507 2432 5561 talis
2451 5509 2493 5561 rei

1017 5613 1061 5659 est
1086 5605 1114 5658 in
1137 5604 1333 5675 singularibus
1356 5605 1403 5657 vel
1427 5603 1455 5655 in
1483 5602 1579 5655 anima
1607 5603 1652 5654 vel
1683 5603 1817 5655 absolute
1842 5601 1882 5653 ita
1908 5609 1939 5653 ot
1958 5600 2155 5653 communicet
2181 5598 2320 5669 utrisque,
2345 5597 2400 5651 erit
2423 5605 2493 5651 tunc

1016 5694 1090 5747 haec
1109 5692 1231 5747 intentio
1252 5693 1437 5763 apprehensa
1454 5698 1490 5760 ¹et
1515 5689 1671 5743 intellecta.
1688 5712 1699 5736 1
1716 5694 1811 5760 -1121
1831 5690 1906 5743 lbid.
1920 5688 1981 5755 (fol.
1996 5691 2030 5742 72
2044 5690 2103 5754 va).
2129 5710 2140 5735 <r
2157 5689 2187 5740 Si
2211 5695 2308 5741 autem
2328 5703 2385 5740 non
2406 5686 2493 5740 luerit

1016 5781 1073 5835 hoc
1094 5781 1277 5852 propositum
1301 5788 1330 5833 et
1352 5780 1425 5833 haec
1445 5779 1612 5832 coniunctio
1627 5777 1786 5847 utriusque,
1806 5795 1865 5829 non
1878 5776 1987 5830 scietur
2006 5776 2076 5846 quid
2096 5777 2132 5828 sit
2153 5794 2199 5828 res
2219 5774 2282 5828 eius
2302 5775 2384 5829 cuius
2404 5791 2492 5845 quae·

1016 5868 1105 5923 rimus
1130 5868 1321 5922 intentionem
1351 5884 1405 5920 nec
1434 5865 1618 5936 separabitur
1650 5884 1665 5917 a
1698 5864 1927 5918 comomitantia
1960 5863 2140 5930 intelligendi
2167 5881 2220 5916 ens
2252 5880 2317 5916 cum
2351 5863 2400 5916 illa
2432 5862 2491 5915 ullo

1016 5957 1105 6011 modo
1132 5956 1270 6027 quoniam
1290 5955 1456 6008 intellectus
1483 5953 1520 6006 de
1546 5962 1662 6007 esseute
1688 5971 1804 6022 semper
1830 5951 2017 6005 comitabitur
2043 5950 2121 6003 illam
2149 5949 2215 6019 quia
2244 5951 2293 6004 illa
2313 5949 2426 6004 scilicet
2445 5966 2492 6005 res

1016 6045 1104 6105 habet
1118 6061 1183 6098 esse
1202 6044 1249 6098 vel
1269 6043 1299 6097 in
1317 6043 1515 6114 singularibus
1535 6042 1581 6095 vel
1600 6041 1629 6094 in
1650 6040 1854 6094 aestimatione
1875 6040 1920 6093 vel
1940 6039 2126 6092 intellectu.»
