6700 7992
1000 1401 1035 1451 68
1366 1398 1557 1453 MAGISTRI
1586 1397 1806 1453 GODEFRIDI
1835 1399 1887 1452 DE
1915 1398 2113 1455 FONTIBUS

1001 1587 1169 1662 quantum
1198 1578 1243 1643 ad
1270 1577 1448 1643 materiam
1473 1588 1507 1643 et
1532 1589 1700 1662 quantum
1728 1578 1772 1642 ad
1799 1578 1956 1658 formam,
1981 1579 2196 1663 dependeret
2220 1580 2264 1643 ab
2289 1580 2419 1646 artifice
2443 1591 2478 1646 et

1000 1703 1111 1758 toturn
1128 1694 1173 1758 ab
1190 1692 1267 1778 ipso
1283 1694 1437 1773 haberet,
1454 1704 1570 1758 tamen
1587 1704 1774 1778 antequam
1791 1705 1885 1759 esset
1901 1693 1935 1758 in
1953 1714 2065 1758 rerum
2083 1705 2205 1759 natura
2222 1716 2264 1760 ex
2280 1717 2360 1761 esse
2376 1716 2477 1761 arcae

1001 1806 1037 1872 in
1061 1819 1176 1873 mente
1197 1807 1336 1874 artificis
1361 1819 1397 1872 ut
1421 1808 1456 1873 in
1473 1810 1585 1875 forma
1609 1808 1797 1894 exemplari
1818 1831 1889 1874 non
1914 1809 2086 1874 diceretur
2110 1812 2205 1894 quod
2229 1832 2309 1877 area
2333 1811 2478 1876 haberet

1001 1923 1145 2008 aliquod
1161 1944 1239 1988 esse
1264 1925 1355 1989 reale
1371 1925 1425 1989 vel
1443 1924 1617 1990 essentiae
1634 1926 1688 1989 vel
1714 1924 1916 1989 existentiae
1940 1923 2007 1988 nisi
2030 1923 2065 1988 in
2089 1924 2266 2010 potentia;
2291 1947 2358 1992 nec
2374 1925 2478 1991 etiam

1001 2040 1146 2104 haberet
1163 2038 1311 2123 aliquam
1337 2038 1539 2104 relationem
1557 2040 1683 2104 realem
1701 2040 1745 2104 ad
1763 2039 1875 2123 ipsum
1893 2038 2058 2106 artificem
2076 2050 2110 2104 et
2134 2051 2258 2106 cetera.
2275 2040 2332 2116 Ab
2352 2042 2478 2106 eodem

1002 2153 1093 2219 enim
1117 2155 1223 2219 habet
1247 2165 1405 2219 creatura
1429 2156 1525 2239 quod
1542 2165 1594 2219 est
1618 2155 1813 2219 secundum
1831 2175 1869 2218 se
1886 2155 1930 2218 ad
1956 2156 2050 2238 quod
2068 2166 2120 2220 est
2136 2155 2265 2239 aliquid
2282 2157 2477 2222 secundum

1001 2269 1188 2335 essentiam
1206 2269 1279 2335 sive
1296 2271 1392 2355 quod
1417 2283 1470 2335 est
1493 2269 1622 2354 aliquid
1646 2269 1682 2333 in
1706 2290 1785 2334 esse
1809 2269 2049 2353 quidditativ0,
2075 2284 2109 2336 et
2132 2272 2228 2355 quod
2253 2283 2306 2336 est
2329 2283 2426 2337 extra
2441 2269 2477 2336 in

1001 2385 1118 2470 seipsa
1142 2384 1176 2449 in
1201 2406 1313 2449 rerum
1331 2396 1453 2450 natura
1477 2386 1673 2450 secundum
1696 2405 1776 2450 esse
1800 2383 2013 2450 existentiae.
2031 2385 2164 2451 Tamen
2187 2389 2276 2451 haec
2299 2407 2371 2452 non
2396 2396 2478 2451 sunt

1001 2498 1139 2565 diversa
1163 2511 1223 2565 aut
1245 2499 1452 2585 separabilia
1476 2511 1513 2564 ut
1541 2500 1670 2565 dictum
1700 2511 1761 2579 est,
1787 2512 1821 2565 et
1850 2503 1895 2564 ab
1926 2501 2051 2566 eodem
2080 2500 2180 2566 simul
2203 2502 2310 2567 habet
2337 2522 2416 2566 esse
2444 2511 2478 2567 et

1000 2617 1195 2681 secundum
1223 2615 1410 2680 essentiam
1434 2626 1468 2680 et
1496 2615 1690 2680 secundum
1707 2614 1934 2694 existentiam,
1959 2616 2022 2681 ut¹
2049 2637 2070 2680 a
2097 2638 2205 2682 causa
2232 2615 2419 2702 exemplari
2443 2627 2478 2682 et

1001 2731 1134 2798 formali
1151 2742 1185 2796 et
1201 2743 1239 2796 ut
1255 2752 1275 2795 a
1292 2751 1399 2795 causa
1416 2729 1596 2796 efficiente.

1578 3237 1818 3321 oonssno
1843 3239 1894 3302 m.

1186 3490 1329 3566 Utrum
1358 3489 1536 3563 mundus
1554 3489 1645 3594 'sive
1672 3488 1811 3591 aliquo
1840 3495 2027 3564 creatura
2051 3489 2186 3588 potuit
2212 3515 2295 3565 esse

1470 3621 1530 3696 vel
1558 3621 1723 3697 existere
1751 3623 1800 3696 ab
1829 3627 1999 3696 aeterna.

1089 3975 1228 4041 Deinde
1251 3975 1297 4040 ad
1321 3975 1514 4041 secundum
1539 3976 1760 4061 arguebatur,
1778 3985 1812 4038 et
1835 3975 2084 4039 ostendebatur
2108 3976 2202 4059 quod
2227 3977 2379 4040 mundus
2403 3975 2477 4041 sive

1000 4104 1159 4160 creatura
1182 4112 1255 4156 non
1279 4090 1391 4176 potuit
1415 4110 1494 4154 esse
1518 4091 1562 4154 ab
1586 4101 1741 4168 aetern0,
1766 4089 1847 4173 quia
1871 4110 1914 4154 ex
1938 4091 2007 4155 hoc
2031 4102 2226 4174 sequuntur
2253 4091 2324 4155 duo
2349 4089 2477 4176 impos·

1000 4207 1122 4274 sibilia.
1148 4207 1265 4273 Unum
1290 4216 1343 4270 est
1366 4206 1460 4289 quod
1485 4203 1653 4289 possibile
1680 4203 1803 4269 suisset
1826 4203 1877 4269 sic
1905 4205 2072 4268 mundum
2100 4205 2209 4270 luisse
2233 4227 2254 4270 a
2278 4206 2356 4271 Deo
2381 4206 2476 4291 quod

1001 4345 1074 4389 non
1098 4321 1269 4408 potuisset
1292 4341 1365 4384 non
1389 4319 1497 4385 fuisse
1521 4320 1566 4384 ab
1590 4318 1679 4404 ipso,
1704 4330 1738 4384 et
1762 4318 1813 4384 sic
1841 4320 1885 4384 de
1913 4318 2122 4384 necessitate
2149 4320 2330 4403 habuisset
2354 4341 2433 4387 esse
2457 4342 2477 4385 a

1000 4440 1100 4517 Deo;
1129 4436 1210 4522 quia
1237 4435 1327 4501 sicut
1353 4435 1448 4519 quod
1477 4446 1539 4515 est,
1568 4434 1711 4519 quando
1740 4445 1802 4515 est,
1831 4455 1978 4501 necesse
2006 4446 2059 4500 est
2087 4456 2176 4516 esse,
2205 4435 2252 4500 ita
2279 4437 2374 4520 quod
2403 4435 2476 4516 fuit,

1000 4554 1143 4639 quando
1171 4551 1245 4631 fuit,
1272 4570 1420 4616 necesse
1448 4562 1500 4614 est
1527 4548 1645 4614 luisse.
1670 4548 1765 4638 Ergo
1793 4551 1889 4634 quod
1916 4571 2054 4636 semper
2081 4549 2145 4615 fuit
2168 4572 2307 4636 semper
2329 4572 2477 4618 necesse

1000 4668 1064 4734 fuit
1087 4689 1175 4734 esse.
1201 4667 1320 4750 Quare
1343 4676 1377 4730 et
1400 4677 1525 4731 cetera.
1551 4703 1592 4712 —
1617 4664 1687 4731 Alii
1711 4664 1763 4731 sic
1786 4665 1938 4731 formant
1962 4667 2056 4750 quod
2084 4665 2241 4750 sequitur
2267 4667 2362 4751 quod
2378 4667 2477 4732 Deus

1000 4805 1073 4850 non
1097 4782 1210 4869 potuit
1240 4802 1312 4847 non
1342 4782 1537 4866 producere
1566 4780 1734 4845 mundum
1763 4779 1798 4844 in
1827 4801 1916 4859 esse,
1946 4780 2028 4865 quia
2058 4802 2131 4846 non
2159 4780 2272 4866 potuit
2299 4802 2371 4847 non
2399 4786 2477 4867 pro·

1001 4897 1158 4966 ducere²
1180 4897 1215 4963 in
1239 4897 1297 4963 illo
1322 4894 1463 4961 instanti
1487 4894 1522 4960 in
1546 4915 1616 4979 quo
1640 4896 1834 4981 productus
1859 4906 1912 4962 est
1934 4896 1989 4962 vel
2013 4896 2048 4961 in
2073 4918 2142 4981 quo
2166 4895 2281 4981 ipsum
2303 4895 2477 4981 produxit,

1001 5014 1082 5102 quia
1098 5014 1194 5099 quod
1210 5022 1272 5092 est,
1290 5013 1433 5097 quando
1450 5022 1513 5092 est,
1530 5009 1766 5076 necessarium
1785 5023 1839 5076 est
1854 5031 1943 5091 esse,
1960 5011 2065 5076 immo
2081 5032 2149 5077 nec
2166 5022 2219 5077 est
2243 5012 2327 5077 dare
2342 5011 2477 5077 instans

1000 5131 1036 5197 in
1060 5152 1130 5216 quo
1154 5151 1226 5195 non
1250 5127 1295 5193 sit
1318 5128 1510 5213 productus
1534 5127 1578 5191 ab
1603 5124 1691 5211 ipso.
1717 5125 1836 5208 Quare
1858 5146 1926 5191 nec
1949 5137 2065 5211 potest
2089 5125 2163 5191 dari
2187 5125 2321 5192 instans
2345 5126 2381 5191 in
2405 5147 2477 5211 quo

1000 5245 1113 5333 potuit
1136 5265 1210 5310 non
1234 5264 1313 5310 esse
1337 5242 1529 5328 productus
1553 5243 1597 5306 ab
1622 5241 1711 5327 ipso.
2487 5317 2489 5319 Ι

1089 5360 1195 5426 Aliud
1219 5356 1435 5444 impossibile
1463 5356 1558 5441 quod
1586 5377 1629 5421 ex
1655 5357 1726 5421 hoc
1753 5355 1909 5441 sequitur
1936 5367 1989 5422 est
2016 5359 2111 5442 quod
2135 5356 2340 5423 simundus
2364 5356 2478 5444 potuit

1001 5498 1081 5544 esse
1104 5477 1148 5541 ab
1173 5485 1326 5554 aeterno,
1343 5483 1532 5559 potuerunt
1555 5470 1680 5536 infiniti
1703 5470 1779 5537 dies
1796 5471 2042 5557 praecessisse,
2067 5485 2101 5538 et
2124 5472 2159 5538 in
2184 5471 2340 5558 quolibet
2364 5472 2478 5559 potuit

1001 5594 1099 5660 Deus
1123 5589 1277 5658 fecisse⁸
1300 5610 1408 5654 unum
1432 5587 1582 5673 lapidem
1606 5585 1753 5653 alicuius
1778 5586 2026 5654 determinatae
2052 5587 2301 5676 magnitudinis
2326 5599 2361 5655 et
2383 5588 2478 5655 illum

1000 5707 1113 5795 potuit
1136 5725 1356 5784 conservare,
1374 5716 1408 5770 et
1423 5702 1475 5768 sic
1490 5711 1636 5788 possent
1659 5703 1766 5768 modo
1791 5713 1871 5769 actu
1895 5723 1974 5769 esse
1997 5702 2122 5769 infiniti
2144 5703 2280 5790 lapides
2302 5703 2476 5771 finitarum

1092 5995 1100 6024 ¹
1113 6008 1168 6045 om.
1182 5989 1213 6043 P.
1229 6020 1262 6028 —
1276 5989 1287 6020 ¹
1299 5985 1439 6042 mundum
1452 6017 1485 6026 —
1499 5985 1675 6057 producere]
1690 6003 1745 6039 orn.
1760 5985 1790 6040 P.
1805 6017 1838 6026 -
1851 5987 1862 6018 ⁸
1875 5985 1975 6040 iacere
1989 5986 2020 6040 P.
