6700 7992
1106 1382 1157 1468 lat
1469 1410 1662 1472 unmsrnr
1691 1412 1912 1472 conserunt
1941 1416 1994 1471 na
2021 1384 2219 1474 sonneiis

1106 1595 1262 1681 sequitur
1285 1596 1380 1681 quod
1405 1617 1485 1662 esse
1510 1594 1713 1662 existentiae
1742 1618 1780 1662 se
1808 1597 1914 1663 habet
1942 1599 1987 1663 ad
2015 1597 2201 1664 essentiam
2232 1609 2268 1663 ut
2296 1597 2462 1665 accidens
2490 1619 2584 1664 com·

1105 1733 1219 1778 mune.
1257 1711 1356 1779 Sicut
1383 1711 1476 1778 enim
1503 1711 1564 1778 re1
1600 1712 1715 1797 aliqua
1749 1732 1819 1779 non
1858 1713 2026 1779 existente
2062 1735 2207 1799 possum
2243 1713 2354 1800 ipsam
2390 1714 2582 1802 intelligere

1105 1848 1176 1893 non
1204 1849 1283 1894 esse
1311 1837 1345 1893 et
1371 1849 1444 1893 non
1484 1829 1597 1894 solum
1625 1827 1701 1893 sine
1737 1849 1816 1894 esse
1845 1828 2058 1909 existentiae,
2090 1829 2137 1894 ita
2167 1829 2270 1895 etiam
2301 1829 2378 1916 ipsa
2410 1829 2581 1896 existente

1104 1943 1134 2009 si
1161 1965 1241 2010 esse
1269 1943 1473 2010 existentiae
1500 1965 1572 2009 non
1600 1943 1785 2030 pertinet²
1821 1946 1866 2010 ad
1897 1945 1972 2010 eius
2009 1966 2087 2010 esse
2119 1945 2304 2026 essentiae,
2331 1945 2437 2011 immo
2465 1945 2517 2012 sic
2544 1967 2583 2012 se

1104 2061 1210 2126 habet
1246 2061 1290 2125 ad
1325 2059 1439 2146 ipsum
1474 2061 1570 2144 quod
1606 2060 1689 2125 illud
1718 2070 1834 2146 potest
1868 2059 2012 2149 intelligi
2045 2062 2110 2126 sub
2149 2061 2313 2147 opposito
2345 2060 2432 2142 eiuS,
2459 2060 2586 2147 poterit

1105 2199 1160 2243 res
1198 2175 1382 2242 existens³
1416 2175 1560 2264 intelligi
1588 2198 1661 2242 non
1690 2198 1769 2242 esse
1801 2177 1904 2242 etiam
1933 2197 1995 2261 pro
2024 2185 2182 2263 tempore
2215 2198 2278 2264 pro
2309 2199 2380 2262 quo
2408 2188 2472 2258 est,
2496 2175 2588 2243 sicut

1106 2293 1235 2359 dictum
1264 2301 1317 2358 est
1343 2293 1387 2358 de
1415 2312 1532 2357 corvo
1566 2290 1663 2357 Licet
1698 2291 1789 2358 enirn
1818 2314 1946 2358 corvus
1974 2292 2008 2357 in
2038 2303 2206 2376 quantum
2242 2292 2343 2381 niger
2373 2314 2446 2359 non
2474 2293 2587 2379 possit

1105 2430 1178 2476 non
1217 2408 1362 2497 intelligi
1395 2408 1496 2496 niger
1533 2418 1568 2474 et
1598 2409 1694 2473 nullo
1734 2410 1840 2474 modo
1871 2409 1997 2489 nitens,
2037 2410 2117 2496 quia
2139 2422 2265 2476 tamen
2304 2410 2453 2498 nigredo
2492 2409 2586 2476 dicto

1105 2526 1213 2591 modo
1252 2546 1291 2590 se
1320 2526 1426 2590 habet
1456 2525 1499 2589 ad
1532 2523 1656 2610 ipsum,
1688 2524 1768 2590 ideo
1809 2537 1925 2609 potest
1960 2526 2104 2614 intelligi
2139 2549 2211 2593 non
2243 2526 2352 2614 niger,
2385 2526 2488 2593 etiarn
2521 2547 2586 2613 pro

1106 2653 1264 2727 tempore
1291 2661 1361 2725 quo
1386 2651 1438 2707 est
1465 2639 1574 2728 niger.
1599 2640 1649 2705 lta
1677 2639 1779 2706 etiarn
1808 2663 1863 2707 res
1891 2641 2054 2723 existens
2072 2642 2152 2708 licet
2179 2643 2406 2728 inquantum
2432 2641 2587 2708 existens

1107 2779 1179 2824 non
1211 2757 1323 2843 possit
1361 2778 1440 2822 esse
1471 2777 1538 2821 nec
1569 2755 1714 2844 intelligi
1746 2777 1817 2821 non
1858 2757 2022 2839 existens
2062 2768 2177 2824 tamen
2217 2758 2246 2823 si
2278 2757 2425 2825 existere
2464 2758 2515 2824 sic
2548 2777 2587 2823 se

1107 2875 1213 2940 habet
1229 2873 1273 2938 ad
1301 2872 1423 2958 ipsam,
1451 2882 1487 2937 ut
1515 2871 1645 2937 dictum
1674 2882 1736 2952 est,
1753 2872 1830 2958 ipsa
1857 2874 1983 2959 poterit
2012 2873 2114 2941 etiam
2140 2895 2203 2960 pro
2227 2884 2384 2959 tempore
2412 2872 2588 2940 existens⁴

1107 2988 1251 3077 intelligi
1278 3010 1350 3054 non
1388 2987 1539 3054 existens
1567 2990 1702 3073 absque
1730 2987 2001 3055 inconvenienti.
2036 2990 2139 3056 Unde
2172 2988 2274 3054 etiam
2306 2989 2335 3055 si
2363 3009 2587 3076 quocumque

1107 3105 1283 3171 intellectu
1311 3103 1453 3169 materia
1477 3104 1588 3190 possit
1615 3103 1761 3192 intelligi
1788 3125 1851 3171 ens
1880 3106 2057 3191 quoddam
2086 3104 2119 3170 in
2149 3126 2188 3171 se
2214 3103 2291 3191 ipso
2326 3107 2392 3171 sub
2422 3104 2587 3191 opposito

1108 3218 1221 3316 omnis
1250 3220 1382 3285 formae
1410 3230 1444 3285 et
1469 3241 1541 3285 non
1572 3220 1684 3285 solum
1716 3219 1792 3284 sine
1825 3220 1919 3285 omni
1947 3221 2067 3300 forma,
2103 3230 2226 3306 posset
2257 3220 2360 3287 etiam
2395 3242 2475 3287 esse
2511 3220 2588 3286 sine

1109 3335 1204 3402 omni
1219 3335 1341 3401 forma.
1360 3335 1466 3419 Quod
1492 3334 1584 3401 enirn
1612 3335 1663 3401 sic
1692 3346 1808 3421 potest
1835 3335 1978 3425 intelligi
1995 3358 2067 3401 non
2091 3337 2205 3402 solum
2229 3336 2391 3425 negative
2415 3335 2492 3402 sine
2508 3335 2587 3416 ali0‚

1108 3451 1172 3518 sed
1214 3451 1316 3518 etiarn
1355 3450 1533 3537 privative,
1573 3453 1639 3516 sub
1679 3450 1844 3537 opposito
1877 3451 1979 3517 etiam
2020 3473 2099 3518 esse
2143 3463 2258 3546 potest
2290 3452 2355 3518 sub
2387 3450 2588 3517 huiusmodi

1109 3566 1284 3654 opposito,
1314 3577 1350 3632 ut
1377 3577 1472 3653 patet
1495 3566 1531 3632 in
1556 3566 1656 3633 dictis
1681 3566 1858 3652 exemplis.
1893 3566 1931 3634 Si
1959 3579 2074 3634 autem
2099 3567 2235 3634 dicatur
2269 3569 2364 3652 quod
2387 3567 2469 3634 licet
2489 3576 2588 3633 extra

1109 3683 1321 3751 intellectum
1338 3682 1511 3750 essentiae
1536 3682 1731 3749 secundum
1753 3704 1791 3749 se
1808 3681 1874 3748 sit⁶
1898 3704 1977 3749 esse
1999 3682 2206 3750 existentiae
2224 3683 2317 3749 dicto
2334 3683 2452 3764 modo,
2469 3693 2586 3749 tamen

1109 3820 1189 3867 esse
1222 3798 1347 3865 extra⁰
1383 3799 1553 3865 rationein
1595 3799 1770 3866 essentiae
1810 3798 1988 3865 existentis
2027 3821 2100 3865 non
2139 3810 2202 3879 est,
2242 3810 2276 3865 et
2313 3798 2394 3865 ideo
2434 3797 2589 3864 essentia

1110 3914 1262 3983 existens
1289 3936 1357 3982 nec
1383 3935 1461 3981 esse
1488 3934 1556 3981 nee
1581 3914 1724 4003 intelligi
1752 3927 1868 4001 potest
1900 3915 1976 3981 sine
2004 3914 2072 3996 illo,
2090 3914 2170 3982 licet
2194 3916 2389 3982 secundum
2417 3935 2456 3979 se
2489 3915 2587 3999 [non]

1109 4031 1231 4120 possit,
1256 4053 1328 4097 non
1356 4032 1457 4112 valet,
1486 4030 1567 4116 quia
1595 4030 1698 4097 etiam
1727 4030 1777 4096 sic
1805 4042 1899 4097 extra
1927 4031 2096 4098 rationem
2122 4031 2217 4099 corvi
2245 4031 2441 4097 secundum
2468 4051 2507 4096 se
2535 4039 2589 4095 est

1109 4147 1268 4236 nigred0,
1297 4169 1369 4212 non
1398 4159 1513 4214 tamen
1540 4158 1639 4212 extra¹
1662 4146 1831 4213 rationem
1862 4147 1957 4212 corvi
1986 4146 2086 4235 nigri,
2104 4158 2138 4212 et
2165 4147 2269 4213 ctiam
2297 4156 2393 4213 extra
2419 4145 2589 4212 rationem

1109 4276 1144 4332 et
1160 4264 1372 4331 intellectum
1389 4261 1552 4329 materiae
1569 4273 1622 4328 est
1645 4264 1734 4328 haee
1758 4263 1870 4328 forma
1895 4262 1949 4327 vel
1967 4262 2033 4343 illa,
2059 4285 2132 4328 non
2155 4274 2272 4328 tamen
2297 4274 2393 4329 extra
2420 4261 2590 4328 rationem

1110 4379 1274 4447 materiae
1310 4379 1361 4445 sic
1394 4379 1610 4445 informatae.
1636 4378 1883 4444 Verumtamen
1915 4380 1983 4443 hoc
2015 4400 2088 4443 non
2119 4380 2281 4443 obstante
2314 4377 2462 4443 dicimus
2494 4376 2588 4462 quod

1109 4495 1253 4562 materia
1280 4505 1500 4582 potestesse
1529 4506 1562 4560 et
1590 4493 1733 4582 intelligi
1761 4493 1836 4560 sine
1868 4494 1925 4559 tali
1960 4495 2071 4559 forma
2102 4506 2136 4559 et
2173 4493 2275 4559 etiam
2310 4495 2377 4559 sub
2415 4492 2589 4578 opposita.

1111 4613 1184 4679 Sed
1210 4611 1290 4697 quia
1317 4609 1460 4676 materia
1487 4631 1559 4675 non
1587 4621 1704 4696 potest
1732 4609 1876 4697 intelligi
1903 4612 1969 4675 sub
1997 4609 2163 4696 opposito
2192 4608 2305 4676 omnis
2340 4608 2484 4690 formae,
2508 4608 2589 4674 ideo

1110 4727 1258 4794 dicimus
1285 4727 1381 4812 quod
1408 4747 1480 4792 non
1508 4735 1624 4811 potest
1652 4747 1731 4791 esse
1760 4727 1813 4792 vel
1842 4725 1985 4813 intelligi
2010 4725 2044 4790 in
2071 4747 2149 4790 esse
2175 4724 2250 4790 sine
2275 4724 2371 4790 omni
2395 4725 2515 4790 forma.
2541 4724 2590 4789 lta

1111 4841 1240 4910 etiam⁷
1263 4843 1399 4909 videtur
1423 4841 1456 4907 in
1482 4841 1664 4927 proposito
1689 4843 1937 4927 adaptandum.

1201 4962 1300 5026 Patet
1327 4959 1433 5047 igitur
1459 4957 1579 5023 tertius
1606 4957 1782 5037 articulus
1808 4957 1941 5024 scilicet
1968 4958 2063 5042 quod
2093 4979 2172 5024 esse
2201 4956 2283 5023 dicit
2310 4956 2346 5022 id
2374 4956 2466 5023 idern
2495 4955 2590 5040 quod

1111 5077 1273 5157 essentia,
1291 5075 1445 5142 videndo
1469 5073 1602 5139 scilicet
1617 5084 1725 5138 totam
1749 5073 1996 5140 deductionem
2022 5074 2149 5139 factam
2174 5095 2194 5136 a
2211 5071 2383 5157 principio
2400 5094 2470 5158 qua
2493 5092 2590 5159 prae·

1111 5194 1278 5261 cedentes
1306 5190 1438 5258 articuli
1468 5190 1697 5270 declarantur,
1727 5188 1853 5274 quibus
1885 5189 2078 5275 suppositis
2110 5187 2306 5254 evidentius
2334 5187 2399 5254 iste
2427 5187 2591 5255 articulus

1112 5307 1342 5376 concluditur.

1200 5539 1264 5605 His
1289 5559 1373 5626 ergo
1390 5535 1473 5602 visis
1498 5534 1730 5602 declarandus
1747 5545 1800 5600 est
1816 5546 1960 5619 quartus
1977 5534 2151 5613 articulus,
2178 5533 2310 5601 scilicet
2338 5534 2433 5619 quod
2457 5533 2591 5600 ratione

1111 5652 1352 5745 productionis
1377 5675 1446 5739 qua
1480 5674 1535 5718 res
1570 5650 1717 5738 suscipit
1748 5672 1836 5731 esse,
1866 5673 1936 5716 non
1970 5661 2023 5716 est
2053 5652 2218 5736 ponenda
2251 5649 2459 5736 compositio
2490 5649 2591 5715 realis

1113 5793 1192 5840 esse
1219 5782 1253 5837 et
1278 5769 1387 5856 ipsius
1411 5767 1461 5834 rei
1489 5789 1579 5852 quae
1607 5766 1755 5853 suscipit
1782 5789 1872 5848 esse,
1890 5767 2024 5833 ratione
2051 5765 2151 5832 cuius
2179 5764 2444 5851 compositionis
2470 5762 2591 5854 negari

1187 6036 1257 6088 ¹om.
1268 6033 1299 6086 P.
1311 6063 1343 6073 -
1356 6029 1552 6103 ’pertinerent
1562 6027 1593 6083 P.
1606 6060 1638 6068 —
1649 6029 1720 6083 ⁸om.
1735 6028 1765 6084 P.
1777 6061 1810 6068 -
1822 6028 1982 6083 ⁴existente
1995 6027 2056 6082 l’V.
2068 6059 2100 6066 -
2113 6029 2183 6080 ⁵om.
2195 6028 2226 6080 Ρ.
2240 6058 2272 6066 -
2287 6027 2360 6082 ‘ona
2372 6026 2402 6082 P.
2416 6059 2449 6067 -
2460 6026 2547 6099 'ergo
2557 6026 2592 6082 V.
