6700 7992
1040 1485 1093 1534 314
1408 1480 1597 1535 hamstra
1628 1480 1847 1532 GODEFlllDl
1876 1480 1929 1532 DE
1958 1479 2156 1533 FONTlBUS

984 1725 987 1728 Ι
1041 1646 1120 1713 idem
1145 1678 1266 1713 numero
1290 1678 1355 1713 curn
1381 1678 1505 1730 corpore
1530 1659 1593 1713 eius
1619 1659 1688 1712 vivo
1714 1659 1769 1712 nisi
1796 1658 1956 1712 secundum
1983 1658 2063 1729 quid,
2094 1658 2207 1714 scilicet
2238 1658 2351 1712 ratione
2378 1659 2519 1712 materiae

1041 1757 1213 1823 communis,
1240 1757 1314 1811 sicut
1346 1766 1412 1811 sunt
1441 1775 1528 1811 unum
1558 1775 1634 1829 quae
1666 1758 1790 1811 invicem
1817 1765 2047 1812 transmutantur
2063 1761 2079 1823 ¹,
2110 1758 2210 1811 sicut¹
2240 1775 2309 1811 caro
2340 1765 2370 1810 et
2401 1758 2518 1823 vermiS,

1040 1865 1071 1910 et
1090 1857 1203 1910 ratione
1229 1856 1390 1922 accidentis
1410 1855 1711 1910 communisscilicet
1731 1856 1918 1927 quantitatis3
1948 1855 2120 1927 simpliciter
2148 1864 2244 1910 autem
2273 1865 2318 1909 est
2343 1854 2519 1909 diversun1⁸

1040 1972 1149 2025 corpus
1175 1963 1318 2008 mortuum
1339 1972 1356 2007 a
1382 1955 1450 2008 vivo
1476 1954 1576 2025 specie
1596 1963 1626 2009 et
1645 1973 1776 2008 numero.
1802 1955 1936 2008 liabetur
1959 1956 2016 2009 hoc
2039 1973 2092 2026 pro
2118 1971 2216 2008 errore
2239 1963 2267 2008 et
2291 1953 2518 2007 condemnatum

1040 2061 1086 2106 est
1105 2052 1155 2119 ibi,
1174 2044 1286 2106 scilicet
1306 2052 1335 2105 in
1355 2052 1471 2123 Anglia.

1130 2152 1192 2205 Nec
1213 2153 1291 2205 valet
1312 2151 1390 2221 quod
1411 2151 1530 2222 quidam
1551 2151 1660 2218 dicunt,
1683 2151 1795 2205 scilicet
1817 2151 1856 2204 illi
1878 2152 1925 2222 qui
1946 2161 2014 2205 sunt
2036 2151 2073 2204 de
2099 2151 2184 2204 tertia
2203 2150 2351 2221 opinione,
2379 2150 2518 2204 videlicet

1041 2247 1120 2319 quod
1146 2247 1194 2301 ille
1222 2247 1361 2300 articulus
1387 2256 1433 2301 est
1457 2247 1670 2301 condemnatus
1697 2249 1724 2300 in
1751 2256 1891 2317 «plantum
1920 2247 2052 2317 sequitur
2077 2265 2112 2300 ex
2138 2246 2249 2299 unitate
2278 2245 2398 2299 formae.
2425 2246 2517 2298 lmmo

1040 2346 1108 2417 quia
1129 2345 1284 2398 videbatur
1302 2345 1516 2399 condemnari¹
1535 2345 1614 2416 quod
1638 2344 1709 2399 illud
1728 2363 1922 2416 consequens
1941 2345 2055 2399 scilicet
2074 2363 2181 2415 corpus
2202 2344 2299 2397 vivum
2319 2352 2347 2397 et
2371 2353 2518 2397 mortuum

1039 2462 1098 2497 non
1112 2462 1177 2496 esse
1201 2443 1278 2496 idem
1301 2461 1432 2509 numero,
1452 2453 1530 2497 esset
1549 2461 1711 2507 erroneum,
1731 2442 1886 2496 manifeste
1906 2443 1974 2496 ideo
1995 2442 2203 2496 condemnavit
2223 2441 2411 2496 antecedens,
2431 2440 2517 2496 Unde

1039 2542 1201 2597 secundum
1231 2542 1422 2596 intentionem
1452 2541 1675 2595 condemnantis
1704 2542 1771 2595 ideo
1801 2541 2009 2595 condemnavit
2035 2540 2239 2595 antecedens⁵
2267 2541 2335 2611 quia
2363 2539 2519 2593 videbatur

1039 2640 1095 2694 sibi
1125 2641 1203 2710 quod
1232 2640 1260 2693 in
1290 2649 1490 2711 consequente
1518 2649 1580 2694 erat
1606 2639 1779 2692 manifestus
1808 2658 1897 2693 error.
1928 2639 2056 2693 Parisios
2081 2648 2178 2692 autem
2210 2657 2269 2691 non
2295 2647 2444 2710 reputatur
2470 2638 2517 2691 vel

1039 2755 1225 2808 consequens
1241 2739 1286 2791 vel
1307 2738 1510 2791 antecedens¹
1530 2738 1712 2809 praedictum
1727 2738 1878 2792 continere
1898 2756 2027 2792 errorem
2043 2740 2059 2791 ¹.
2080 2737 2166 2792 Unde
2186 2738 2288 2791 mirum
2303 2745 2349 2790 est
2368 2735 2518 2807 quomodo

1038 2854 1114 2890 unus
1134 2838 1221 2889 horno
1242 2836 1423 2903 (l)Parisius
1446 2838 1574 2891 asserit⁸
1593 2837 1711 2908 publice
1736 2837 1800 2889 illos
1821 2836 1960 2890 articulos
1979 2854 2045 2889 esse
2066 2837 2093 2889 in
2114 2854 2146 2888 se
2165 2836 2212 2889 vel
2238 2836 2266 2888 iu
2292 2834 2348 2887 sihi
2374 2834 2518 2888 similibus

1039 2936 1194 2989 damnatos
1220 2953 1278 2989 nou
1301 2936 1395 2988 solum
1419 2936 1446 2988 in
1469 2934 1578 3005 Anglia
1603 2934 1656 2989 sed
1679 2935 1767 2988 etiarn
1790 2935 1991 3006 uhicunique¹
2019 2943 2048 2987 et
2073 2934 2225 2988 denuntiat
2248 2933 2519 2986 excommunicatos

1039 3051 1141 3088 omnes
1161 3034 1209 3104 qui
1224 3036 1244 3064 ¹⁰
1257 3034 1321 3086 illos
1335 3034 1474 3087 articulos
1489 3033 1534 3086 vel
1549 3033 1674 3104 aliquem
1692 3051 1726 3086 ex
1748 3033 1803 3086 illis
1817 3033 1934 3100 docent,
1948 3050 2013 3086 curn
2028 3033 2110 3086 multi
2124 3032 2255 3102 magistri
2271 3037 2309 3098 (2t
2325 3031 2354 3084 iu
2367 3031 2518 3102 theologia

1038 3150 1132 3203 nuper
1151 3133 1330 3202 scripserunt
1350 3131 1429 3201 oucid
1451 3132 1585 3186 nesciunt
1604 3131 1685 3185 illurn
1706 3131 1858 3185 articulum
1882 3149 1917 3183 ex
1940 3149 1999 3202 quo
2022 3148 2125 3184 omnes
2145 3130 2192 3184 alii
2214 3130 2327 3184 articuli
2347 3139 2519 3200 sequuntur,

1038 3248 1104 3284 esse
1130 3231 1261 3283 habitum
1294 3248 1347 3301 pro
1379 3229 1494 3283 haeresi
1522 3230 1566 3283 vel
1593 3248 1701 3284 errore.
1729 3230 1812 3283 l.'nde
1839 3230 1927 3283 etiarn
1947 3247 2002 3283 nee
2029 3230 2158 3283 Parisios
2183 3230 2307 3283 hahetur
2339 3246 2392 3298 pro
2420 3245 2518 3282 errore

1038 3328 1118 3401 quod
1147 3347 1254 3399 corpus
1284 3328 1391 3381 Christi
1420 3329 1466 3381 vel
1497 3328 1616 3382 alterius
1645 3328 1770 3381 hoininis
1799 3337 1939 3398 quantum
1969 3327 2005 3380 ad
2037 3326 2161 3381 formam
2190 3329 2227 3380 sit
2254 3326 2331 3380 aliud
2359 3326 2456 3379 vivum
2488 3333 2519 3379 et

1038 3434 1182 3479 mortuum
1212 3425 1258 3477 vel
1285 3425 1443 3486 diversum,
1468 3424 1537 3478 licet
1564 3433 1643 3477 esset
1668 3442 1749 3477 error
1776 3442 1885 3495 ponere
1912 3423 1948 3477 de
1975 3441 2099 3495 corpore
2123 3423 2228 3478 Christi
2256 3423 2335 3494 quod
2361 3441 2418 3475 non
2435 3424 2453 3454 ¹¹
2480 3422 2518 3474 sit

1037 3523 1114 3578 idem
1149 3532 1286 3593 ‹purnturu
1320 3522 1356 3575 acl
1388 3523 1573 3593 suppositum
1606 3522 1704 3575 vivum
1738 3531 1765 3576 et
1798 3531 1952 3587 mortuum,
1980 3522 2007 3575 in
2038 3540 2096 3592 quo
2125 3540 2184 3575 non
2211 3530 2255 3575 est
2281 3522 2375 3575 simile
2395 3522 2432 3575 de
2452 3519 2518 3574 aliis

1036 3623 1211 3675 hominihus.

1126 3820 1275 3888 Quantum
1314 3816 1350 3869 ad
1391 3816 1552 3870 secundum
1588 3816 1739 3870 sciendum
1782 3817 1861 3885 (prod
1900 3815 2008 3886 positio
2040 3835 2116 3887 quare
2148 3818 2231 3888 ponit
2269 3837 2377 3888 corpus
2409 3819 2516 3872 t'hristi

1037 3925 1183 3970 mortuum
1209 3923 1238 3969 et
1264 3932 1371 3985 corpus
1394 3915 1513 3967 alterius
1539 3923 1694 3980 mortuum,
1718 3915 1933 3968 considerando
1956 3925 2110 3986 utrumque
2131 3917 2291 3969 secuudum
2311 3916 2516 3970 condicionem

1038 4031 1126 4085 quam
1146 4015 1234 4066 habet
1257 4021 1411 4083 utrumque
1431 4012 1528 4066 statim
1548 4020 1616 4083 post
1636 4021 1760 4065 mortem
1781 4023 1848 4064 ante
1870 4013 2035 4065 ulteriorem
2051 4014 2258 4066 resolutionem
2275 4016 2300 4082 ¹¹,
2323 4032 2388 4067 esse
2409 4032 2518 4085 corpus

1037 4119 1183 4166 mortuum
1204 4111 1328 4164 univoce
1356 4110 1564 4165 univocatione
1590 4110 1710 4181 speciei,
1736 4109 1852 4163 videtur
1877 4110 2099 4164 convenientior
2125 4113 2285 4164 secundum
2317 4112 2403 4166 tidem
2430 4131 2517 4182 quain

1037 4210 1086 4263 illa
1107 4227 1181 4280 quae
1203 4211 1284 4279 ponit
1304 4208 1481 4280 oppositum.
1502 4209 1537 4262 Et
1558 4209 1615 4262 hoc
1635 4217 1733 4280 potest
1753 4208 1846 4262 videri
1867 4209 1980 4261 ratione
2000 4221 2028 4261 et
2049 4211 2230 4263 auctoritate.

1127 4306 1253 4358 Ratione
1272 4304 1323 4358 sic.
1348 4305 1426 4375 Quia
1444 4306 1461 4336 ¹³
1484 4322 1592 4376 corpus
1620 4304 1729 4358 Christi
1753 4304 1870 4375 quaudo
1900 4305 1928 4357 in
1952 4305 2147 4376 conceptione
2177 4306 2230 4358 luit
2259 4307 2369 4359 unitum
2393 4305 2517 4371 atrimae,

1036 4402 1106 4458 licet
1128 4403 1388 4474 supernaturaliter
1404 4405 1423 4434 ¹⁴
1447 4420 1462 4455 a
1485 4402 1596 4473 Spiritu
1616 4402 1726 4456 Sancto
1746 4402 1951 4472 disponeretur
1968 4405 1995 4468 ¹³,
2015 4413 2112 4456 tamen
2132 4406 2150 4433 ¹¹
2164 4405 2342 4464 couveniens
2356 4413 2401 4456 est
2415 4422 2517 4457 secun·

877 4470 945 4525 cod.
959 4470 980 4524 S

855 4541 906 4597 tol.
920 4544 956 4596 45
970 4542 1010 4594 va

1037 4500 1106 4555 dum
1127 4501 1215 4554 tidem
1234 4502 1312 4571 quod
1333 4501 1434 4554 hahuit
1454 4501 1635 4553 consimilem
1655 4501 1879 4572 dispositionem
1899 4501 1974 4554 sicut
1995 4520 2119 4572 corpora
2140 4501 2261 4554 aliorum
2283 4502 2438 4562 lumrinunr,
2456 4505 2460 4568 Ι
2478 4503 2518 4554 ita

1038 4599 1117 4669 quod
1137 4600 1290 4670 supposita
1311 4599 1359 4651 illa
1379 4598 1573 4670 dispositione
1593 4599 1854 4670 supernaturaliter
1876 4599 2004 4662 inducta,
2027 4599 2259 4653 itanaturaliter
2283 4612 2312 4652 et
2335 4599 2517 4652 uniformiter

1037 4696 1192 4751 uniebatur
1221 4697 1316 4750 anima
1340 4696 1448 4750 Christi
1471 4696 1533 4751 eius
1551 4699 1570 4729 ¹¹
1592 4699 1708 4767 corpori
1738 4698 1766 4750 in
1796 4696 1858 4750 eius
1887 4696 2082 4768 conceptione
2105 4699 2181 4751 sicut
2204 4699 2229 4750 in
2255 4701 2319 4749 alus
2342 4698 2516 4751 hominihus.

876 4761 943 4816 cod.
957 4760 982 4814 C

855 4831 896 4887 fol
916 4835 952 4886 93
968 4833 1009 4885 Vb
1039 4795 1117 4864 Ergo
1138 4813 1154 4847 a
1174 4795 1260 4848 simili
1281 4795 1376 4848 anima
1396 4795 1459 4847 eius
1478 4805 1615 4865 separata
1635 4797 1662 4848 in
1683 4807 1776 4849 morte
1796 4796 1935 4849 remansit
1955 4813 2063 4867 corpus
2087 4800 2090 4865 Ι
2113 4796 2142 4849 in
2163 4797 2305 4850 consimili
2320 4796 2515 4867 dispositione

1037 4902 1177 4964 quantum
1206 4894 1242 4946 ad
1272 4912 1405 4964 eaquae
1428 4894 1466 4947 ad
1495 4911 1601 4965 corpus
1623 4895 1779 4965 pertinent,
1799 4894 1875 4948 sicut
1895 4911 2020 4966 corpora
2039 4894 2161 4948 aliorum
2182 4895 2329 4948 hominum
2356 4894 2385 4947 in
2403 4896 2422 4925 ¹⁸
2448 4912 2525 4966 cons

1037 4990 1123 5045 simili
1153 5001 1246 5045 morte
1269 5001 1456 5046 mortuorum.
1483 4992 1560 5062 Ergo
1589 5001 1619 5046 et
1647 5000 1754 5046 cetera.
1775 5023 1807 5031 -
1829 4994 1901 5046 ltem
1931 4992 1970 5045 illi
1997 4992 2035 5046 de
2057 4993 2143 5046 tertia
2159 4994 2180 5025 ¹¹
2204 4992 2253 5063 qui
2279 5000 2392 5064 ponunt
2417 4992 2516 5063 plures

880 5051 983 5105 cod.P
1037 5087 1052 5141 f
1371 5090 1376 5099 .
1673 5091 1708 5117 ,Ι
1923 5110 1928 5120 ¹
2331 5091 2346 5118 ·.
2472 5089 2477 5099 '

844 5121 894 5177 soh
906 5124 957 5176 153
968 5123 1010 5176 Vb
1050 5106 1147 5142 ormas
1166 5106 1195 5141 rn
1215 5091 1280 5143 solo
1300 5091 1426 5157 homine,
1441 5097 1553 5160 ponunt
1572 5090 1651 5160 quod
1670 5091 1720 5144 illa
1740 5089 1834 5144 forma
1856 5094 1859 5159 Ι
1881 5108 1956 5162 quae
1977 5099 2021 5145 est
2041 5091 2147 5144 educta
2168 5091 2204 5144 de
2224 5099 2356 5162 potentia
2376 5097 2517 5143 materiae

1128 5358 1177 5409 ¹et
1198 5358 1266 5410 rudi.
1281 5358 1343 5418 Sl‘:
1363 5359 1416 5410 del.
1438 5372 1470 5410 21⁸
1487 5377 1523 5412 m.
1538 5359 1567 5412 S.
1588 5391 1621 5397 —
1642 5359 1707 5412 ¹sic
1729 5362 1758 5413 l‘.
1778 5393 1808 5399 --
1830 5363 1840 5392 ²¹
1854 5370 1951 5414 autern
1966 5393 1997 5399 —
2019 5359 2176 5427 diversum]
2198 5367 2294 5411 autern
2315 5358 2462 5412 diversum
2481 5359 2515 5420 ὃς

1037 5451 1134 5496 autem
1154 5455 1198 5498 est
1220 5464 1287 5509 ros,
1301 5446 1368 5497 dein
1384 5464 1446 5499 sum
1462 5447 1495 5513 Ρ;
1515 5457 1612 5501 autem
1633 5447 1780 5502 diversum
1801 5458 1845 5502 est
1866 5450 1898 5502 C.
1919 5481 1951 5487 —
1972 5452 1981 5479 ¹
2001 5447 2227 5502 condemnatum
2249 5448 2281 5500 (Γ.
2303 5480 2322 5485 -
2356 5447 2462 5500 ¹¹unde
2483 5479 2515 5485 -

1037 5531 1226 5599 antecedens]
1248 5550 1302 5585 ron.
1327 5534 1359 5586 C.
1395 5567 1414 5572 --
1437 5536 1448 5565 '¹
1468 5552 1652 5604 consequens
1675 5569 1706 5574 —
1732 5536 1921 5604 antecedens]
1946 5535 2125 5589 antecedens
2148 5535 2193 5588 vel
2218 5553 2403 5605 consequens
2426 5537 2458 5588 l'.
2482 5567 2515 5574 --

1039 5619 1210 5672 ¹continere
1231 5623 1368 5689 errorem]
1390 5640 1516 5675 errorem
1538 5625 1689 5677 continere
1714 5625 1746 5678 t'.
1771 5658 1773 5662 -
1794 5657 1801 5662 -
1823 5630 1833 5653 ¹
1856 5624 1984 5679 Parisios
2009 5625 2123 5692 asserit]
2147 5624 2251 5677 asserit
2275 5623 2402 5676 l’arisius
2425 5623 2458 5676 (Γ.
2482 5654 2515 5674 -.

1036 5706 1164 5777 ¹ubique
1187 5708 1215 5759 Ι).
1292 5712 1312 5739 ¹¹¹
1331 5728 1384 5761 oin
1397 5694 1438 5773 ¹83
1458 5712 1526 5764 odd.
1546 5724 1582 5763 aa
1612 5731 1648 5765 m.
1669 5715 1698 5764 S.
1721 5745 1751 5750 --
1775 5715 1792 5742 ¹¹
1808 5731 1862 5764 inii.
1878 5713 1910 5765 (ἶ.
1926 5745 1958 5751 -
1977 5714 1996 5743 ¹²
2008 5729 2063 5765 om.
2079 5712 2108 5764 P.
2124 5744 2155 5750 —
2173 5714 2192 5742 ¹³
2206 5712 2284 5782 quod
2299 5713 2331 5764 (I.
2347 5743 2378 5750 -
2396 5713 2415 5742 ¹¹
2433 5720 2516 5763 natu·

1036 5795 1134 5848 raliter
1148 5797 1180 5849 t).
1193 5827 1224 5834 —
1245 5799 1264 5827 '⁶
1277 5798 1451 5868 dispositive
1466 5798 1498 5853 C.
1514 5832 1544 5838 -
1563 5801 1583 5829 ¹⁶
1595 5801 1671 5854 hene
1684 5801 1752 5853 odd
1765 5801 1797 5852 t'.
1814 5834 1845 5839 —
1863 5802 1883 5832 ¹³
1897 5800 1992 5854 anima
2007 5833 2038 5839 —
2054 5799 2126 5869 eius]
2142 5799 2255 5853 animae.
2276 5799 2339 5853 eius
2359 5797 2467 5853 Christi
2483 5798 2516 5853 C.

1037 5915 1069 5922 -
1093 5885 1112 5914 ¹¹¹
1131 5903 1184 5936 mu
1201 5885 1233 5937 l'.
1249 5917 1279 5923 —
1298 5887 1317 5916 ¹¹¹
1330 5887 1468 5957 opinione
1482 5889 1551 5942 aad.
1569 5888 1601 5942 C.

1124 6093 1163 6155 (ll
1184 6088 1243 6142 tftr.
1259 6108 1284 6160 p.
1299 6094 1358 6156 aot,
1374 6109 1398 6144 n.
1414 6096 1463 6158 ll).
1481 6124 1512 6130 -
1527 6096 1566 6153 (¹2)
1582 6091 1641 6144 l'l'r.
1657 6110 1684 6162 p.
1698 6095 1759 6153 208,
1774 6111 1799 6144 n.
1816 6096 1864 6147 ili.
