6700 7992
1178 1482 1395 1551 secuxot'n
1424 1482 1723 1553 Qt'ootlssettttt,
1752 1482 1788 1552 Q.
1817 1481 1870 1535 vtl
2213 1484 2264 1533 129

786 1661 900 1729 tiones
923 1662 1128 1742 materiales,
1144 1685 1234 1747 quae.
1262 1663 1394 1729 scilicet
1422 1664 1466 1729 de
1491 1662 1646 1748 potentia
1668 1661 1858 1727 materiae¹
1883 1661 2089 1740 educuntur,
2115 1670 2264 1746 possunt

712 1778 719 1787 '
787 1777 855 1844 dici
895 1779 1011 1864 aliquo
1054 1780 1160 1844 modo
1204 1778 1350 1864 produci
1394 1781 1437 1843 ab
1478 1790 1604 1865 agente
1645 1777 1792 1843 naturali
1835 1776 2012 1843 habente²
2053 1788 2262 1862 potestatem

786 1892 837 1959 sic
868 1895 1044 1960 materiam
1073 1894 1336 1969 transmutandi,
1364 1894 1444 1960 licet
1471 1895 1546 1959 illas
1575 1916 1646 1958 non
1674 1893 1787 1979 possit
1820 1893 1968 1972 efficere,
1996 1892 2063 1957 nisi
2095 1915 2116 1957 a
2144 1914 2263 1978 super·

785 2010 932 2077 naturali
964 2027 1092 2097 agente
1125 2012 1378 2096 praeexistente
1412 2011 1444 2075 in
1477 2010 1618 2076 materia
1651 2011 1760 2075 forma
1799 2009 2019 2075 substantiali
2051 2031 2154 2093 quam
2191 2031 2263 2074 non

786 2138 903 2211 potest
930 2127 1069 2193 efficere
1097 2149 1207 2215 agens
1235 2129 1401 2205 naturale,
1431 2127 1510 2212 quia
1538 2149 1609 2190 non
1638 2126 1797 2192 educitur
1828 2127 1872 2191 de
1901 2125 2057 2212 potentia
2088 2125 2261 2191 materiae.

786 2241 885 2310 Sicut
916 2243 1007 2309 enim
1040 2243 1132 2309 dicta
1164 2243 1292 2328 positio
1321 2265 1457 2328 ponens
1489 2244 1576 2307 duas
1604 2243 1733 2307 formas
1761 2242 1795 2306 in
1823 2241 1965 2307 homine
1992 2254 2136 2321 tantum,
2165 2240 2264 2326 ponit

787 2360 881 2442 quod
905 2358 1105 2424 huiusmodi
1131 2360 1261 2425 formae
1285 2360 1385 2424 simul
1411 2370 1566 2443 tempore
1591 2360 1721 2424 liabent
1744 2380 1822 2423 esse
1847 2357 1882 2421 in
1906 2358 2047 2423 materia
2073 2379 2093 2421 a
2117 2357 2263 2423 diversis

785 2486 900 2540 tamen
933 2475 1130 2563 agentibus,
1162 2476 1208 2540 ita
1240 2476 1342 2541 etiam
1376 2475 1432 2541 liic
1464 2485 1579 2560 potest
1612 2474 1679 2540 dici
1712 2474 1806 2559 quod
1839 2496 1917 2540 enm
1950 2474 2040 2539 inest
2072 2474 2186 2538 anima
2218 2475 2262 2538 ab

787 2602 915 2677 agente
931 2591 1195 2677 supernaturali,
1213 2592 1331 2656 insnnt
1355 2590 1555 2655 huiusmodi
1572 2590 1822 2675 dispositiones
1850 2588 2043 2655 materiales
2068 2591 2112 2654 ab
2136 2599 2263 2677 agente

786 2706 943 2771 naturali.
973 2707 1017 2772 Et
1048 2707 1138 2773 sicut
1170 2730 1279 2794 agens
1310 2707 1573 2793 supernaturale
1605 2728 1676 2771 non
1709 2706 1889 2770 induceret
1923 2705 2074 2769 animam
2106 2705 2172 2770 nisi
2206 2706 2263 2770 illa

788 2822 934 2887 naturali
967 2824 1077 2887 forma
1109 2823 1288 2901 existente,
1322 2824 1367 2888 ita
1404 2823 1560 2887 naturale
1594 2843 1666 2886 non
1706 2821 1817 2907 possit
1855 2821 2022 2887 inducere
2062 2820 2262 2886 huiusmodi

786 2937 1037 3022 dispositiones
1069 2939 1135 3003 nisi
1174 2939 1373 3004 huiusmodi
1414 2939 1525 3003 forma
1564 2937 1817 3023 supernaturali
1857 2937 2036 3015 existente,
2070 2937 2150 3021 quia
2189 2958 2261 3002 non

787 3053 860 3141 agit
891 3054 1092 3119 huiusmodi
1124 3054 1318 3120 accidentia
1350 3054 1415 3119 nisi
1450 3054 1482 3119 in
1516 3053 1714 3139 coraposito
1739 3075 1780 3118 ex
1814 3052 1956 3118 materia
1988 3065 2021 3118 et
2045 3051 2264 3118 substantiali

786 3170 907 3234 forma.
936 3170 1105 3252 Quamvis
1138 3170 1230 3235 enim
1255 3191 1383 3256 corpus
1410 3158 1459 3235 'sit
1491 3181 1570 3234 actu
1603 3168 1637 3235 id
1663 3170 1759 3254 quod
1784 3179 1836 3234 est
1870 3191 1932 3254 per
1964 3168 2114 3233 animam
2140 3168 2263 3234 forma·

786 3285 871 3364 liter,
899 3297 1016 3350 tamen
1043 3285 1243 3350 huiusmodi
1272 3286 1466 3351 accidentia
1494 3308 1566 3350 non
1595 3297 1676 3350 sunt
1704 3287 1747 3350 ab
1776 3285 1891 3350 anima
1916 3284 2083 3350 effective.
2109 3284 2146 3349 Si
2171 3284 2263 3350 enim

786 3401 981 3467 accidentia
999 3402 1114 3486 aliqua
1138 3415 1399 3486 consequantur
1423 3401 1570 3487 aliquam
1597 3402 1742 3467 tonnam
1768 3400 2031 3466 substantialem
2056 3411 2093 3465 ut
2121 3422 2263 3466 cansam

786 3517 980 3582 effectivam
1009 3520 1228 3602 completam,
1257 3519 1387 3582 nullum
1417 3540 1528 3603 agens
1555 3528 1678 3604 posset
1705 3538 1850 3582 causare
1876 3516 1955 3581 talia
1979 3516 2174 3581 accidentia
2198 3515 2265 3582 nisi

786 3634 966 3698 causando
984 3633 1074 3697 illam
1093 3634 1248 3699 formam.
1266 3633 1338 3699 Sed
1356 3634 1550 3699 accidentia
1566 3633 1819 3718 consequentia
1836 3633 1983 3698 formam
2000 3631 2264 3698 substantialem

786 3769 858 3813 non
885 3760 923 3814 ut
951 3771 1091 3815 causam
1122 3749 1325 3825 effectivam,
1356 3751 1417 3815 sed
1447 3749 1684 3828 subiectisam,
1716 3759 1832 3834 potest
1856 3769 2002 3814 causare
2031 3770 2141 3835 agens
2169 3750 2265 3834 quod

786 3885 858 3930 non
883 3864 986 3930 efficit
1010 3865 1120 3950 ipsam
1146 3866 1301 3930 formam.
1327 3866 1376 3930 Ita
1401 3877 1453 3931 est
1478 3865 1510 3929 in
1537 3865 1730 3950 proposito
1757 3865 1837 3930 ideo
1863 3877 1896 3930 et
1921 3876 2046 3930 cetera.

873 3980 963 4045 Cum
988 3981 1145 4045 additur:
1171 3981 1199 4045 si
1217 3981 1464 4066 praecedentia
1491 3993 1757 4065 corrumpantur
1784 3981 1910 4045 frustra
1938 3980 2085 4068 fuissent
2110 3980 2264 4059 inducta,

784 4094 865 4161 item
898 4097 1167 4162 concluderetur
1200 4097 1232 4161 in
1265 4097 1339 4162 aliis
1365 4099 1408 4161 ab
1433 4096 1574 4161 homine
1599 4098 1793 4162 secundum
1828 4107 2001 4182 ponentes
2026 4097 2120 4180 quod
2147 4096 2265 4161 ultima

784 4212 894 4277 forma
918 4212 1127 4278 adveniente
1151 4212 1267 4278 omnia
1292 4212 1538 4297 praecedentia
1563 4223 1838 4297 corrumpantur.
1872 4212 1914 4276 Et
1946 4211 2133 4277 dicendum
2169 4213 2265 4296 quod

784 4349 856 4391 non
879 4328 1006 4392 frustra
1030 4340 1121 4408 sunt,
1139 4328 1219 4413 quia
1243 4328 1319 4394 sine
1337 4328 1400 4392 illis
1417 4328 1428 4361 ²¹
1452 4328 1610 4393 ordinate
1635 4350 1707 4393 non
1734 4339 1806 4394 erat
1832 4329 2022 4413 procedere
2047 4328 2091 4392 ad
2116 4328 2264 4393 formam

784 4442 947 4522 ultimam,
965 4465 1032 4509 nec
1057 4466 1166 4532 agens
1184 4446 1340 4509 naturale
1365 4444 1467 4510 etiam'
1484 4443 1684 4509 huiusmodi
1703 4443 1952 4529 dispositiones
1978 4455 2237 4528 consequentes
2253 4443 2265 4479 ⁴

784 4557 819 4622 in
845 4559 987 4624 materia
1011 4560 1077 4624 nisi
1101 4561 1152 4625 sic
1174 4560 1348 4644 fuisselnlt
1372 4560 1627 4645 praedisposito
1652 4560 1842 4625 induceret.

874 4674 964 4740 Cum
989 4675 1113 4741 dieitur
1137 4676 1277 4741 ulterius
1302 4677 1396 4760 quod
1421 4677 1455 4740 in
1480 4676 1621 4741 bomine
1645 4675 1728 4740 nihil
1758 4687 1810 4741 est
1833 4675 1990 4762 genitum
2015 4687 2049 4741 et
2073 4687 2199 4755 cetera,
2225 4715 2265 4723 —

784 4788 890 4855 immo
913 4802 1007 4856 totus
1024 4793 1130 4856 homo
1155 4793 1416 4876 quodammodo
1441 4804 1493 4856 est
1518 4791 1668 4878 genitus,
1687 4791 1767 4856 licet
1791 4814 1863 4855 non
1887 4791 1933 4856 ita
1958 4791 2098 4877 proprie
2120 4791 2265 4857 omnino

784 4904 875 4971 sicut
898 4905 975 4986 alia,
993 4907 1073 4991 quia
1091 4907 1230 4972 actione
1256 4907 1402 4972 naturali
1427 4906 1578 4972 bominis
1604 4907 1806 4994 generantis
1831 4907 1960 4972 factum
1986 4919 2038 4972 est
2062 4907 2266 4992 dispositive

785 5032 822 5085 ut
837 5029 931 5085 totus
956 5022 1062 5085 homo
1087 5021 1304 5106 compositus
1333 5043 1374 5086 ex
1403 5021 1545 5086 materia
1569 5033 1602 5086 et
1626 5022 1739 5086 forma
1767 5042 1845 5087 esse
1870 5023 2008 5101 habeat,
2034 5033 2068 5086 et
2097 5033 2265 5107 quantum

785 5136 829 5201 ad
853 5134 1054 5201 huiusmodi
1081 5136 1330 5222 dispositiones
1365 5137 1559 5202 materiales
1594 5148 1853 5221 consequentes
1888 5147 2004 5222 potest
2037 5137 2104 5202 diei
2138 5137 2266 5222 aliquid

784 5251 940 5339 genitum
966 5273 1045 5318 esse
1072 5252 1105 5316 in
1133 5253 1284 5318 homine.
1311 5252 1347 5318 Si
1377 5253 1467 5317 enim
1497 5252 1547 5317 vis
1576 5253 1609 5317 in
1636 5253 1777 5317 bomine
1813 5252 1968 5337 aliquid⁶
1993 5274 2071 5318 esse
2097 5253 2265 5341 genitum,

785 5388 864 5433 cum
903 5367 1141 5454 generationis
1181 5368 1324 5432 omnino
1357 5373 1361 5449 Ι
1394 5368 1555 5453 propriae
1595 5369 1637 5433 sit
1677 5369 1844 5434 terminus
1884 5369 2077 5433 secundum
2119 5369 2264 5434 formam

784 5483 983 5569 specificam
1008 5483 1161 5548 ultimam
1187 5495 1219 5548 et
1244 5485 1462 5567 completam,
1493 5485 1602 5547 forma
1626 5495 1741 5549 autem
1770 5483 1921 5548 hominis
1957 5485 2123 5570 specifica
2146 5484 2266 5550 ultima

785 5608 819 5664 et
854 5599 1028 5685 completa
1059 5600 1253 5664 secundum
1290 5600 1417 5663 nullam
1456 5599 1710 5683 praedictarum
1746 5599 1957 5684 positionem
1993 5599 2169 5665 inducitur
2204 5623 2268 5686 per

784 5714 1047 5803 generationem
1086 5715 1225 5800 proprie
1257 5715 1383 5780 dictam
1416 5715 1554 5780 actione
1594 5715 1731 5800 agentis
1767 5715 1943 5795 naturalis
1977 5716 2039 5781 sed
2075 5738 2137 5801 per
2172 5738 2266 5782 crea·

876 6004 882 6035 ¹
897 6002 1012 6057 animae
1025 6004 1056 6056 l’.
1076 6037 1096 6043 -
1123 6003 1265 6059 lliabenti
1281 6004 1310 6071 l‘,
1324 6005 1467 6057 habentes
1481 6005 1513 6069 V,
1528 6003 1662 6058 habentis
1676 6023 1752 6057 ιὐνν.
1768 6019 1800 6057 2ss
1816 6024 1852 6058 in.
1864 6006 1888 6058 V
1892 6046 1897 6061 .
1912 6037 1944 6044 —
1958 6008 1969 6037 ³
1982 6003 2046 6059 aliis
2061 6006 2090 6060 P.
2106 6038 2138 6045 --
2155 6008 2162 6036 ⁴
2177 6006 2265 6061 etiam

784 6090 852 6145 add.
872 6091 903 6145 P.
925 6123 956 6131 -
978 6093 1057 6144 5οιη.
1078 6092 1108 6145 P.
1195 6160 1197 6164 Α

2322 5353 2387 5408 cod.
2401 5355 2424 5407 P

2287 5424 2337 5479 tol.
2350 5429 2400 5481 148
2413 5426 2453 5479 Ra
