6700 7992
1303 1440 1452 1510 bunun
1481 1436 1780 1527 Qbooirssstu'n,
1809 1437 1845 1526 Q.
1866 1439 1934 1508 ixl
2307 1450 2340 1502 aa

866 1614 981 1701 actum
1005 1635 1229 1724 intelligendi.
1254 1634 1353 1702 Sicut
1375 1636 1464 1701 forte
1488 1635 1593 1721 aliqui
1615 1636 1777 1702 videntur
1799 1656 1931 1721 ponere
1957 1635 2051 1719 quod
2075 1632 2162 1698 ratio
2187 1630 2340 1694 formalis

866 1751 957 1839 ignis
974 1772 1065 1836 quae
1088 1750 1241 1817 dicitur¹
1264 1751 1381 1817 inesse
1405 1761 1549 1818 naturae
1578 1772 1640 1837 per
1667 1750 1808 1839 agentia
1831 1749 2010 1830 naturalia,
2032 1760 2085 1814 est
2109 1746 2237 1832 aliquid
2262 1767 2341 1811 cau-

866 1879 978 1933 satum
1003 1868 1048 1932 ab
1072 1879 1199 1954 agente
1223 1866 1257 1931 in
1282 1887 1325 1932 eo
1350 1888 1392 1932 ex
1416 1888 1486 1952 quo
1510 1888 1565 1932 res
1590 1866 1802 1952 producitur,
1820 1877 1854 1932 et
1869 1887 1932 1952 per
1956 1865 2039 1930 illud
2064 1862 2288 1930 diciturillud
2305 1861 2340 1926 in

868 2005 937 2067 quo
961 1984 1167 2049 esthabere
1191 1982 1359 2048 rationem
1384 1981 1487 2047 activi
1510 1981 1670 2068 principii
1693 1993 1855 2067 respectu
1881 1981 2026 2047 effectus
2051 1978 2261 2065 principalis.

957 2098 1029 2165 Sed
1060 2098 1124 2164 iste
1156 2098 1282 2163 modus
1313 2099 1468 2182 ponendi
1500 2120 1571 2164 non
1602 2097 1740 2164 videtur
1770 2097 1996 2176 conveniens,
2022 2095 2102 2181 quia
2134 2093 2342 2181 supponitur

768 2265 773 2276 .
868 2215 1002 2295 falsum,
1019 2214 1153 2280 scilicet
1169 2214 1263 2298 quod
1281 2214 1476 2280 intellectus
1500 2213 1544 2278 sit
1567 2213 1701 2280 activus
1725 2224 1887 2299 respectu
1912 2212 1965 2277 sui
1990 2223 2090 2277 actus
2110 2210 2340 2298 intelligendi.

885 2333 890 2414 Ι
917 2332 1101 2396 Praeterea
1116 2329 1137 2408 ¹,
1162 2329 1332 2414 ponendo
1356 2329 1510 2414 speciem
1536 2328 1629 2394 dicto
1654 2330 1771 2409 modo,
1796 2339 1913 2415 potest
1936 2327 2101 2394 concludi
2126 2327 2220 2412 quod
2245 2326 2341 2393 intel-

866 2447 977 2512 lectus
995 2456 1156 2531 respectu
1174 2456 1272 2511 actus
1289 2444 1506 2533 intelligendi
1530 2466 1602 2510 non
1628 2456 1681 2510 est
1704 2443 1838 2510 activus
1862 2445 1926 2510 sed
1950 2443 2132 2529 passivus;
2157 2442 2238 2527 quia
2262 2463 2341 2508 cum

2399 2319 2466 2374 cod.
2477 2320 2503 2372 V

2370 2390 2420 2444 fol.
2430 2393 2483 2445 aot
2493 2392 2533 2444 Vfl

866 2560 1066 2627 huiusmodi
1091 2561 1228 2646 species
1252 2560 1296 2625 sit
1320 2560 1492 2645 quaedam
1517 2559 1706 2625 similitudo
1730 2559 1933 2645 imperfecta
1954 2558 2092 2638 obiecti,
2111 2569 2209 2623 actus
2226 2569 2341 2624 autem
2407 2653 2409 2656 y

866 2676 1083 2763 intelligendi
1099 2676 1293 2761 completus
1310 2676 1353 2741 sit
1378 2677 1533 2761 perfecta
1557 2675 1745 2741 similitudo
1770 2674 1855 2755 eius,
1880 2674 1981 2740 cuius
2005 2686 2058 2740 est
2082 2695 2187 2763 agere
2212 2686 2246 2739 et
2270 2674 2342 2739 effi-

867 2814 946 2859 cere
963 2791 1164 2857 huiusmodi
1179 2791 1191 2827 ¹
1204 2791 1370 2877 speciem,
1388 2791 1463 2857 eius
1480 2791 1582 2856 etiam
1600 2790 1680 2856 est⁴
1695 2812 1801 2879 agere
1818 2798 1853 2857 et
1868 2789 2009 2856 efficere
2025 2790 2139 2876 ipsum
2157 2801 2283 2856 actum.
2301 2789 2344 2854 Et

867 2908 1067 2974 huiusmodi
1085 2907 1223 2993 species
1239 2907 1269 2972 si
1285 2918 1436 2992 ponatur
1451 2917 1489 2972 ut
1506 2906 1635 2991 aliquid
1652 2906 1889 2973 necessarium
1906 2908 2083 2971 adactum
2108 2904 2343 2984 efficiendum,

867 3023 1010 3089 habebit
1043 3023 1213 3089 rationem
1245 3021 1543 3088 instrumentalis¹
1574 3022 1721 3110 agentis
1753 3033 1788 3087 et
1819 3021 1994 3088 obiectum
2023 3021 2191 3088 rationem
2220 3021 2343 3106 princi-

867 3138 982 3224 palis¹
1010 3138 1203 3205 efficientis.
1233 3137 1331 3205 Sicut
1359 3138 1461 3204 etiam
1488 3159 1609 3204 semen
1637 3137 1699 3202 viri
1728 3136 1952 3204 coniunctum
1980 3148 2160 3203 menstruo
2192 3137 2344 3203 mulieris

865 3257 973 3321 habet
999 3254 1168 3320 rationem
1197 3253 1495 3320 instrumentalis⁷
1521 3253 1669 3342 agentiS,
1695 3265 1730 3320 et
1753 3253 1843 3320 sicut
1866 3264 2081 3320 menstruum
2106 3252 2258 3319 mulieris
2283 3275 2345 3338 per

867 3392 987 3437 semen
1005 3370 1067 3435 viri
1084 3391 1156 3436 non
1185 3370 1310 3436 dicitur
1336 3371 1466 3436 habere
1490 3369 1558 3435 vim
1582 3369 1731 3435 activam
1755 3381 1918 3456 respectu
1942 3370 2034 3435 fetus
2059 3371 2123 3435 sed
2146 3369 2343 3455 passivam;

867 3487 914 3552 ita
942 3487 975 3552 in
1009 3486 1190 3572 proposito
1221 3497 1389 3571 quantum
1422 3487 1466 3550 ad
1495 3487 1565 3551 hoc
1591 3485 1747 3551 similiter
1775 3497 1892 3571 potest
1920 3485 1988 3551 dici
2017 3486 2113 3570 quod
2144 3485 2342 3551 intellectus

867 3602 1043 3689 possibilis
1060 3602 1094 3667 in
1112 3624 1182 3686 quo
1199 3601 1364 3687 recipitur
1387 3599 1615 3667 huiusmodi¹
1638 3600 1776 3687 species
1800 3623 1872 3667 non
1897 3603 2003 3668 habet
2026 3623 2089 3687 per
2112 3601 2202 3667 illam
2228 3612 2342 3667 actum

868 3718 1018 3798 efficere,
1036 3719 1100 3783 sed
1116 3728 1249 3784 tantum
1266 3719 1373 3784 habet
1388 3717 1556 3783 rationem
1574 3716 1736 3803 principii
1753 3717 1892 3802 passivi,
1909 3729 1946 3782 ut
1963 3717 2014 3783 sic
2030 3738 2093 3803 per
2110 3717 2286 3783 obiectum
2307 3728 2344 3783 ut

867 3855 930 3920 per
953 3855 1064 3921 agens
1088 3832 1291 3920 principale,
1316 3832 1491 3899 mediante
1507 3831 1707 3898 huiusmodi
1722 3831 1734 3867 ¹
1749 3832 1868 3917 specie
1886 3844 1920 3899 et
1936 3833 2189 3899 instrumentali
2205 3841 2343 3922 agente,
2367 3895 2370 3901 .

867 3959 966 4016 actus
982 3948 1200 4036 intelligendi
1216 3960 1386 4015 causetur.

958 4064 1109 4148 Quidam
1142 4076 1258 4130 autem
1286 4075 1460 4150 ponentes
1487 4063 1699 4130 intellectum
1729 4064 1906 4149 passivum
1935 4075 1969 4130 et
1992 4064 2168 4131 obiectum
2194 4065 2343 4131 activum

760 4171 761 4174 ¹
867 4193 1030 4271 respectu
1047 4191 1146 4247 actus
1162 4179 1389 4268 intelligendi,
1402 4190 1539 4266 ponunt
1555 4178 1779 4245 nihilominus
1796 4179 1949 4265 speciem
1966 4180 2126 4268 generari
2143 4183 2187 4247 ab
2204 4181 2344 4248 obiecto

867 4309 905 4361 ut
929 4296 1114 4381 quamdam
1144 4295 1409 4381 dispositionem
1438 4294 1627 4381 potentiam
1654 4295 1942 4361 determinantem
1971 4307 2005 4362 et
2032 4296 2271 4362 habilitantem
2300 4299 2345 4363 ad

867 4422 984 4478 actum
1002 4411 1266 4477 determinatum
1289 4422 1323 4477 et
1346 4411 1544 4496 specialem.
1569 4411 1612 4476 Et
1637 4412 1831 4477 secundum
1856 4413 1925 4477 hoc
1949 4433 2022 4477 non
2046 4413 2152 4478 habet
2175 4413 2344 4478 rationem

868 4527 971 4594 activi
988 4529 1051 4592 sed
1068 4527 1179 4616 magis
1197 4526 1461 4612 dispositionem
1477 4526 1662 4593 materialis
1681 4526 1714 4590 ¹⁰.
1733 4526 1805 4593 Sed
1822 4529 1917 4611 quod
1934 4527 2133 4594 huiusmodi
2150 4528 2299 4614 species,
2316 4528 2345 4595 si

868 4655 1018 4729 ponatur
1033 4655 1071 4708 ut
1087 4642 1216 4708 dictum
1237 4653 1300 4722 est,
1319 4642 1363 4708 sit
1379 4643 1553 4727 quaedam
1569 4642 1759 4708 similitudo
1784 4642 1913 4708 obiecti
1929 4642 2132 4728 imperfecta
2149 4644 2172 4680 ¹¹
2189 4656 2223 4710 et
2246 4658 2345 4711 actus

867 4758 1083 4846 intelligendi
1100 4769 1152 4824 est
1167 4757 1192 4794 ¹¹
1210 4750 1398 4824 similitudo
1411 4757 1573 4824 eiusdem
1589 4757 1756 4843 perfecta,
1771 4769 1805 4824 et
1820 4757 1872 4824 sic
1886 4759 1932 4823 ad
1947 4761 2110 4825 eumdem
2127 4762 2345 4826 causandum
2417 4806 2419 4810 -

867 4896 940 4940 non
956 4873 982 4910 ¹¹
1004 4873 1193 4940 formaliter
1215 4873 1387 4960 pertinere
1414 4873 1613 4958 vide[n]tur‚
1639 4872 1742 4958 (sicut
1766 4872 1880 4959 ipsum
1905 4874 2055 4941 calefieri
2079 4887 2132 4941 est
2155 4875 2363 4942 similitudo·

866 4990 1071 5075 imperfecta
1098 4989 1344 5070 calefacientis
1373 5000 1407 5056 et
1434 4989 1641 5056 calefactum
1670 5009 1749 5055 esse
1774 5000 1827 5055 est
1850 4988 2038 5056 similitudo
2062 4991 2219 5077 perfecta
2243 4992 2344 5076 eius),

867 5089 1066 5172 huiusmodi
1091 5105 1229 5191 species
1256 5127 1328 5171 non
1357 5106 1459 5172 cedet
1485 5105 1521 5171 in
1545 5105 1714 5170 rationem
1739 5104 1979 5190 dispositionis
2003 5106 2167 5184 formalis,
2191 5109 2254 5173 sed
2279 5110 2345 5175 sub

867 5221 1002 5287 ratione
1010 5223 1157 5308 formae
1180 5231 1345 5288 causatae
1362 5220 1387 5257 ¹⁴
1410 5223 1453 5286 ab
1478 5221 1617 5286 obiecto
1641 5220 1732 5287 sicut
1756 5232 1791 5286 et
1815 5220 1890 5306 ipse
1914 5233 2014 5287 actus
2038 5222 2281 5290 continebitur.
2302 5225 2346 5290 Et

867 5337 958 5417 ide0,
976 5337 1139 5402 omnibus
1163 5335 1402 5416 consideratis,
1420 5358 1494 5402 non
1517 5347 1664 5422 apparet
1687 5336 1867 5402 sufficiens
1891 5336 2056 5402 motivum
2083 5350 2225 5424 propter
2249 5341 2344 5424 quod

866 5454 1061 5518 intellectus
1075 5453 1252 5538 possibilis
1267 5454 1333 5518 tali
1347 5452 1459 5537 specie
1474 5453 1691 5536 informetur
1709 5450 1774 5516 ¹¹....

958 5800 967 5831 ¹
981 5797 1117 5852 dicuntur
1130 5798 1188 5853 PV.
1199 5830 1232 5837 -
1248 5799 1323 5852 ¹om.
1335 5798 1365 5853 Ρ.
1377 5829 1411 5838 -
1424 5797 1568 5852 ¹huiusP.
1585 5829 1617 5836 -
1631 5799 1707 5850 ¹0m.
1722 5797 1753 5851 P.
1765 5828 1797 5837 -
1810 5796 2080 5852 ‘instrumentalem
2091 5798 2121 5852 P.
2133 5831 2165 5839 -
2181 5800 2345 5855 ¹rationem

867 5886 1047 5959 principalis]
1067 5886 1259 5958 principalem
1278 5885 1422 5940 rationem
1440 5884 1473 5938 P.
1493 5917 1526 5925 —
1549 5884 1769 5957 'principalem
1787 5884 1819 5937 P.
1839 5915 1873 5923 —
1893 5884 1904 5915 ¹
1922 5885 2006 5939 huius
2026 5886 2055 5940 P.
2076 5918 2109 5925 -
2129 5887 2140 5918 ¹
2158 5887 2243 5941 huius
2262 5888 2292 5942 P.
2312 5920 2345 5928 -

870 5975 891 6007 ¹⁰
902 5975 1084 6028 materialem
1097 5973 1128 6028 P.
1142 6005 1175 6013 —
1192 5976 1210 6006 ¹¹
1225 5971 1381 6028 interfecta
1394 5974 1427 6027 V.
1446 6005 1476 6013 —
1493 5973 1514 6005 ¹¹
1528 5986 1557 6027 et
1571 5973 1601 6027 P.
1615 6005 1648 6013 —
1665 5973 1686 6005 ¹¹
1698 5989 1752 6026 nec
1767 5972 1800 6025 V.
1814 6003 1847 6011 —
1863 5973 1884 6003 ¹¹
1891 5969 2015 6040 formae
2028 5978 2177 6044 causatae]
2191 5975 2300 6029 lacuna
2314 5977 2346 6044 P,

867 6055 982 6116 form&
994 6069 1133 6117 causatae
1146 6061 1180 6116 V.
1196 6093 1229 6102 —
1244 6063 1266 6095 ¹⁶
1279 6061 1446 6116 intellectus
1459 6093 1493 6102 -
1506 6060 1689 6130 informetur]
1703 6058 1890 6117 addidimus.
