6700 7992
1035 1476 1088 1533 276
1400 1469 1589 1534 nnclsnn
1620 1474 1840 1533 GODEFRIDI
1869 1469 1920 1532 DE
1949 1467 2147 1534 FONTIBUS

1036 1659 1223 1726 titubarent
1247 1659 1280 1724 in
1319 1660 1388 1725 fide
1423 1658 1580 1724 videntes
1616 1670 1732 1723 tantos
1768 1658 1860 1722 viros
1896 1658 1962 1721 sibi
1995 1658 2141 1723 invicem
2178 1658 2360 1723 dissentire
2396 1669 2430 1723 et
2461 1657 2512 1724 sic

1036 1774 1258 1838 contendere.
1301 1774 1341 1838 Et
1379 1773 1407 1837 si
1447 1774 1515 1837 bec
1554 1773 1756 1836 scamlalom
1798 1785 1890 1837 esset
1930 1772 2041 1836 maius
2081 1772 2207 1835 malum
2251 1794 2353 1855 quam
2397 1771 2511 1856 aliqua

1036 1886 1154 1951 dilatio
1193 1908 1298 1972 super
1337 1887 1429 1952 dicta
1466 1886 1608 1951 veritate
1644 1886 1909 1961 manifestanda,
1947 1885 2124 1970 expediret
2158 1888 2201 1950 ad
2239 1896 2375 1971 tempus
2411 1885 2512 1951 inter·

1036 2000 1179 2066 mittere.

1125 2115 1385 2180 Descendendo
1422 2136 1506 2199 ergo
1542 2115 1586 2177 ad
1626 2114 1841 2198 propositum
1879 2135 1998 2178 casum
2036 2136 2192 2198 proquo
2223 2113 2406 2197 quaeritur,
2432 2112 2511 2178 dico

1036 2228 1131 2313 quod
1156 2228 1314 2312 quaestio
1339 2228 1415 2292 talis
1441 2246 1580 2292 nonest
1598 2227 1746 2310 litigiosa
1773 2227 1885 2312 primo
1903 2228 2018 2306 modu,
2037 2240 2072 2292 ut
2090 2227 2175 2291 alias
2193 2231 2240 2309 (l)
2258 2226 2441 2306 declaravi,
2459 2238 2512 2292 est

1035 2355 1150 2407 tamen
1175 2342 1291 2426 aliquo
1323 2343 1428 2406 modo
1459 2340 1609 2428 litigiosa
1640 2342 1799 2406 secundo
1828 2342 1933 2404 nuido
1968 2352 2005 2405 ut
2037 2352 2139 2426 patet.
2165 2341 2209 2405 Et
2239 2340 2319 2406 ideo
2352 2341 2511 2406 absolute

1035 2467 1180 2522 nonest
1204 2454 1394 2520 omittenda
1419 2453 1485 2519 nisi
1515 2454 1604 2519 forte
1632 2467 1725 2519 esset
1758 2454 2013 2519 intermittenda
2042 2454 2136 2519 dicto
2161 2456 2267 2519 modo
2293 2455 2337 2520 ad
2363 2466 2510 2540 tempuS,

1036 2570 1125 2636 sicut
1162 2569 1370 2635 videbantur
1408 2568 1561 2633 voluisse
1601 2568 1744 2653 praelati
1784 2590 1877 2633 arrno
1917 2568 2103 2652 praeterito
2129 2571 2187 2650 (2),
2220 2579 2254 2632 et
2293 2568 2386 2634 sicut
2424 2568 2511 2633 forte

1035 2684 1263 2749 intendebant
1314 2704 1426 2768 nuper
1481 2682 1634 2765 magistri
1682 2683 1839 2746 dicentes
1889 2682 1983 2766 quod
2033 2682 2191 2766 quaestio
2239 2680 2391 2768 litigiosa
2439 2702 2510 2746 non

1036 2796 1256 2882 reciperetur.
1293 2796 1335 2860 Et
1366 2817 1445 2861 vere
1478 2805 1563 2880 puto
1599 2796 1693 2879 quod
1727 2794 1957 2859 communiter
1991 2795 2035 2858 ad
2067 2797 2159 2859 banc
2196 2795 2437 2878 quaestionem
2467 2796 2511 2859 de

1036 2909 1319 2977 confessionibus
1355 2910 1405 2973 fra
1438 2911 1441 2992 Ι
1474 2920 1562 2973 trum
1595 2908 1806 2974 intellectum
1843 2930 1942 2972 suum
1984 2909 2188 2973 referebant.
2221 2910 2292 2974 Sed
2324 2930 2395 2978 non
2426 2919 2511 2994 puto

1036 3025 1130 3109 quod
1156 3022 1387 3107 intelligerent
1422 3044 1497 3087 eam
1531 3021 1716 3109 litigiosam
1749 3021 1860 3107 primo
1896 3023 2012 3101 modo,
2049 3043 2115 3087 nec
2151 3044 2218 3106 ego
2254 3021 2415 3096 intellexi,
2448 3022 2511 3086 sed

1034 3138 1123 3202 forte
1153 3136 1384 3202 aestimabant
1420 3158 1495 3200 eam
1529 3135 1579 3198 sie
1614 3135 1800 3217 litigiosam
1837 3137 1996 3199 secundo
2031 3136 2146 3213 modo,
2183 3136 2279 3218 quod
2304 3136 2349 3199 ad
2374 3148 2511 3220 tempus

1035 3263 1069 3317 et
1093 3274 1155 3337 pro
1184 3273 1278 3315 nunc
1305 3261 1425 3335 posset
1442 3249 1560 3329 omitti,
1586 3261 1619 3313 et
1638 3261 1722 3334 puto
1748 3250 1842 3332 <prod
1868 3249 2008 3332 quidam
2034 3249 2243 3313 contrarium
2269 3249 2510 3314 aestimabant.

1035 3365 1079 3430 Et
1103 3365 1182 3430 ideo
1211 3364 1405 3449 quaesitum
1431 3363 1495 3428 fuit
1519 3364 1613 3447 quod
1640 3363 1900 3448 specificaretur
1929 3362 2012 3446 quid
2041 3384 2103 3448 per
2131 3362 2318 3448 litigiosum
2345 3362 2512 3449 intellige·

1035 3490 1128 3544 retur
1150 3480 1217 3543 bac
1234 3478 1426 3543 intentione
1443 3478 1548 3561 quod,
1574 3477 1601 3539 si
1627 3478 1746 3541 datum
1771 3477 1893 3541 fuisset
1918 3479 2113 3562 exemplum
2139 3476 2183 3541 de
2208 3476 2272 3540 ista
2298 3478 2510 3560 qmteslione,

1036 3592 1287 3657 contradictum
1312 3590 1436 3655 fuisset
1460 3592 1503 3654 ab
1529 3590 1715 3673 aliquibus,
1744 3591 1806 3654 sed
1832 3612 1902 3654 non
1933 3590 1995 3654 fuit
2024 3611 2237 3675 expressum.
2263 3590 2346 3654 Ideo
2371 3588 2510 3673 quidam

1035 3727 1121 3770 sane
1148 3717 1350 3790 reputantes
1379 3726 1455 3768 enm
1480 3725 1550 3769 non
1580 3703 1764 3790 litigiosam
1794 3704 1905 3788 primo
1933 3706 2040 3769 modo
2065 3724 2131 3769 nec
2159 3704 2317 3769 secundo
2342 3703 2392 3769 sic
2416 3703 2511 3787 quod

1036 3830 1129 3885 esset
1152 3819 1353 3898 omittenda,
1379 3840 1454 3883 eam
1480 3828 1688 3903 receperunt
1711 3829 1745 3882 et
1773 3818 1864 3882 bene
1896 3829 1933 3882 ut
1964 3832 2060 3903 puto.
2094 3818 2130 3883 Si
2159 3830 2274 3883 mitem
2306 3816 2411 3902 aliqui
2438 3838 2511 3882 non

1035 3943 1242 4018 receperunt
1266 3953 1341 3998 eam
1367 3944 1508 4017 propter
1523 3931 1650 3997 dictam
1667 3931 1935 3996 collocutionem
1960 3953 2080 3997 eorum
2097 3931 2310 4010 exteriorem,
2328 3931 2512 3996 credentes

1036 4046 1130 4130 quod
1166 4044 1361 4111 communis
1396 4044 1541 4110 intentio
1574 4045 1677 4110 fuerit
1712 4044 1866 4109 ‹nunium
1907 4044 1993 4124 talis,
2035 4058 2069 4110 et
2108 4046 2201 4129 quod
2241 4046 2287 4110 ob
2325 4046 2395 4111 boc
2434 4064 2511 4109 eam

1036 4161 1150 4224 nullus
1181 4168 1385 4244 recepturus
1413 4170 1507 4224 esset
1531 4161 1597 4224 bac
1622 4158 1868 4244 disputatione,
1895 4159 2010 4243 aliquo
2035 4160 2141 4224 modo
2170 4170 2318 4244 possunt
2342 4156 2510 4223 excusari.

1036 4273 1126 4338 Dico
1151 4284 1265 4338 autem
1284 4273 1400 4357 aliquo
1425 4274 1532 4336 modo
1559 4272 1727 4351 excusari,
1753 4273 1834 4355 quia
1858 4274 1981 4337 doctor
2005 4272 2204 4359 theologiae
2229 4272 2287 4357 qui
2312 4281 2365 4337 est
2389 4273 2512 4337 doctor

1036 4387 1188 4452 veritatis
1205 4408 1383 4471 nunquam
1408 4388 1514 4450 debet
1538 4386 1653 4451 dicere
1679 4386 1873 4464 falsitatem,
1898 4386 1978 4469 quia
2003 4387 2071 4451 boc
2095 4386 2298 4472 prohibetur
2322 4396 2511 4471 praecepto

1036 4501 1201 4589 negativo
1234 4502 1329 4585 quod
1362 4499 1494 4586 obligat
1526 4522 1665 4586 semper
1703 4511 1737 4565 et
1772 4501 1817 4563 ad
1854 4521 2013 4584 semper3
2051 4500 2229 4565 veritatem
2259 4512 2374 4565 autem
2407 4500 2512 4564 debet

1037 4615 1152 4681 dicere
1184 4637 1247 4700 pro
1271 4615 1350 4680 loco
1383 4626 1416 4679 et
1448 4625 1614 4699 tempore,
1640 4613 1721 4697 quia
1757 4617 1839 4710 boc
1858 4614 1949 4679 cadit
1981 4617 2046 4678 sub
2083 4625 2272 4699 praecepto
2306 4612 2511 4678 affirmativo

1036 4729 1132 4813 quod
1168 4728 1300 4812 obligat
1334 4749 1473 4813 semper
1508 4728 1571 4793 sed
1607 4750 1679 4792 non
1715 4729 1758 4791 ad
1795 4750 1942 4813 semper,
1977 4729 2079 4794 Unde
2113 4729 2291 4793 veritatem
2328 4728 2445 4793 utilem
2478 4737 2512 4792 et

1036 4844 1249 4909 fructuosam
1281 4842 1469 4928 praecipue
1501 4842 1545 4906 ad
1585 4843 1730 4906 salutem
1764 4842 1955 4906 animarum
1988 4841 2218 4928 pertinentem
2254 4862 2318 4927 pro
2354 4853 2511 4927 tempore

1036 4979 1099 5042 pro
1117 4979 1186 5041 quo
1204 4967 1256 5022 est
1273 4955 1505 5042 periculosum
1524 4955 1686 5041 ignorare
1703 4955 1846 5020 omnino
1863 4967 1999 5020 tenetur
2016 4957 2154 5036 docere,
2172 4967 2205 5021 et
2221 4955 2372 5042 graviter
2388 4965 2512 5042 peccat

1036 5070 1064 5134 si
1088 5070 1209 5136 favore
1235 5070 1288 5136 vel
1313 5069 1395 5134 odio
1419 5070 1488 5134 hoc
1513 5069 1656 5134 omittat.

1125 5183 1214 5249 Cum
1239 5204 1324 5269 ergo
1341 5182 1546 5269 proponitur
1562 5183 1677 5267 aliqua
1695 5183 1853 5267 quaestio
1878 5183 1981 5248 alicui
1998 5183 2164 5269 magistro
2190 5182 2349 5261 existenti
2368 5183 2402 5249 in
2420 5194 2511 5249 statu

1036 5297 1260 5382 quaestiones
1300 5297 1530 5362 communiter
1569 5308 1602 5362 et
1641 5298 1686 5362 de
1725 5297 1880 5380 quolibet
1919 5297 2121 5382 recipiendi,
2157 5297 2186 5362 si
2226 5308 2441 5383 proponatur
2480 5297 2511 5363 ei

1037 5411 1196 5495 quaestio
1221 5411 1297 5476 talis
1321 5413 1421 5475 cuius
1438 5411 1565 5476 veritas
1590 5423 1642 5476 est
1660 5412 1875 5477 sufficienter
1891 5412 2121 5490 manifestata,
2147 5421 2181 5476 et
2208 5411 2289 5476 illud
2315 5412 2410 5496 quod
2435 5410 2512 5497 ipse

1037 5524 1128 5591 circa
1159 5527 1228 5589 boc
1253 5524 1383 5590 diceret
1408 5525 1583 5590 modicum
1609 5525 1801 5605 proliceret,
1827 5537 1861 5590 et
1891 5527 1963 5590 vult
1988 5525 2078 5590 circa
2108 5526 2174 5589 alia
2207 5525 2318 5613 magis
2354 5525 2512 5611 proficua

1036 5639 1227 5720 intendere,
1255 5639 1335 5704 licet
1360 5662 1435 5705 eam
1461 5662 1531 5703 non
1557 5639 1722 5725 recipere.
1749 5640 1784 5705 Si
1814 5651 1928 5704 autem
1950 5651 2003 5704 est
2031 5639 2136 5704 dubia
2164 5639 2290 5705 veritus
2315 5649 2348 5705 et
2372 5638 2512 5726 expedit

1125 5923 1164 5986 (l)
1178 5917 1237 5974 Cfr.
1252 5918 1359 5989 Quodl.
1373 5919 1424 5985 ΙΙΙ,
1438 5937 1465 5990 q.
1476 5921 1500 5972 7.
1513 5950 1545 5957 --
1559 5921 1598 5984 (¹2)
1614 5918 1752 5971 Fortasse
1766 5919 1796 5971 r'n
1811 5920 2043 5989 rorigregnlione
2055 5938 2137 5973 aritio
2151 5920 2235 5985 12⁸6,
2246 5938 2343 5973 iriense
2356 5918 2513 5974 Decembri

1036 6008 1167 6062 Parisiis
1184 6007 1296 6060 babila.
1320 6006 1380 6060 Cfr.
1400 6006 1510 6060 Denif
1516 6007 1546 6059 le
1567 6015 1599 6060 et
1620 6006 1819 6072 Chatelain,
1842 6007 1946 6060 Clari.
1964 6008 2051 6062 Unio.
2072 6008 2171 6062 Puris.
2191 6008 2227 6074 ll,
2246 6020 2281 6062 n0
2294 6010 2355 6074 53q
2374 6025 2402 6080 p.
2416 6011 2434 6062 8
2446 6023 2511 6082 sqq.

1036 6095 1096 6152 Cfr.
1109 6095 1193 6164 Ibin,
1207 6106 1242 6168 ,¹¹⁰
1257 6096 1319 6160 543,
1331 6113 1360 6166 p.
1375 6096 1416 6149 13.
