6700 7992
1263 1480 1459 1566 pulmon
1488 1479 1788 1564 Quoorra'nrun,
1816 1492 1853 1564 q.
1881 1482 1909 1546 u
2271 1482 2324 1545 art

848 1673 926 1743 talis
966 1688 1064 1742 actus
1097 1675 1155 1760 qui
1186 1675 1287 1741 etiam
1320 1688 1423 1740 natus
1455 1686 1507 1741 est
1546 1673 1744 1760 participari
1779 1675 1823 1738 ab
1863 1672 1938 1737 aliis
1976 1694 2048 1737 non
2095 1670 2324 1738 existentibus

848 1806 928 1858 actu
964 1793 1027 1857 sed
1058 1791 1223 1877 potentia,
1261 1802 1294 1856 et
1329 1813 1392 1876 pro
1418 1802 1514 1856 tanto
1550 1793 1594 1856 ad
1629 1791 1800 1855 rationem
1835 1789 1912 1854 talis
1945 1787 2085 1876 generis
2116 1787 2324 1872 pertinentia

847 1908 881 1972 in
906 1918 1074 1992 quantum
1102 1908 1205 1972 talem
1231 1906 1463 1971 actualitatem
1492 1905 1743 1992 participabilia
1768 1904 1947 1970 actualiter
1974 1904 2009 1969 in
2038 1925 2076 1968 se
2100 1903 2194 1989 ipsis.
2220 1903 2324 1968 Unde

846 2023 981 2089 videtur
1004 2024 1099 2107 quod
1123 2044 1193 2087 non
1219 2024 1314 2087 nullo
1340 2034 1418 2087 ente
1443 2033 1561 2087 creato
1586 2043 1657 2087 non
1693 2021 1862 2086 existente
1898 2020 1953 2085 cui
1989 2019 2128 2105 proprie
2161 2018 2325 2085 convenit

847 2160 925 2203 esse
950 2138 984 2202 in
1009 2160 1139 2225 genere
1163 2140 1293 2202 nullum
1322 2159 1436 2225 genus
1466 2138 1605 2223 proprie
1631 2136 1705 2217 fuit,
1731 2148 1764 2201 et
1788 2137 1884 2201 nulla
1907 2158 1963 2201 res
1987 2135 2156 2201 rationem
2183 2133 2324 2223 generis

846 2254 977 2335 habuit,
1009 2254 1185 2338 quianon
1211 2265 1347 2339 poterat
1371 2276 1434 2319 ens
1466 2265 1619 2319 creatum
1655 2252 1707 2317 sic
1742 2252 1848 2317 dividi
1880 2251 1914 2317 in
1950 2274 2013 2317 ens
2045 2252 2080 2316 in
2112 2263 2193 2317 actu
2224 2262 2258 2315 et
2289 2250 2324 2314 in

846 2392 909 2435 ens
945 2370 978 2434 in
1012 2369 1176 2456 potentia,
1213 2390 1291 2434 cum
1328 2369 1459 2434 nullum
1484 2390 1547 2434 ens
1582 2368 1659 2434 talis
1695 2368 1834 2455 generis
1870 2379 1963 2434 esset
1997 2378 2088 2448 actu,
2120 2368 2182 2433 sed
2208 2366 2324 2432 omnia

846 2486 880 2550 in
905 2484 1070 2570 potentia,
1096 2506 1166 2550 non
1191 2486 1331 2570 quidem
1368 2506 1429 2570 per
1454 2484 1583 2570 aliquid
1618 2485 1672 2550 sui
1704 2486 1799 2569 quod
1835 2484 1878 2550 sit
1910 2484 2038 2568 aliquid
2074 2482 2225 2571 generiS,
2261 2483 2324 2547 sed

845 2622 909 2687 per
932 2600 1091 2666 virtutem
1124 2601 1261 2689 agentis
1286 2600 1385 2685 primi
1410 2611 1505 2666 extra
1529 2622 1653 2686 genus,
1679 2601 1782 2666 Unde
1806 2612 1891 2666 tunc
1915 2599 1998 2665 nihil
2024 2611 2096 2665 erat
2119 2598 2153 2663 in
2181 2619 2323 2686 genere,

847 2716 927 2801 quia
951 2717 1045 2781 nulla
1077 2716 1215 2802 species
1249 2716 1389 2803 generis
1421 2728 1493 2782 erat
1528 2717 1563 2781 in
1598 2728 1688 2795 actu,
1726 2728 1759 2782 et
1794 2716 1844 2782 sic
1879 2716 1962 2781 nihil
1998 2727 2078 2782 actu
2112 2715 2147 2780 in
2183 2735 2323 2801 genere,
2355 2701 2359 2713 ’

845 2846 929 2898 tune
953 2831 1055 2898 etiam
1081 2832 1219 2918 species
1243 2854 1412 2920 generum
1436 2854 1508 2898 non
1533 2843 1631 2897 erant
1655 2832 1688 2897 in
1715 2832 1869 2917 potentia
1898 2832 1932 2897 in
1962 2853 2093 2919 genere
2116 2831 2206 2897 sicut
2230 2851 2325 2897 nunc

847 2960 928 3013 sunt
952 2949 1097 3032 aliquae,
1123 2948 1204 3033 qnia
1228 2949 1360 3014 scilicet
1392 2959 1510 3015 essent
1534 2947 1569 3013 in
1594 2948 1751 3033 potentia
1786 2970 1848 3035 per
1871 2949 2001 3033 aliquid
2025 2947 2079 3013 sui
2109 2948 2154 3013 ad
2190 2947 2324 3033 partici-

847 3068 1002 3151 pandum
1027 3066 1259 3131 actualitatem
1295 3063 1434 3151 generis
1459 3065 1493 3129 in
1519 3064 1676 3150 potentia
1700 3064 1889 3130 existentis.
1915 3065 2004 3130 Cum
2040 3065 2131 3131 enirn
2168 3068 2325 3151 potentia

847 3183 975 3247 habeat
999 3182 1167 3246 rationem
1194 3203 1235 3246 ex
1265 3195 1355 3260 actu,
1381 3202 1459 3246 cnm
1485 3202 1556 3244 non
1582 3192 1634 3246 est
1658 3180 1787 3265 aliquid
1812 3193 1892 3247 actu
1928 3181 2141 3267 participans
2166 3196 2323 3248 naturam

845 3298 995 3386 generis,
1021 3297 1157 3362 videtur
1181 3296 1282 3362 etiam
1308 3297 1403 3381 quod
1428 3317 1499 3360 non
1525 3296 1568 3361 sit
1602 3317 1736 3382 ponere
1770 3296 1899 3381 aliquid
1932 3299 2088 3384 potentia
2112 3299 2324 3385 participans

846 3414 936 3479 illam
971 3413 1161 3499 potentiam
1198 3412 1334 3478 realiter
1369 3414 1412 3476 ab
1449 3424 1528 3477 actu
1564 3412 1772 3492 distinctam,
1810 3424 1843 3478 et
1878 3412 1906 3478 si
1940 3414 2025 3478 nihil
2061 3414 2104 3479 sit
2137 3414 2170 3480 in
2209 3437 2323 3481 rerum

846 3542 969 3594 natura
999 3530 1092 3613 quod
1117 3529 1161 3593 sit
1189 3528 1393 3606 substantia,
1419 3549 1510 3612 quae
1534 3549 1647 3614 genus
1671 3528 1706 3593 in
1732 3540 1811 3594 actu
1842 3528 1916 3595 sive
1944 3530 1988 3595 de
2012 3551 2082 3614 quo
2105 3530 2325 3616 praedicetur

846 3645 1042 3710 substantia
1066 3666 1156 3729 quae
1181 3656 1233 3709 est
1268 3665 1382 3732 genus
1406 3646 1441 3709 in
1476 3654 1566 3724 actu,
1591 3643 1674 3708 nihil
1711 3655 1763 3710 est
1788 3644 1821 3709 in
1855 3667 1968 3710 rerum
2003 3656 2127 3710 natura
2162 3647 2256 3730 quod
2281 3646 2325 3711 sit

846 3760 1041 3826 substantia
1065 3760 1100 3825 in
1125 3760 1279 3846 potentia
1306 3760 1379 3825 sive
1404 3761 1447 3825 de
1472 3782 1542 3844 quo
1567 3760 1787 3846 praedicetur
1810 3761 2005 3826 substantia
2027 3784 2118 3846 quae
2142 3772 2195 3826 est
2210 3784 2324 3849 genus

846 3876 880 3941 in
916 3876 1082 3962 potentia.
1119 3877 1228 3941 Immo
1260 3897 1327 3941 nec
1365 3888 1418 3941 est
1453 3898 1585 3961 ponere
1617 3876 1746 3961 aliquid
1771 3878 1838 3942 tale
1863 3877 1897 3942 in
1933 3898 2046 3942 rerum
2082 3888 2205 3943 natura
2229 3879 2325 3962 quod

845 3992 896 4059 sic
929 3992 974 4057 sit
998 3992 1193 4057 substantia
1228 3992 1263 4056 in
1300 3992 1455 4078 potentia
1490 3994 1585 4076 quod
1618 4013 1690 4057 non
1725 3992 1769 4057 sit
1804 3992 1919 4077 aliqua
1955 3993 2150 4059 substantia
2173 3993 2208 4059 in
2234 4007 2324 4060 actu.

847 4108 945 4174 Sicut
969 4108 1061 4174 enim
1086 4109 1199 4173 album
1226 4108 1260 4173 in
1284 4108 1441 4194 potentia
1466 4119 1518 4173 est
1541 4108 1680 4195 nigrum
1705 4107 1738 4172 in
1764 4119 1854 4188 actu,
1886 4108 1933 4173 ita
1957 4108 2076 4173 asinus
2110 4109 2146 4173 in
2171 4109 2326 4195 potentia

847 4235 901 4290 est
924 4224 1041 4309 aliqua
1064 4224 1131 4289 alia
1161 4235 1285 4289 natura
1315 4224 1349 4289 in
1378 4235 1469 4304 actu,
1501 4237 1535 4289 et
1567 4224 1618 4290 sic
1653 4245 1733 4290 curn
1768 4225 1863 4289 nulla
1898 4224 1961 4289 fuit
1992 4237 2115 4290 natura
2150 4237 2265 4292 creata
2289 4226 2324 4291 in

847 4352 928 4405 actu
952 4351 990 4405 ut
1020 4340 1166 4420 videtur,
1202 4342 1296 4405 nulla
1331 4351 1454 4405 natura
1489 4340 1552 4405 suit
1586 4340 1622 4405 in
1657 4340 1814 4425 potentia
1849 4351 1882 4406 et
1918 4362 1980 4425 per
2011 4362 2234 4426 consequens
2258 4363 2325 4408 nec

847 4456 976 4540 aliquid
1000 4456 1036 4521 in
1060 4477 1190 4544 genere
1215 4456 1250 4521 in
1274 4455 1439 4541 potentia.

936 4573 1093 4638 Necesse
1111 4583 1164 4637 est
1177 4593 1262 4659 ergo
1275 4572 1307 4636 vi
1330 4574 1333 4656 l
1355 4573 1437 4637 dere
1454 4573 1632 4657 quomodo
1650 4572 1780 4656 aliquid
1795 4571 2029 4639 diversimode
2044 4573 2143 4639 estin
2157 4573 2324 4660 potentia,
2347 4642 2360 4697 f
2380 4571 2516 4697 {qd-‘Vm

847 4698 881 4753 et
905 4689 1100 4753 secundum
1124 4689 1194 4754 hoc
1217 4687 1451 4753 diversimode
1475 4688 1511 4752 in
1544 4709 1685 4774 genere.
1711 4688 1903 4754 Sciendum
1939 4700 1992 4754 est
2024 4688 2128 4777 igitur
2152 4691 2247 4773 quod
2272 4701 2325 4755 est
2360 4647 2464 4698 0.282

846 4804 934 4869 ordo
958 4803 993 4869 in
1022 4803 1160 4869 entibus
1190 4804 1225 4868 in
1259 4804 1415 4888 potentia
1439 4825 1529 4888 quae
1565 4826 1608 4869 ex
1642 4805 1712 4869 hoc
1737 4804 1832 4888 quod
1868 4816 1949 4869 sunt
1984 4804 2077 4869 entia
2101 4805 2137 4869 in
2169 4805 2325 4890 potentia

846 4930 927 4984 sunt
951 4918 1053 4985 etiam
1079 4919 1114 4984 in
1138 4941 1269 5007 genere
1294 4920 1393 5013 dicto*
1412 4921 1518 4985 modo
1543 4920 1577 4984 in
1613 4919 1779 5005 potentia.
1804 4921 1893 4984 Nam
1929 4921 2112 5004 quaedam,
2137 4942 2216 4987 curn
2253 4943 2336 4987 non*

845 5036 977 5101 habent
1002 5056 1082 5101 esse
1107 5036 1311 5101 existentiae
1337 5058 1402 5102 nec
1430 5036 1605 5101 essentiae
1629 5035 1732 5101 etiam
1766 5058 1809 5102 ex
1840 5036 2069 5122 consequenti
2100 5037 2134 5102 in
2166 5059 2205 5102 se
2229 5037 2325 5123 ipsis,

845 5152 976 5217 habent
1000 5173 1079 5217 esse
1103 5152 1277 5217 essentiae
1302 5163 1335 5217 et
1359 5151 1563 5217 existentiae
1587 5152 1621 5216 in
1647 5152 1720 5217 suis
1745 5151 1861 5218 causis
1884 5152 1939 5218 vel
1971 5152 2149 5238 principiis
2185 5153 2326 5220 diversi-

846 5268 961 5333 mode.
986 5267 1090 5332 Entia
1126 5268 1216 5333 enim
1253 5289 1335 5333 vera
1370 5278 1404 5333 et
1435 5289 1507 5333 non
1544 5268 1713 5333 diminuta
1749 5290 1839 5353 quae
1874 5268 2036 5334 dicuntur
2060 5289 2139 5334 esse
2163 5290 2244 5334 vere.
2268 5291 2324 5335 res

847 5382 1194 5469 praedicamentaleS,
1212 5385 1424 5469 quandoque
1448 5385 1581 5448 habent
1604 5405 1684 5450 esse
1708 5383 1743 5448 in
1768 5406 1807 5450 se
1835 5384 1920 5470 ipsis
1944 5384 2134 5450 formaliter
2157 5396 2259 5471 prout
2284 5407 2325 5451 ex

846 5497 919 5563 suis
952 5496 1132 5583 principiis
1164 5498 1209 5561 ad
1241 5519 1360 5563 eorum
1397 5498 1585 5563 essentiam
1620 5497 1876 5583 pertinentibus
1912 5498 2092 5565 actualiter
2126 5499 2324 5565 coniunctis

845 5622 927 5678 sunt
950 5613 986 5678 in
1010 5635 1089 5679 esse
1114 5612 1287 5679 essentiae
1312 5625 1346 5678 et
1370 5612 1574 5680 existentiae
1597 5612 1793 5679 constituta.
1818 5614 2042 5699 Quandoque
2067 5615 2170 5680 etiam
2195 5618 2326 5681 habent

846 5750 926 5795 esse
950 5740 1045 5795 extra
1080 5750 1152 5794 non
1184 5728 1220 5793 in
1252 5750 1290 5795 se
1327 5728 1413 5814 ipsis
1444 5728 1641 5809 formaliter,
1666 5730 1730 5795 sed
1754 5729 1789 5794 in
1825 5730 1897 5795 suis
1921 5730 2100 5817 principiis
2127 5731 2324 5812 virtualiter,

846 5845 894 5910 ita
929 5846 1025 5930 quod
1060 5846 1175 5929 aliqua
1211 5844 1382 5931 principia
1418 5844 1617 5911 essentialia
1652 5844 1726 5910 sive
1762 5846 1807 5910 ad
1845 5867 1965 5912 eorum
2001 5847 2188 5913 essentiam
2224 5848 2325 5933 perti·

844 5960 964 6028 nentia
988 5974 1023 6028 et
1057 5961 1169 6048 ipsam
1206 5960 1437 6049 ingredientia
1468 5961 1535 6026 iam
1570 5960 1722 6027 existunt
1750 5961 1784 6026 in
1818 5983 1932 6028 rerum
1967 5973 2100 6045 natura,
2135 5977 2172 6029 ut
2204 5985 2324 6030 eorum

2217 6108 2251 6162 31
