6700 7992
1226 1465 1422 1536 Quamuis
1451 1464 1752 1536 Quuomaeruu,
1780 1464 1817 1536 Q.
1845 1465 1886 1519 xi
1969 1424 1973 1432 ’
2242 1465 2294 1518 aar

808 1642 1007 1716 supponitur;
1035 1642 1129 1697 maior
1159 1643 1302 1714 probatur
1316 1644 1334 1710 ¹,
1362 1642 1430 1715 quia
1459 1641 1542 1714 quod
1570 1641 1667 1697 illud¹
1697 1641 1777 1714 quod
1811 1641 1897 1697 datur
1930 1659 1984 1714 pro
2018 1641 2140 1697 servitio
2153 1643 2173 1709 ¹,
2209 1640 2295 1696 detur

813 1757 872 1796 uon
901 1741 1017 1813 potenti
1044 1740 1165 1808 servire,
1196 1748 1242 1796 est
1268 1740 1377 1795 malum
1405 1739 1568 1795 secundum
1598 1757 1640 1795 se.
1673 1739 1735 1795 Sed
1766 1739 1912 1796 beneficia
1943 1739 2054 1795 debent
2075 1738 2144 1795 dari
2172 1745 2295 1812 propter

812 1839 942 1893 servitia.
970 1838 1050 1910 Ergo
1068 1838 1177 1892 malum
1196 1846 1242 1893 est
1260 1837 1421 1898 secundum
1440 1840 1498 1892 se¹
1526 1854 1562 1892 ea
1580 1836 1652 1892 dare
1670 1854 1730 1891 non
1757 1837 1872 1908 potenti
1899 1836 2019 1892 servire.
2038 1837 2100 1892 Sed
2127 1836 2205 1892 idem
2233 1853 2293 1892 non

812 1944 914 2008 potest
930 1935 1084 1991 deservire
1099 1936 1184 2007 plura
1202 1935 1356 1990 beneficia.
1377 1936 1455 2007 Ergo
1475 1943 1505 1989 et
1523 1943 1631 1990 cetera.

901 2033 1020 2089 Contra.
1040 2032 1129 2104 Quod
1148 2041 1194 2088 est
1212 2033 1272 2088 tale
1290 2033 1452 2088 secundum
1471 2050 1513 2098 se,
1532 2033 1595 2087 eius
1614 2031 1785 2105 oppositum
1803 2051 1863 2088 non
1882 2041 1981 2105 potest
1999 2033 2027 2088 ei
2041 2032 2292 2106 qualitercumque

812 2130 979 2186 convenire.
1007 2132 1087 2203 Ergo
1106 2131 1133 2185 ei
1153 2130 1233 2203 quod
1251 2139 1297 2185 est
1325 2131 1433 2185 malum
1452 2130 1615 2186 secundum
1637 2147 1671 2185 se
1690 2148 1748 2185 non
1767 2138 1867 2202 potest
1894 2149 1947 2204 per
1972 2130 2224 2204 dispensationem
2244 2130 2293 2186 vel

811 2228 937 2300 qualiter
956 2229 1064 2284 aliter¹
1083 2229 1242 2283 convenire
1261 2229 1341 2301 quod
1360 2228 1398 2283 sit
1416 2224 1525 2283 bo'num
1544 2236 1574 2283 et
1592 2227 1713 2283 licitum.

899 2327 1078 2398 Respondeo
1097 2326 1255 2382 dicendum
1283 2329 1364 2398 quod
1382 2325 1561 2399 tripliciter¹
1589 2326 1734 2399 contingit
1762 2326 1873 2398 aliquid
1891 2343 1958 2406 esse
1977 2328 2095 2382 malum.
2114 2329 2182 2383 Uno
2201 2327 2291 2381 modo

810 2424 891 2497 quod
921 2425 1082 2479 secundum
1110 2442 1142 2478 se
1170 2425 1214 2479 sic
1241 2424 1397 2479 includat¹
1424 2425 1532 2478 malurn
1551 2432 1582 2479 et
1603 2423 1702 2479 illud⁸
1729 2424 1809 2495 quod
1838 2424 1989 2479 discordat
2017 2443 2034 2479 a
2061 2433 2143 2480 recta
2168 2426 2291 2494 ratione,

810 2521 915 2594 quod⁸
941 2522 971 2576 in
989 2522 1070 2578 nullo
1089 2540 1160 2578 casu
1179 2522 1274 2594 possit
1292 2539 1359 2576 esse
1378 2523 1497 2576 bonum.
1526 2523 1562 2576 Et
1581 2521 1651 2576 talia
1670 2530 1738 2577 sunt
1761 2521 1811 2576 illa
1831 2540 1908 2594 quae
1932 2530 2012 2605 sunt·
2027 2523 2121 2595 prima
2145 2523 2291 2596 principia

808 2621 857 2675 vel
885 2621 980 2692 prima
1003 2620 1147 2692 principia
1173 2619 1243 2675 iuris
1258 2622 1279 2653 ¹⁰
1296 2619 1446 2687 naturalis,
1464 2619 1541 2674 sicut
1560 2619 1609 2674 illa
1639 2620 1677 2674 de
1697 2619 1802 2692 quibus
1820 2628 1889 2675 sunt
1906 2629 2067 2693 praecepta
2086 2621 2163 2675 sicut
2181 2621 2290 2677 furtum

809 2726 839 2773 et
854 2721 874 2752 ¹¹
902 2718 1092 2774 homicidium
1115 2726 1145 2773 et
1171 2717 1336 2773 consimilia
1352 2720 1380 2784 ¹¹,
1408 2726 1438 2772 et
1466 2718 1495 2771 in
1523 2717 1588 2772 istis
1615 2735 1674 2772 non
1703 2717 1783 2772 cadit
1810 2717 1909 2788 aliqua
1937 2718 2120 2789 dispensatio
2149 2728 2289 2789 quantum

809 2815 847 2871 ad
866 2815 998 2871 ordinem
1018 2816 1146 2870 iustitiae
1166 2832 1252 2886 quem
1269 2817 1289 2848 ¹⁸
1317 2817 1485 2887 important.
1514 2815 1600 2871 Unde
1631 2832 1780 2886 nunquam
1808 2833 1860 2888 per
1887 2815 2015 2886 aliquam
2038 2816 2289 2888 dispensationem

808 2913 917 2969 furtum
936 2930 1058 2969 manens
1077 2913 1183 2968 furtum
1212 2915 1260 2968 vel
1279 2912 1469 2968 homicidium
1488 2930 1610 2968 manens
1637 2912 1828 2968 homicidium
1856 2921 1901 2967 est
1928 2913 2049 2968 licitum.
2069 2914 2130 2969 Sed
2148 2923 2289 2986 quantum

809 3012 847 3067 ad
866 3012 1140 3067 determinationem
1159 3012 1239 3066 circa
1255 3014 1273 3044 ¹⁴
1293 3028 1381 3066 casus
1400 3010 1555 3082 speciales,
1566 3028 1624 3082 qua
1643 3010 1757 3066 scilicet
1770 3011 2015 3066 determinatione
2028 3011 2258 3068 determinentur
2269 3015 2291 3046 ¹⁵

711 3145 715 3152 -
807 3127 895 3165 casus
925 3110 1072 3182 speciales
1102 3127 1169 3164 esse
1201 3109 1250 3164 vel
1280 3127 1339 3164 non
1370 3126 1436 3164 esse
1467 3108 1585 3177 lurtum,
1616 3126 1683 3163 esse
1714 3109 1762 3162 vel
1792 3125 1852 3162 non
1883 3125 1950 3163 esse
1981 3108 2206 3165 fornicationem
2240 3111 2289 3166 vel

807 3207 992 3275 adulterium,
1011 3218 1041 3262 et
1068 3207 1112 3262 sic
1140 3208 1176 3262 de
1205 3207 1279 3274 aliis,
1307 3214 1374 3261 sunt
1402 3205 1472 3261 talia
1497 3206 1658 3274 mutabilia,
1685 3206 1863 3277 quandoque
1886 3207 1950 3261 sola
1979 3207 2155 3262 auctoritate
2181 3208 2289 3275 divina,

806 3314 838 3360 ut
857 3306 966 3361 hahere
985 3305 1059 3360 duas
1077 3323 1184 3360 uxores
1203 3306 1244 3359 ita
1263 3305 1343 3375 quod
1362 3304 1462 3359 habita
1482 3303 1576 3376 prima
1594 3303 1728 3376 recipere
1744 3306 1765 3337 ¹¹
1783 3304 1943 3359 secundam
1963 3322 2023 3359 non
2047 3305 2085 3359 sit
2104 3305 2289 3361 adulterium.
2347 3320 2446 3374 ms

806 3403 993 3475 Quandoque
1020 3421 1094 3458 vero
1120 3406 1125 3473 Ι
1149 3403 1205 3458 hoc
1233 3403 1267 3457 lit
1294 3410 1404 3457 statuto
1432 3389 1560 3457 humano
1588 3411 1629 3469 ut,
1656 3401 1682 3456 si
1709 3403 1849 3474 princeps
1878 3403 2034 3474 prohibeat
2059 3403 2170 3475 aliquid
2185 3406 2206 3445 ¹¹
2233 3406 2289 3459 sub
2319 3388 2472 3445 f⁰¹··⁷¹⁰v⁸

806 3518 903 3573 poena
923 3501 1037 3581 capitiS,
1057 3509 1124 3555 ante
1143 3509 1284 3556 statutum
1304 3501 1334 3554 in
1361 3500 1514 3573 praedicto
1540 3516 1612 3554 casu
1630 3499 1797 3554 interficere
1825 3499 1931 3554 luisset
1958 3500 2148 3581 homicidium
2163 3503 2193 3567 ¹⁸,
2220 3512 2290 3574 post

806 3606 948 3653 statutum
968 3607 1013 3654 est
1031 3599 1183 3654 exsecutio
1203 3598 1332 3653 iustitiae
1356 3606 1386 3653 et
1408 3616 1468 3653 non
1496 3597 1698 3666 homicidium,
1717 3605 1747 3652 et
1775 3597 1818 3652 sic
1846 3597 1884 3653 de
1912 3598 2088 3670 quibusdam
2112 3600 2185 3654 aliis
2204 3601 2289 3655 Talia

807 3714 883 3769 quae
908 3705 975 3751 sunt
994 3698 1037 3751 sic
1052 3699 1073 3729 ¹¹
1100 3697 1262 3751 secundum
1290 3714 1323 3750 se
1351 3697 1428 3750 mala
1453 3696 1530 3750 sicut
1555 3695 1664 3750 lurtum
1693 3713 1815 3751 manens
1843 3695 1954 3750 furtum
1981 3706 2013 3751 et
2040 3697 2230 3752 homicidium
2257 3707 2290 3753 et

806 3795 970 3850 consimilia
984 3796 1015 3862 ¹⁰,
1033 3796 1113 3849 nullo
1133 3794 1222 3849 modo
1241 3802 1366 3866 possunt
1384 3793 1448 3849 fieri
1467 3794 1548 3848 licita
1566 3811 1620 3866 per
1640 3811 1856 3864 quamcumque
1876 3794 2137 3865 dispensationem.

894 3893 962 3947 Alia
981 3902 1049 3947 sunt
1067 3892 1229 3947 secundum
1248 3909 1281 3947 se
1299 3893 1378 3946 mala
1404 3894 1407 3962 l
1433 3908 1510 3962 quae
1530 3909 1565 3946 ex
1586 3892 1650 3946 istis
1678 3891 1863 3946 deducuntur
1881 3892 1966 3963 quasi
1991 3893 2206 3960 conclusiones,
2229 3913 2290 3948 non
2310 3856 2482 3982 foffispffi

806 3991 924 4064 quidem
945 3991 982 4046 de
1006 3991 1184 4045 necessitate
1203 4000 1234 4044 et
1252 4007 1379 4062 semper,
1398 3990 1451 4045 sed
1471 3998 1502 4044 ut
1520 3989 1550 4043 in
1579 3990 1721 4061 pluribus,
1739 3989 1781 4044 ita
1809 3989 1889 4061 quod
1915 3998 1948 4044 ut
1965 3990 1995 4044 in
2022 3991 2155 4062 pluribus
2178 3992 2291 4047 discor·

804 4089 877 4143 dant
902 4107 920 4142 a
944 4097 1026 4143 recta
1053 4088 1176 4155 ratione,
1204 4088 1383 4159 quandoque
1402 4095 1501 4142 autem
1529 4097 1559 4142 et
1578 4087 1607 4141 in
1626 4105 1698 4143 casu
1716 4087 1887 4159 expediunt,
1906 4096 1936 4142 et
1964 4088 2104 4160 opposita
2131 4107 2233 4144 eorum
2258 4092 2289 4144 in

805 4187 885 4242 dicto
905 4203 976 4241 casu
996 4194 1094 4241 essent
1114 4185 1191 4239 mala
1209 4185 1258 4240 vel
1286 4185 1381 4239 minus
1409 4186 1496 4239 bona.
1525 4187 1562 4240 Et
1580 4185 1659 4239 'talia
1687 4194 1755 4239 sunt
1783 4186 1868 4256 quasi
1895 4185 2159 4242 determinationes
2186 4206 2288 4243 eorum

805 4302 882 4357 quae
900 4284 1048 4357 pertinent
1067 4284 1105 4338 ad
1133 4280 1230 4355 prima
1247 4283 1392 4355 principia
1411 4284 1481 4337 iuris
1500 4283 1642 4337 naturalis
1666 4301 1742 4354 quae
1763 4283 1832 4356 quia
1850 4285 2003 4338 mutabilia
2030 4294 2107 4351 sunt,
2125 4296 2158 4339 ut
2176 4286 2288 4341 dictum

805 4391 859 4449 est,
879 4390 1050 4454 comparata
1069 4381 1158 4436 certis
1186 4381 1320 4453 personis
1338 4382 1386 4435 vel
1406 4380 1590 4452 temporibus
1609 4382 1656 4435 vel
1677 4381 1751 4435 locis
1764 4382 1786 4414 ¹¹
1808 4399 1868 4436 non
1890 4382 2061 4454 expediunt
2085 4383 2121 4436 Et
2140 4385 2210 4454 quia
2227 4402 2287 4438 non

804 4480 961 4535 cuiuslibet
981 4480 1120 4551 potestati
1136 4480 1158 4511 ¹⁸
1179 4479 1282 4533 subest
1304 4478 1501 4533 determinare
1529 4478 1647 4549 quando
1676 4479 1732 4534 ista
1760 4487 1828 4534 sunt
1853 4480 1932 4534 mala
1950 4488 1981 4534 et
2008 4481 2128 4553 quando
2146 4499 2215 4539 non.
2234 4481 2288 4536 sed

803 4579 910 4633 rectori
929 4577 1132 4642 multitudinis,
1151 4577 1221 4630 talia
1248 4594 1308 4631 non
1326 4584 1395 4630 sunt
1413 4575 1494 4630 licita
1512 4576 1569 4630 nisi
1597 4594 1651 4648 per
1671 4576 1924 4648 dispensationem
1948 4577 2109 4650 superioris
2128 4580 2178 4650 qui
2197 4580 2288 4634 habet

805 4677 1001 4731 determinare
1020 4676 1049 4729 in
1069 4676 1175 4745 quibus
1194 4675 1312 4729 casibus
1340 4673 1510 4745 expediunt.
1529 4674 1619 4728 Verbi
1647 4673 1744 4746 gratia
1772 4674 1871 4729 lacere
1899 4675 2090 4731 residentiam
2109 4678 2139 4731 in
2158 4678 2287 4732 ecan

803 4774 886 4827 cuius
906 4772 1011 4842 aliquis
1038 4771 1129 4824 habet
1156 4788 1265 4838 curam,
1293 4768 1488 4823 communiter
1514 4777 1560 4824 est
1587 4769 1697 4823 bonum
1726 4770 1888 4825 secundum
1916 4789 1958 4839 se,
1986 4780 2017 4826 et
2044 4773 2215 4845 oppositum
2240 4784 2286 4828 est

803 4870 911 4924 malum
930 4867 1091 4924 secundum
1111 4885 1153 4936 se,
1175 4867 1289 4922 scilicet
1306 4885 1366 4921 non
1391 4866 1539 4934 residere3
1561 4875 1660 4921 tamen
1688 4866 1718 4920 in
1746 4884 1818 4922 casu
1845 4886 1905 4923 non
1932 4869 2064 4924 residere
2092 4881 2195 4942 posset
2218 4889 2285 4928 esse

803 4969 912 5022 bonum
946 4966 994 5020 vel
1029 4974 1151 5039 propter
1181 4982 1366 5020 communem
1398 4964 1553 5019 utilitatem
1584 4964 1740 5031 ecclesiae,
1771 4966 1818 5019 vel
1856 4975 1980 5039 propter
2010 4968 2121 5040 proprii
2152 4971 2286 5042 corporis

795 5057 927 5120 salutem
946 5064 995 5118 vel
1014 5063 1125 5135 aliquid
1144 5063 1212 5118 tale.

892 5162 1057 5217 Dicendum
1086 5179 1157 5233 ergo
1177 5159 1257 5233 quod
1284 5160 1356 5215 illud
1383 5159 1463 5233 quod
1491 5167 1536 5214 est
1564 5160 1621 5215 isto
1649 5160 1781 5216 secundo
1810 5163 1901 5218 modo
1929 5164 2038 5219 malum
2063 5164 2226 5220 secundum
2251 5184 2285 5221 se

893 5448 901 5478 ¹
924 5447 1018 5500 maior
1035 5445 1187 5518 probatur]
1207 5453 1237 5500 et
1255 5444 1397 5517 probatur
1415 5445 1509 5499 maior
1528 5444 1561 5521 C.
1581 5476 1615 5485 -
1635 5445 1646 5476 ⁸
1667 5444 1748 5516 quod
1766 5443 1848 5514 illud]
1868 5444 1899 5500 id
1918 5446 1952 5502 C.
1972 5479 2005 5488 —
2025 5449 2041 5482 ⁸
2060 5449 2087 5502 si
2104 5450 2175 5504 odd.
2195 5449 2229 5505 C.
2249 5483 2283 5490 —

802 5536 812 5567 ¹
834 5534 942 5588 malum
963 5565 995 5573 -
1015 5535 1057 5602 se]
1082 5533 1243 5587 secundum
1262 5549 1295 5586 se
1317 5532 1425 5586 malum
1447 5541 1493 5586 est
1512 5532 1545 5588 C.
1570 5564 1604 5572 —
1623 5534 1634 5564 ⁸
1655 5532 1782 5604 qualiter
1803 5531 1897 5602 aliter]
1921 5533 2176 5607 qualitercumque
2195 5537 2228 5591 C.
2248 5568 2283 5577 -

802 5621 1020 5675 ¹¹communiter
1039 5620 1092 5674 SP.
1112 5651 1145 5660 —
1167 5622 1176 5652 ¹
1195 5619 1318 5674 includit
1337 5619 1371 5675 C.
1390 5651 1424 5660 —
1444 5621 1455 5652 ⁸
1472 5618 1503 5673 id
1522 5619 1556 5675 C.
1576 5651 1609 5660 -
1628 5620 1640 5652 ⁸
1658 5627 1689 5674 et
1707 5618 1741 5674 C.
1761 5650 1795 5659 —
1816 5620 1838 5651 ¹⁰
1856 5638 1916 5673 ras.
1937 5620 1977 5688 S;
1995 5619 2067 5676 iuris
2085 5636 2121 5676 2⁰
2139 5641 2179 5678 m.
2198 5623 2228 5679 S.
2248 5655 2282 5672 -,

804 5710 823 5741 ¹¹
838 5726 893 5762 om.
907 5707 940 5763 C.
955 5739 988 5748 —
1004 5707 1025 5740 ¹¹
1037 5707 1144 5762 similia
1158 5707 1191 5763 C.
1204 5738 1239 5747 —
1254 5707 1276 5740 ¹⁸
1288 5723 1375 5778 quam
1395 5707 1429 5762 C.
1449 5738 1482 5747 -
1498 5709 1518 5740 ¹⁸
1531 5707 1645 5762 scilicet
1657 5705 1691 5762 C.
1705 5737 1738 5748 -
1760 5708 1781 5739 ¹¹
1793 5705 2026 5763 determinantur
2044 5708 2078 5764 C.
2098 5741 2132 5750 -
2154 5711 2176 5743 ¹⁸
2187 5711 2282 5783 possit

801 5795 911 5850 habere
931 5794 963 5850 C.
984 5826 1017 5835 —
1039 5796 1060 5827 ¹¹
1072 5793 1227 5866 prohibeat
1247 5793 1368 5866 aliquid]
1388 5792 1499 5866 aliquid
1517 5793 1674 5866 prohibeat
1693 5793 1724 5849 P.
1738 5825 1771 5833 -
1792 5795 1814 5826 ¹⁸
1831 5793 1885 5849 sed
1904 5794 1973 5851 add.
1993 5794 2027 5850 C.
2046 5827 2080 5836 —
2101 5797 2208 5853 ¹⁸-su‘nt
2226 5798 2280 5868 sic]

801 5883 845 5937 sic
857 5891 925 5937 sunt
939 5882 973 5938 C.
987 5913 1020 5923 -
1034 5882 1057 5915 ¹⁰
1069 5882 1113 5937 sic
1127 5882 1165 5937 de
1178 5881 1354 5954 quibusdam
1367 5881 1432 5937 aliis
1446 5880 1480 5937 C.
1494 5913 1528 5923 -
1542 5882 1564 5915 ¹¹
1577 5880 1760 5954 temporibus
1776 5911 1809 5922 -
1821 5880 1905 5952 locis]
1918 5881 1994 5938 locis
2006 5891 2037 5938 et
2049 5883 2233 5956 temporibus
2246 5885 2280 5942 C.

801 6000 836 6009 -
855 5970 878 6002 ⁸¹
890 5969 1047 6025 cuiuslibet
1063 5971 1216 6042 potestati]
1235 5968 1357 6025 cuilibet
1368 5968 1485 6041 peccati
1504 5968 1538 6026 C.

2115 6069 2173 6124 ω.
