6700 7992
1035 1438 1070 1504 4'0
1400 1436 1591 1507 nnotsrm
1620 1451 1840 1506 conemini
1869 1452 1920 1505 ne
1949 1451 2146 1507 eominus

1035 1642 1171 1709 octav0,
1201 1630 1289 1695 intra
1313 1630 1506 1697 Ecclesiam
1540 1642 1733 1716 potestates
1761 1630 1981 1698 necessariae
2006 1651 2077 1695 non
2107 1641 2225 1696 essent
2253 1630 2319 1697 nisi
2347 1644 2385 1699 ut
2416 1627 2510 1717 quod

1018 1768 1108 1812 non
1140 1747 1316 1832 praevalet
1346 1747 1513 1812 sacerdos
1545 1747 1683 1813 efficere
1718 1769 1781 1833 per
1804 1747 1984 1813 doctrinae
2013 1768 2221 1827 sermonem,
2254 1758 2410 1833 potestas
2441 1750 2511 1815 hoc

1035 1863 1176 1948 impleat
1207 1884 1269 1948 per
1299 1861 1506 1948 disciplinae
1536 1873 1712 1929 terrorem.
1745 1863 1834 1928 Cum
1867 1884 1952 1950 ergo
1984 1861 2143 1929 Ecclesia
2178 1884 2249 1928 non
2284 1865 2414 1930 habeat
2444 1863 2511 1930 nisi

1035 1979 1152 2045 claves
1183 1978 1310 2063 quibus
1338 1989 1454 2064 potest
1480 1977 1639 2044 subditos
1664 1978 1788 2065 punire
1812 1977 2042 2064 spiritualiter,
2071 1978 2167 2063 ipsos
2196 2001 2216 2043 a
2243 1979 2510 2066 participatione

1034 2105 1330 2160 sacramentorum
1348 2105 1382 2159 et
1397 2093 1597 2159 huiusmodi
1617 2095 1791 2160 bonorum
1809 2093 1989 2160 Ecclesiae
2007 2094 2238 2175 excludend0,
2256 2105 2290 2159 et
2311 2094 2509 2161 huiusmodi

1035 2209 1170 2296 punitio
1202 2209 1389 2294 aliquando
1421 2231 1492 2274 non
1525 2209 1651 2275 sufficit
1682 2221 1752 2274 tam
1784 2210 1828 2274 ad
1863 2209 2041 2275 utilitatem
2073 2209 2242 2294 puniendi
2271 2232 2373 2295 quam
2407 2210 2510 2277 etiam

1036 2324 1302 2405 communitatis,
1341 2325 1375 2390 in
1414 2327 1484 2392 hoc
1522 2326 1628 2391 debet
1667 2325 1856 2391 saecularis
1895 2335 2052 2411 potestas
2092 2325 2272 2391 Ecclesiae
2314 2326 2509 2392 subvenire.

1036 2442 1156 2525 Quare
1177 2441 1186 2476 ¹
1210 2452 1245 2507 et
1268 2452 1394 2506 cetera.

1124 2557 1163 2622 In
1187 2556 1395 2622 contrarium
1420 2555 1557 2621 videtur
1581 2577 1660 2621 esse
1684 2555 1878 2622 communis
1903 2556 2124 2621 consuetudo
2144 2556 2164 2621 ².

1125 2672 1338 2758 Respondeo
1369 2671 1557 2737 dicendum
1586 2672 1693 2755 quod,
1723 2670 1804 2754 quia
1837 2671 2031 2760 secundum
2063 2673 2272 2757 Apostolum
2290 2674 2336 2754 (l)
2370 2694 2459 2757 quae
2491 2693 2510 2736 a

1035 2789 1113 2854 Deo
1145 2799 1226 2852 sunt
1253 2788 1410 2853 ordinata
1444 2798 1535 2866 sunt,
1567 2798 1601 2851 et
1634 2786 1748 2853 omnis
1777 2798 1932 2872 potestas
1957 2809 1977 2852 a
2001 2789 2078 2853 Deo
2107 2798 2169 2866 est,
2199 2799 2233 2853 et
2260 2787 2319 2871 qui
2346 2786 2511 2873 potestati

1035 2903 1162 2970 resistit
1186 2903 1395 2969 ordinationi
1419 2902 1486 2969 Dei
1513 2902 1650 2968 resistit.
1674 2903 1754 2968 Una
1783 2914 1897 2969 autem
1925 2924 1997 2968 non
2026 2914 2119 2968 esset
2142 2903 2300 2969 Ecclesia
2329 2902 2395 2967 nisi
2419 2913 2512 2968 esset

1036 3019 1196 3084 ordinata
1227 3018 1275 3084 ita
1303 3019 1397 3103 quod
1426 3019 1461 3083 in
1485 3040 1527 3084 ea
1555 3030 1648 3084 esset
1676 3041 1746 3083 una
1783 3030 1940 3104 potestas
1977 3040 2141 3103 suprema
2180 3020 2245 3084 sub
2284 3040 2354 3103 qua
2388 3039 2511 3084 omnes

1036 3134 1124 3200 aliae
1170 3145 1288 3200 essent
1327 3134 1399 3199 suis
1444 3135 1612 3221 gradibus
1648 3134 1839 3199 ordinatae.
1882 3134 1982 3199 Haec
2021 3148 2137 3200 autem
2180 3144 2233 3199 est
2272 3133 2512 3200 ecclesiastica

1036 3260 1193 3336 potestas
1224 3250 1260 3315 in
1287 3272 1355 3334 qua
1388 3261 1439 3314 est
1475 3273 1582 3315 unum
1618 3271 1790 3315 summum
1827 3261 1932 3335 caput
1963 3249 2207 3337 (nonagesima
2243 3262 2341 3316 sexta
2373 3249 2512 3316 distinc-

1035 3366 1141 3447 tione,
1159 3367 1253 3449 Duo)
1267 3369 1324 3451 (2).
1348 3366 1431 3430 Ideo
1448 3365 1610 3431 omnibus
1632 3365 1708 3430 aliis
1725 3365 1955 3451 potestatibus
1976 3378 2141 3450 tanquam
2159 3365 2379 3432 inferioribus
2397 3376 2513 3451 potest

1035 3482 1238 3568 praecipere
1262 3492 1296 3546 et
1320 3481 1408 3546 aliae
1431 3491 1593 3546 tenentur
1617 3481 1648 3546 ei
1676 3479 1853 3546 oboedire.
1880 3480 1980 3546 Aliae
2013 3492 2140 3560 autem,
2166 3501 2245 3546 cum
2269 3479 2429 3568 indigent
2457 3481 2513 3545 illa

1035 3609 1219 3684 potestate,
1249 3618 1319 3663 non
1347 3598 1479 3662 habent
1506 3597 1538 3663 ei
1566 3596 1736 3682 imperare
1764 3596 1828 3662 sed
1856 3596 2054 3681 supplicare
2084 3597 2215 3662 debent
2233 3595 2254 3675 ³,
2283 3618 2368 3684 ergo
2392 3607 2512 3662 mutuo

1036 3735 1075 3780 se
1102 3713 1220 3779 iuvare
1252 3712 1495 3801 (nonagesima
1526 3723 1623 3777 sexta
1655 3711 1890 3792 distinctione,
1915 3711 2035 3777 Cum⁴
2059 3712 2103 3776 ad
2135 3711 2258 3792 virum)
2277 3716 2334 3797 (3).
2366 3711 2409 3776 Et
2432 3711 2512 3778 ideo

1036 3828 1225 3895 dicendum
1250 3829 1345 3913 quod
1369 3827 1474 3894 iudex
1498 3827 1686 3893 saecularis
1717 3837 1855 3893 tenetur
1882 3837 1917 3893 et
1943 3839 2068 3908 cetera,
2087 3838 2121 3893 et
2148 3849 2210 3913 per
2240 3827 2512 3893 ecclesiasticam

1036 3955 1243 4031 potestatem
1269 3955 1387 4030 potest
1411 3944 1454 4008 ad
1480 3944 1549 4009 hoc
1580 3942 1742 4029 compelli
1771 3941 1982 4029 (vigesimo¹⁵
2008 3942 2117 4022 tertia,
2146 3943 2352 4026 quaestione
2380 3942 2511 4028 quinta,

1037 4060 1217 4146 Principes
1242 4071 1276 4125 et
1299 4059 1451 4145 capitulo
1476 4058 1785 4124 Administratores
1810 4068 1844 4123 et
1867 4057 1972 4123 Extra
1996 4058 2040 4124 de
2069 4058 2184 4123 officio
2214 4057 2389 4139 ordinarii,
2421 4057 2512 4143 capi·

1037 4178 1109 4241 tulo
1131 4175 1255 4261 primo)
1273 4178 1331 4260 (4).

1583 4558 1825 4642 Quaestio
1850 4557 1968 4624 xvm.

1046 4775 1190 4852 Utrum
1209 4774 1476 4874 exceptionem
1496 4781 1619 4873 super
1637 4773 1790 4848 maiore
1809 4773 2222 4850 excommunicatione
2241 4801 2267 4848 a
2286 4800 2352 4849 reo
2372 4780 2513 4850 contra

1143 4914 1317 4984 actorem
1331 4907 1583 5008 propositam
1602 4907 1812 4982 admitte-re
1831 4913 2015 4982 teneatur
2033 4907 2154 4982 iudex
2172 4906 2408 4983 saecularis.

1127 5211 1255 5276 Postea
1270 5210 1428 5276 secundo
1445 5210 1676 5294 quaerebatur
1692 5219 1804 5273 utrum
1830 5207 2073 5295 exceptionem
2097 5231 2204 5294 super
2227 5209 2359 5276 maiore
2376 5230 2514 5275 excom-

1039 5324 1276 5393 municatione
1304 5347 1324 5390 a
1351 5345 1412 5391 reo
1441 5335 1563 5391 contra
1591 5334 1744 5390 actorem
1772 5323 1988 5410 propositam
2016 5324 2197 5391 admittere
2225 5334 2386 5391 teneatur
2408 5323 2514 5391 iudex

1039 5440 1239 5509 saecularis.
1257 5441 1300 5506 Et
1317 5442 1530 5528 arguebatur
1546 5440 1641 5525 quod
1658 5438 1763 5506 iudex
1780 5439 1968 5505 saecularis
1985 5438 2228 5524 exceptionem
2251 5461 2357 5526 super
2379 5460 2515 5507 excom·

1131 5700 1138 5729 ¹
1151 5714 1224 5769 ergo
1235 5696 1265 5750 P.
1279 5725 1312 5733 -
1327 5695 1337 5726 ¹
1350 5703 1379 5748 et
1392 5701 1492 5748 cetera
1503 5693 1573 5747 add.
1579 5693 1612 5748 V.
1627 5725 1660 5733 -
1674 5694 1685 5725 ³
1698 5694 1746 5747 illa
1755 5694 1915 5763 -debentl
1930 5711 1985 5747 om.
1995 5694 2025 5747 P.
2040 5725 2074 5733 —
2088 5697 2097 5725 ⁴
2111 5711 2166 5748 om.
2180 5694 2211 5748 P.
2222 5726 2256 5733 -
2268 5692 2437 5765 ⁶trigesima
2451 5692 2515 5748 PV.

1130 5878 1169 5944 (1)
1193 5876 1284 5942 Rom,
1297 5891 1322 5929 c.
1337 5873 1416 5938 XIII,
1432 5875 1445 5925 1
1460 5879 1490 5924 et
1502 5875 1527 5926 2.
1550 5871 1642 5924 «Non
1662 5878 1709 5925 est
1727 5870 1803 5926 enim
1823 5879 1956 5943 potestas
1975 5871 2030 5924 nisi
2051 5887 2068 5924 a
2088 5872 2172 5925 Deo:
2192 5889 2268 5944 quae
2288 5879 2384 5926 autem
2404 5879 2479 5937 sunt,
2499 5886 2516 5924 a

1040 5966 1104 6019 Deo
1124 5963 1258 6018 ordinata
1279 5970 1354 6016 sunt.
1374 5961 1477 6030 Itaque
1497 5959 1546 6030 qui
1564 5957 1674 6013 resistit
1693 5959 1842 6031 potestati,
1869 5959 1923 6012 Dei
1946 5958 2123 6012 ordinationi
2145 5958 2290 6013 resistit».
2310 5990 2343 5998 -
2372 5962 2410 6029 (2)
2430 5960 2515 6012 c.10.

1040 6054 1075 6108 D.
1086 6043 1190 6108 XCVI.
1203 6082 1236 6090 —
1251 6051 1288 6119 (8)
1303 6066 1328 6103 c.
1342 6051 1367 6103 8.
1380 6047 1446 6103 ead.
1459 6077 1493 6085 -
1506 6049 1543 6116 (4)
1557 6050 1680 6101 c.20.26.
1694 6045 1726 6101 C.
1737 6045 1843 6101 XXIII.
1858 6049 1942 6118 qu.5;
1956 6063 1981 6101 c.
1991 6044 2199 6101 Pemiciosam.
2213 6046 2248 6101 X.
2259 6046 2297 6100 de
2307 6045 2357 6100 off.
2368 6044 2427 6100 iud.
2440 6045 2515 6100 1.31.
