<?xml version="1.0" encoding="UTF-8"?>
<!DOCTYPE html PUBLIC "-//W3C//DTD XHTML 1.0 Transitional//EN"
    "http://www.w3.org/TR/xhtml1/DTD/xhtml1-transitional.dtd">
<html xmlns="http://www.w3.org/1999/xhtml" xml:lang="en" lang="en">
 <head>
  <title>
</title>
<meta http-equiv="Content-Type" content="text/html;charset=utf-8" />
  <meta name='ocr-system' content='tesseract 3.04.00' />
  <meta name='ocr-capabilities' content='ocr_page ocr_carea ocr_par ocr_line ocrx_word'/>
</head>
<body>
  <div class='ocr_page' id='page_1' title='image "./lesquatrepremie00wulfgoog_0229.png"; bbox 0 0 6700 7992; ppageno 0'>
   <div class='ocr_carea' id='block_1_1' title="bbox 1161 1440 2198 1514">
    <p class='ocr_par' dir='ltr' id='par_1_1' title="bbox 1161 1440 2198 1514">
     <span class='ocr_line' id='line_1_1' title="bbox 1161 1440 2198 1514; baseline -0.003 -17"><span class='ocrx_word' id='word_1_1' title='bbox 1161 1440 1336 1499; x_wconf 85' lang='lat' dir='ltr'>TERTIUM</span> <span class='ocrx_word' id='word_1_2' title='bbox 1366 1442 1665 1514; x_wconf 79' lang='lat' dir='ltr'>QUODLIBETUM,</span> <span class='ocrx_word' id='word_1_3' title='bbox 1694 1441 1730 1514; x_wconf 83' lang='lat' dir='ltr'>Q.</span> <span class='ocrx_word' id='word_1_4' title='bbox 1757 1442 1784 1496; x_wconf 86' lang='lat' dir='ltr'>V</span> <span class='ocrx_word' id='word_1_5' title='bbox 2151 1444 2198 1495; x_wconf 74' lang='lat'>20¹</span> 
     </span>
    </p>
   </div>
   <div class='ocr_carea' id='block_1_2' title="bbox 722 1621 2395 5767">
    <p class='ocr_par' dir='ltr' id='par_1_2' title="bbox 725 1621 2203 3218">
     <span class='ocr_line' id='line_1_2' title="bbox 814 1621 2202 1709; baseline -0.004 -18"><span class='ocrx_word' id='word_1_6' title='bbox 814 1623 917 1691; x_wconf 90' lang='lat' dir='ltr'><strong>Unde</strong></span> <span class='ocrx_word' id='word_1_7' title='bbox 945 1644 1024 1690; x_wconf 93' lang='lat' dir='ltr'>cum</span> <span class='ocrx_word' id='word_1_8' title='bbox 1053 1625 1146 1690; x_wconf 92' lang='lat' dir='ltr'>nulla</span> <span class='ocrx_word' id='word_1_9' title='bbox 1173 1624 1361 1691; x_wconf 73' lang='lat' dir='ltr'>auctoritas</span> <span class='ocrx_word' id='word_1_10' title='bbox 1381 1646 1489 1709; x_wconf 63' lang='lat' dir='ltr'>,quam</span> <span class='ocrx_word' id='word_1_11' title='bbox 1517 1623 1659 1691; x_wconf 90' lang='lat' dir='ltr'>viderim</span> <span class='ocrx_word' id='word_1_12' title='bbox 1688 1624 1741 1689; x_wconf 90' lang='lat' dir='ltr'>vel</span> <span class='ocrx_word' id='word_1_13' title='bbox 1770 1621 1937 1688; x_wconf 86' lang='lat' dir='ltr'>audierim</span> <span class='ocrx_word' id='word_1_14' title='bbox 1966 1621 2010 1688; x_wconf 90' lang='lat' dir='ltr'>sit</span> <span class='ocrx_word' id='word_1_15' title='bbox 2036 1643 2202 1707; x_wconf 90' lang='lat' dir='ltr'>expressa</span> 
     </span>
     <span class='ocr_line' id='line_1_3' title="bbox 726 1738 2202 1827; baseline -0.003 -22"><span class='ocrx_word' id='word_1_16' title='bbox 726 1761 795 1825; x_wconf 92' lang='lat' dir='ltr'>qua</span> <span class='ocrx_word' id='word_1_17' title='bbox 823 1739 958 1807; x_wconf 92' lang='lat' dir='ltr'>dicatur</span> <span class='ocrx_word' id='word_1_18' title='bbox 981 1741 1076 1825; x_wconf 91' lang='lat' dir='ltr'>quod</span> <span class='ocrx_word' id='word_1_19' title='bbox 1101 1762 1229 1827; x_wconf 90' lang='lat' dir='ltr'>corpus</span> <span class='ocrx_word' id='word_1_20' title='bbox 1259 1739 1387 1806; x_wconf 81' lang='lat' dir='ltr'>Christi</span> <span class='ocrx_word' id='word_1_21' title='bbox 1419 1751 1632 1806; x_wconf 88' lang='lat' dir='ltr'>reservatum</span> <span class='ocrx_word' id='word_1_22' title='bbox 1664 1739 1727 1804; x_wconf 91' lang='lat' dir='ltr'>fuit</span> <span class='ocrx_word' id='word_1_23' title='bbox 1758 1762 1778 1804; x_wconf 89' lang='lat' dir='ltr'>a</span> <span class='ocrx_word' id='word_1_24' title='bbox 1813 1738 2037 1825; x_wconf 85' lang='lat' dir='ltr'>corruptione</span> <span class='ocrx_word' id='word_1_25' title='bbox 2064 1760 2202 1824; x_wconf 90' lang='lat' dir='ltr'>separa·</span> 
     </span>
     <span class='ocr_line' id='line_1_4' title="bbox 726 1854 2203 1941; baseline 0 -20"><span class='ocrx_word' id='word_1_26' title='bbox 726 1855 857 1923; x_wconf 91' lang='lat' dir='ltr'>tionem</span> <span class='ocrx_word' id='word_1_27' title='bbox 893 1856 1029 1923; x_wconf 90' lang='lat' dir='ltr'>animae</span> <span class='ocrx_word' id='word_1_28' title='bbox 1056 1878 1077 1921; x_wconf 91' lang='lat' dir='ltr'>a</span> <span class='ocrx_word' id='word_1_29' title='bbox 1108 1878 1256 1941; x_wconf 91' lang='lat' dir='ltr'>corpore</span> <span class='ocrx_word' id='word_1_30' title='bbox 1283 1855 1492 1922; x_wconf 83' lang='lat' dir='ltr'>necessitate</span> <span class='ocrx_word' id='word_1_31' title='bbox 1524 1866 1668 1921; x_wconf 87' lang='lat' dir='ltr'>naturae</span> <span class='ocrx_word' id='word_1_32' title='bbox 1707 1854 1975 1935; x_wconf 87' lang='lat' dir='ltr'>concomitante,</span> <span class='ocrx_word' id='word_1_33' title='bbox 2012 1854 2078 1920; x_wconf 92' lang='lat' dir='ltr'>nisi</span> <span class='ocrx_word' id='word_1_34' title='bbox 2112 1877 2203 1939; x_wconf 89' lang='lat' dir='ltr'>quae</span> 
     </span>
     <span class='ocr_line' id='line_1_5' title="bbox 726 1970 2202 2058; baseline -0.001 -20"><span class='ocrx_word' id='word_1_35' title='bbox 726 1981 779 2038; x_wconf 91' lang='lat' dir='ltr'>est</span> <span class='ocrx_word' id='word_1_36' title='bbox 802 1992 865 2058; x_wconf 91' lang='lat' dir='ltr'>per</span> <span class='ocrx_word' id='word_1_37' title='bbox 884 1972 1175 2058; x_wconf 80' lang='lat' dir='ltr'>putrefactionem</span> <span class='ocrx_word' id='word_1_38' title='bbox 1192 1972 1245 2038; x_wconf 91' lang='lat' dir='ltr'>vel</span> <span class='ocrx_word' id='word_1_39' title='bbox 1263 1971 1560 2050; x_wconf 82' lang='lat' dir='ltr'>incinerationem,</span> <span class='ocrx_word' id='word_1_40' title='bbox 1578 1971 1654 2038; x_wconf 92' lang='lat' dir='ltr'>sine</span> <span class='ocrx_word' id='word_1_41' title='bbox 1678 1971 1812 2037; x_wconf 89' lang='lat' dir='ltr'>ratione</span> <span class='ocrx_word' id='word_1_42' title='bbox 1837 1982 1871 2037; x_wconf 89' lang='lat' dir='ltr'>et</span> <span class='ocrx_word' id='word_1_43' title='bbox 1895 1970 1972 2038; x_wconf 91' lang='lat' dir='ltr'>sine</span> <span class='ocrx_word' id='word_1_44' title='bbox 1996 1971 2202 2037; x_wconf 88' lang='lat' dir='ltr'>auctoritate</span> 
     </span>
     <span class='ocr_line' id='line_1_6' title="bbox 726 2086 2201 2174; baseline -0.001 -21"><span class='ocrx_word' id='word_1_45' title='bbox 726 2087 794 2155; x_wconf 91' lang='lat' dir='ltr'>dici</span> <span class='ocrx_word' id='word_1_46' title='bbox 821 2087 957 2155; x_wconf 90' lang='lat' dir='ltr'>videtur</span> <span class='ocrx_word' id='word_1_47' title='bbox 984 2089 1079 2173; x_wconf 91' lang='lat' dir='ltr'>quod</span> <span class='ocrx_word' id='word_1_48' title='bbox 1104 2109 1233 2174; x_wconf 91' lang='lat' dir='ltr'>corpus</span> <span class='ocrx_word' id='word_1_49' title='bbox 1258 2087 1385 2154; x_wconf 87' lang='lat' dir='ltr'>Christi</span> <span class='ocrx_word' id='word_1_50' title='bbox 1414 2099 1586 2153; x_wconf 92' lang='lat' dir='ltr'>mortuum</span> <span class='ocrx_word' id='word_1_51' title='bbox 1615 2109 1687 2152; x_wconf 91' lang='lat' dir='ltr'>non</span> <span class='ocrx_word' id='word_1_52' title='bbox 1713 2087 1776 2152; x_wconf 92' lang='lat' dir='ltr'>fuit</span> <span class='ocrx_word' id='word_1_53' title='bbox 1799 2087 1890 2153; x_wconf 90' lang='lat' dir='ltr'>idem</span> <span class='ocrx_word' id='word_1_54' title='bbox 1920 2086 1954 2152; x_wconf 94' lang='lat' dir='ltr'>in</span> <span class='ocrx_word' id='word_1_55' title='bbox 1979 2088 2098 2174; x_wconf 92' lang='lat' dir='ltr'>specie</span> <span class='ocrx_word' id='word_1_56' title='bbox 2123 2110 2201 2153; x_wconf 92' lang='lat' dir='ltr'>cum</span> 
     </span>
     <span class='ocr_line' id='line_1_7' title="bbox 726 2203 2203 2291; baseline -0.002 -20"><span class='ocrx_word' id='word_1_57' title='bbox 726 2226 873 2291; x_wconf 92' lang='lat' dir='ltr'>corpore</span> <span class='ocrx_word' id='word_1_58' title='bbox 905 2204 996 2270; x_wconf 91' lang='lat' dir='ltr'>Petri</span> <span class='ocrx_word' id='word_1_59' title='bbox 1027 2215 1175 2285; x_wconf 90' lang='lat' dir='ltr'>mortu0,</span> <span class='ocrx_word' id='word_1_60' title='bbox 1200 2204 1362 2289; x_wconf 87' lang='lat' dir='ltr'>eoquod</span> <span class='ocrx_word' id='word_1_61' title='bbox 1397 2203 1431 2269; x_wconf 94' lang='lat' dir='ltr'>in</span> <span class='ocrx_word' id='word_1_62' title='bbox 1457 2225 1604 2289; x_wconf 89' lang='lat' dir='ltr'>corpore</span> <span class='ocrx_word' id='word_1_63' title='bbox 1629 2203 1756 2270; x_wconf 88' lang='lat' dir='ltr'>Christi</span> <span class='ocrx_word' id='word_1_64' title='bbox 1793 2203 1919 2268; x_wconf 94' lang='lat' dir='ltr'>mansit</span> <span class='ocrx_word' id='word_1_65' title='bbox 1953 2204 2064 2268; x_wconf 88' lang='lat' dir='ltr'>forma</span> <span class='ocrx_word' id='word_1_66' title='bbox 2088 2204 2203 2288; x_wconf 87' lang='lat' dir='ltr'>aliqua</span> 
     </span>
     <span class='ocr_line' id='line_1_8' title="bbox 726 2304 2202 2407; baseline -0.002 -20"><span class='ocrx_word' id='word_1_67' title='bbox 726 2342 815 2407; x_wconf 90' lang='lat' dir='ltr'>quae</span> <span class='ocrx_word' id='word_1_68' title='bbox 840 2320 935 2407; x_wconf 91' lang='lat' dir='ltr'>prius</span> <span class='ocrx_word' id='word_1_69' title='bbox 960 2330 1042 2401; x_wconf 89' lang='lat' dir='ltr'>erat,</span> <span class='ocrx_word' id='word_1_70' title='bbox 1067 2342 1139 2385; x_wconf 95' lang='lat' dir='ltr'>non</span> <span class='ocrx_word' id='word_1_71' title='bbox 1171 2322 1221 2386; x_wconf 92' lang='lat' dir='ltr'>sic</span> <span class='ocrx_word' id='word_1_72' title='bbox 1246 2334 1361 2386; x_wconf 89' lang='lat' dir='ltr'>autem</span> <span class='ocrx_word' id='word_1_73' title='bbox 1386 2319 1420 2384; x_wconf 92' lang='lat' dir='ltr'>in</span> <span class='ocrx_word' id='word_1_74' title='bbox 1446 2341 1593 2406; x_wconf 91' lang='lat' dir='ltr'>corpore</span> <span class='ocrx_word' id='word_1_75' title='bbox 1622 2320 1734 2401; x_wconf 75' lang='lat' dir='ltr'>Petri,</span> <span class='ocrx_word' id='word_1_76' title='bbox 1772 2304 1889 2385; x_wconf 87' lang='lat' dir='ltr'>utsic</span> <span class='ocrx_word' id='word_1_77' title='bbox 1913 2320 1948 2384; x_wconf 92' lang='lat' dir='ltr'>in</span> <span class='ocrx_word' id='word_1_78' title='bbox 1981 2320 2202 2406; x_wconf 84' lang='lat' dir='ltr'>separatione</span> 
     </span>
     <span class='ocr_line' id='line_1_9' title="bbox 726 2435 2201 2523; baseline -0.001 -21"><span class='ocrx_word' id='word_1_79' title='bbox 726 2437 862 2503; x_wconf 90' lang='lat' dir='ltr'>animae</span> <span class='ocrx_word' id='word_1_80' title='bbox 885 2458 906 2501; x_wconf 89' lang='lat' dir='ltr'>a</span> <span class='ocrx_word' id='word_1_81' title='bbox 934 2457 1081 2523; x_wconf 92' lang='lat' dir='ltr'>corpore</span> <span class='ocrx_word' id='word_1_82' title='bbox 1107 2436 1198 2501; x_wconf 89' lang='lat' dir='ltr'>Petri</span> <span class='ocrx_word' id='word_1_83' title='bbox 1229 2436 1331 2502; x_wconf 91' lang='lat' dir='ltr'>fuerit</span> <span class='ocrx_word' id='word_1_84' title='bbox 1355 2437 1476 2522; x_wconf 83' lang='lat' dir='ltr'>triplex</span> <span class='ocrx_word' id='word_1_85' title='bbox 1505 2436 1691 2521; x_wconf 91' lang='lat' dir='ltr'>corrupti0,</span> <span class='ocrx_word' id='word_1_86' title='bbox 1721 2437 1811 2501; x_wconf 89' lang='lat' dir='ltr'>duae</span> <span class='ocrx_word' id='word_1_87' title='bbox 1835 2436 1935 2501; x_wconf 92' lang='lat' dir='ltr'>simul</span> <span class='ocrx_word' id='word_1_88' title='bbox 1961 2435 2051 2501; x_wconf 90' lang='lat' dir='ltr'>etin</span> <span class='ocrx_word' id='word_1_89' title='bbox 2078 2437 2201 2501; x_wconf 90' lang='lat' dir='ltr'>eodem</span> 
     </span>
     <span class='ocr_line' id='line_1_10' title="bbox 726 2551 2202 2638; baseline -0.001 -20"><span class='ocrx_word' id='word_1_90' title='bbox 726 2552 867 2618; x_wconf 90' lang='lat' dir='ltr'>instanti</span> <span class='ocrx_word' id='word_1_91' title='bbox 891 2554 1087 2638; x_wconf 86' lang='lat' dir='ltr'>completae</span> <span class='ocrx_word' id='word_1_92' title='bbox 1112 2563 1145 2618; x_wconf 90' lang='lat' dir='ltr'>et</span> <span class='ocrx_word' id='word_1_93' title='bbox 1177 2553 1336 2637; x_wconf 87' lang='lat' dir='ltr'>tertia[m]</span> <span class='ocrx_word' id='word_1_94' title='bbox 1362 2552 1504 2632; x_wconf 89' lang='lat' dir='ltr'>initiata,</span> <span class='ocrx_word' id='word_1_95' title='bbox 1536 2552 1698 2617; x_wconf 88' lang='lat' dir='ltr'>videlicet</span> <span class='ocrx_word' id='word_1_96' title='bbox 1727 2551 1836 2637; x_wconf 88' lang='lat' dir='ltr'>ipsius</span> <span class='ocrx_word' id='word_1_97' title='bbox 1867 2551 2003 2617; x_wconf 87' lang='lat' dir='ltr'>animae</span> <span class='ocrx_word' id='word_1_98' title='bbox 2027 2553 2202 2638; x_wconf 83' lang='lat' dir='ltr'>separatio</span> 
     </span>
     <span class='ocr_line' id='line_1_11' title="bbox 726 2667 2202 2754; baseline 0 -20"><span class='ocrx_word' id='word_1_99' title='bbox 726 2679 760 2735; x_wconf 93' lang='lat' dir='ltr'>et</span> <span class='ocrx_word' id='word_1_100' title='bbox 783 2669 915 2734; x_wconf 91' lang='lat' dir='ltr'>formae</span> <span class='ocrx_word' id='word_1_101' title='bbox 939 2669 1105 2734; x_wconf 87' lang='lat' dir='ltr'>naturalis</span> <span class='ocrx_word' id='word_1_102' title='bbox 1137 2669 1171 2733; x_wconf 94' lang='lat' dir='ltr'>in</span> <span class='ocrx_word' id='word_1_103' title='bbox 1204 2690 1351 2754; x_wconf 89' lang='lat' dir='ltr'>corpore</span> <span class='ocrx_word' id='word_1_104' title='bbox 1387 2690 1466 2733; x_wconf 91' lang='lat' dir='ltr'>curn</span> <span class='ocrx_word' id='word_1_105' title='bbox 1502 2667 1617 2732; x_wconf 90' lang='lat' dir='ltr'>anima</span> <span class='ocrx_word' id='word_1_106' title='bbox 1652 2667 1916 2754; x_wconf 85' lang='lat' dir='ltr'>praeexistentis</span> <span class='ocrx_word' id='word_1_107' title='bbox 1950 2668 2136 2753; x_wconf 88' lang='lat' dir='ltr'>corruptio,</span> <span class='ocrx_word' id='word_1_108' title='bbox 2169 2680 2202 2734; x_wconf 88' lang='lat' dir='ltr'>et</span> 
     </span>
     <span class='ocr_line' id='line_1_12' title="bbox 726 2782 2201 2871; baseline -0.001 -21"><span class='ocrx_word' id='word_1_109' title='bbox 726 2782 932 2871; x_wconf 87' lang='lat' dir='ltr'>putrefactio</span> <span class='ocrx_word' id='word_1_110' title='bbox 957 2784 1031 2850; x_wconf 91' lang='lat' dir='ltr'>sive</span> <span class='ocrx_word' id='word_1_111' title='bbox 1051 2784 1312 2870; x_wconf 82' lang='lat' dir='ltr'>putrefactionis</span> <span class='ocrx_word' id='word_1_112' title='bbox 1337 2783 1526 2864; x_wconf 89' lang='lat' dir='ltr'>inchoatio,</span> <span class='ocrx_word' id='word_1_113' title='bbox 1544 2794 1578 2849; x_wconf 90' lang='lat' dir='ltr'>et</span> <span class='ocrx_word' id='word_1_114' title='bbox 1602 2783 1652 2849; x_wconf 92' lang='lat' dir='ltr'>sic</span> <span class='ocrx_word' id='word_1_115' title='bbox 1677 2805 1806 2868; x_wconf 88' lang='lat' dir='ltr'>corpus</span> <span class='ocrx_word' id='word_1_116' title='bbox 1830 2783 1945 2848; x_wconf 90' lang='lat' dir='ltr'>vivum</span> <span class='ocrx_word' id='word_1_117' title='bbox 1970 2796 2004 2849; x_wconf 89' lang='lat' dir='ltr'>et</span> <span class='ocrx_word' id='word_1_118' title='bbox 2028 2795 2201 2849; x_wconf 90' lang='lat' dir='ltr'>mortuum</span> 
     </span>
     <span class='ocr_line' id='line_1_13' title="bbox 726 2899 2201 2985; baseline 0.001 -20"><span class='ocrx_word' id='word_1_119' title='bbox 726 2922 797 2967; x_wconf 91' lang='lat' dir='ltr'>non</span> <span class='ocrx_word' id='word_1_120' title='bbox 829 2901 942 2966; x_wconf 91' lang='lat' dir='ltr'>solum</span> <span class='ocrx_word' id='word_1_121' title='bbox 967 2922 1039 2965; x_wconf 92' lang='lat' dir='ltr'>non</span> <span class='ocrx_word' id='word_1_122' title='bbox 1072 2912 1165 2966; x_wconf 86' lang='lat' dir='ltr'>esset</span> <span class='ocrx_word' id='word_1_123' title='bbox 1199 2900 1333 2966; x_wconf 75' lang='lat' dir='ltr'>urrum¹</span> <span class='ocrx_word' id='word_1_124' title='bbox 1365 2902 1419 2965; x_wconf 91' lang='lat' dir='ltr'>vel</span> <span class='ocrx_word' id='word_1_125' title='bbox 1444 2899 1653 2978; x_wconf 90' lang='lat' dir='ltr'>huiusmodi,</span> <span class='ocrx_word' id='word_1_126' title='bbox 1679 2900 1742 2964; x_wconf 89' lang='lat' dir='ltr'>sed</span> <span class='ocrx_word' id='word_1_127' title='bbox 1771 2920 1836 2965; x_wconf 91' lang='lat' dir='ltr'>nec</span> <span class='ocrx_word' id='word_1_128' title='bbox 1870 2921 1998 2985; x_wconf 92' lang='lat' dir='ltr'>corpus</span> <span class='ocrx_word' id='word_1_129' title='bbox 2031 2900 2201 2975; x_wconf 84' lang='lat' dir='ltr'>univoce;</span> 
     </span>
     <span class='ocr_line' id='line_1_14' title="bbox 725 3014 2203 3112; baseline 0.001 -31"><span class='ocrx_word' id='word_1_130' title='bbox 725 3015 759 3081; x_wconf 93' lang='lat' dir='ltr'>in</span> <span class='ocrx_word' id='word_1_131' title='bbox 796 3016 1017 3102; x_wconf 90' lang='lat' dir='ltr'>separatione</span> <span class='ocrx_word' id='word_1_132' title='bbox 1054 3028 1166 3082; x_wconf 84' lang='lat' dir='ltr'>autem</span> <span class='ocrx_word' id='word_1_133' title='bbox 1202 3016 1339 3081; x_wconf 90' lang='lat' dir='ltr'>animae</span> <span class='ocrx_word' id='word_1_134' title='bbox 1358 3015 1503 3112; x_wconf 27' lang='lat' dir='ltr'>,Christi</span> <span class='ocrx_word' id='word_1_135' title='bbox 1538 3037 1608 3079; x_wconf 89' lang='lat' dir='ltr'>nun</span> <span class='ocrx_word' id='word_1_136' title='bbox 1646 3015 1709 3080; x_wconf 91' lang='lat' dir='ltr'>fuit</span> <span class='ocrx_word' id='word_1_137' title='bbox 1744 3014 1810 3080; x_wconf 92' lang='lat' dir='ltr'>nisi</span> <span class='ocrx_word' id='word_1_138' title='bbox 1843 3037 1914 3080; x_wconf 89' lang='lat' dir='ltr'>una</span> <span class='ocrx_word' id='word_1_139' title='bbox 1948 3016 2033 3095; x_wconf 85' lang='lat' dir='ltr'>sola,</span> <span class='ocrx_word' id='word_1_140' title='bbox 2070 3016 2203 3082; x_wconf 87' lang='lat' dir='ltr'>scilicet</span> 
     </span>
     <span class='ocr_line' id='line_1_15' title="bbox 725 3130 1368 3218; baseline -0.002 -21"><span class='ocrx_word' id='word_1_141' title='bbox 725 3131 802 3217; x_wconf 90' lang='lat' dir='ltr'>ipsa</span> <span class='ocrx_word' id='word_1_142' title='bbox 825 3131 1000 3218; x_wconf 89' lang='lat' dir='ltr'>separatio</span> <span class='ocrx_word' id='word_1_143' title='bbox 1025 3130 1161 3197; x_wconf 89' lang='lat' dir='ltr'>animae</span> <span class='ocrx_word' id='word_1_144' title='bbox 1187 3143 1220 3198; x_wconf 90' lang='lat' dir='ltr'>et</span> <span class='ocrx_word' id='word_1_145' title='bbox 1244 3142 1368 3197; x_wconf 88' lang='lat' dir='ltr'>cetera.</span> 
     </span>
    </p>

    <p class='ocr_par' dir='ltr' id='par_1_3' title="bbox 722 3246 2395 5767">
     <span class='ocr_line' id='line_1_16' title="bbox 813 3246 2203 3336; baseline -0.001 -22"><span class='ocrx_word' id='word_1_146' title='bbox 813 3246 895 3314; x_wconf 87' lang='lat' dir='ltr'>Sive</span> <span class='ocrx_word' id='word_1_147' title='bbox 931 3269 1016 3336; x_wconf 86' lang='lat' dir='ltr'>ergo</span> <span class='ocrx_word' id='word_1_148' title='bbox 1051 3248 1094 3312; x_wconf 86' lang='lat' dir='ltr'>sit</span> <span class='ocrx_word' id='word_1_149' title='bbox 1130 3247 1163 3312; x_wconf 92' lang='lat' dir='ltr'>in</span> <span class='ocrx_word' id='word_1_150' title='bbox 1197 3247 1338 3313; x_wconf 91' lang='lat' dir='ltr'>homine</span> <span class='ocrx_word' id='word_1_151' title='bbox 1374 3270 1444 3313; x_wconf 90' lang='lat' dir='ltr'>una</span> <span class='ocrx_word' id='word_1_152' title='bbox 1480 3248 1590 3312; x_wconf 89' lang='lat' dir='ltr'>forma</span> <span class='ocrx_word' id='word_1_153' title='bbox 1623 3259 1754 3312; x_wconf 89' lang='lat' dir='ltr'>tantum</span> <span class='ocrx_word' id='word_1_154' title='bbox 1796 3247 1869 3312; x_wconf 88' lang='lat' dir='ltr'>sive</span> <span class='ocrx_word' id='word_1_155' title='bbox 1906 3248 2031 3333; x_wconf 69' lang='lat' dir='ltr'>plureS,</span> <span class='ocrx_word' id='word_1_156' title='bbox 2068 3248 2203 3314; x_wconf 91' lang='lat' dir='ltr'>videtur</span> 
     </span>
     <span class='ocr_line' id='line_1_17' title="bbox 725 3363 2200 3449; baseline -0.001 -20"><span class='ocrx_word' id='word_1_157' title='bbox 725 3385 803 3429; x_wconf 90' lang='lat' dir='ltr'>esse</span> <span class='ocrx_word' id='word_1_158' title='bbox 827 3365 1016 3429; x_wconf 88' lang='lat' dir='ltr'>tenendum</span> <span class='ocrx_word' id='word_1_159' title='bbox 1042 3364 1136 3447; x_wconf 91' lang='lat' dir='ltr'>quod</span> <span class='ocrx_word' id='word_1_160' title='bbox 1162 3385 1290 3449; x_wconf 91' lang='lat' dir='ltr'>corpus</span> <span class='ocrx_word' id='word_1_161' title='bbox 1315 3363 1442 3429; x_wconf 86' lang='lat' dir='ltr'>Christi</span> <span class='ocrx_word' id='word_1_162' title='bbox 1468 3374 1638 3429; x_wconf 92' lang='lat' dir='ltr'>mortuum</span> <span class='ocrx_word' id='word_1_163' title='bbox 1672 3374 1706 3428; x_wconf 89' lang='lat' dir='ltr'>et</span> <span class='ocrx_word' id='word_1_164' title='bbox 1737 3384 1866 3447; x_wconf 89' lang='lat' dir='ltr'>corpus</span> <span class='ocrx_word' id='word_1_165' title='bbox 1903 3364 1993 3428; x_wconf 86' lang='lat' dir='ltr'>Petri</span> <span class='ocrx_word' id='word_1_166' title='bbox 2029 3376 2200 3429; x_wconf 80' lang='lat' dir='ltr'>rnurtuurn</span> 
     </span>
     <span class='ocr_line' id='line_1_18' title="bbox 724 3479 2200 3566; baseline -0.001 -22"><span class='ocrx_word' id='word_1_167' title='bbox 724 3479 851 3545; x_wconf 90' lang='lat' dir='ltr'>fuerint</span> <span class='ocrx_word' id='word_1_168' title='bbox 881 3500 1009 3566; x_wconf 90' lang='lat' dir='ltr'>corpus</span> <span class='ocrx_word' id='word_1_169' title='bbox 1050 3479 1208 3545; x_wconf 90' lang='lat' dir='ltr'>univoce.</span> <span class='ocrx_word' id='word_1_170' title='bbox 1246 3479 1283 3545; x_wconf 88' lang='lat' dir='ltr'>Si</span> <span class='ocrx_word' id='word_1_171' title='bbox 1315 3479 1407 3545; x_wconf 90' lang='lat' dir='ltr'>enim</span> <span class='ocrx_word' id='word_1_172' title='bbox 1443 3479 1487 3544; x_wconf 90' lang='lat' dir='ltr'>sit</span> <span class='ocrx_word' id='word_1_173' title='bbox 1527 3501 1595 3543; x_wconf 91' lang='lat' dir='ltr'>una</span> <span class='ocrx_word' id='word_1_174' title='bbox 1635 3479 1746 3544; x_wconf 86' lang='lat' dir='ltr'>forma</span> <span class='ocrx_word' id='word_1_175' title='bbox 1781 3479 2017 3544; x_wconf 84' lang='lat' dir='ltr'>substantialis</span> <span class='ocrx_word' id='word_1_176' title='bbox 2057 3492 2200 3558; x_wconf 89' lang='lat' dir='ltr'>tantum,</span> 
     </span>
     <span class='ocr_line' id='line_1_19' title="bbox 724 3584 2199 3681; baseline 0.001 -22"><span class='ocrx_word' id='word_1_177' title='bbox 724 3595 775 3661; x_wconf 93' lang='lat' dir='ltr'>sic</span> <span class='ocrx_word' id='word_1_178' title='bbox 809 3595 844 3660; x_wconf 92' lang='lat' dir='ltr'>in</span> <span class='ocrx_word' id='word_1_179' title='bbox 880 3596 955 3661; x_wconf 91' lang='lat' dir='ltr'>eius</span> <span class='ocrx_word' id='word_1_180' title='bbox 991 3595 1212 3681; x_wconf 88' lang='lat' dir='ltr'>separatione</span> <span class='ocrx_word' id='word_1_181' title='bbox 1247 3595 1448 3661; x_wconf 86' lang='lat' dir='ltr'>necessario</span> <span class='ocrx_word' id='word_1_182' title='bbox 1484 3595 1714 3660; x_wconf 83' lang='lat' dir='ltr'>introducitur</span> <span class='ocrx_word' id='word_1_183' title='bbox 1749 3594 1815 3659; x_wconf 90' lang='lat' dir='ltr'>alia</span> <span class='ocrx_word' id='word_1_184' title='bbox 1849 3584 1884 3660; x_wconf 88' lang='lat' dir='ltr'>iri</span> <span class='ocrx_word' id='word_1_185' title='bbox 1920 3595 2062 3660; x_wconf 89' lang='lat' dir='ltr'>materia</span> <span class='ocrx_word' id='word_1_186' title='bbox 2097 3618 2199 3681; x_wconf 92' lang='lat' dir='ltr'>quam</span> 
     </span>
     <span class='ocr_line' id='line_1_20' title="bbox 724 3710 2201 3795; baseline 0.001 -19"><span class='ocrx_word' id='word_1_187' title='bbox 724 3710 943 3792; x_wconf 91' lang='lat' dir='ltr'>informabat,</span> <span class='ocrx_word' id='word_1_188' title='bbox 970 3722 1003 3776; x_wconf 89' lang='lat' dir='ltr'>et</span> <span class='ocrx_word' id='word_1_189' title='bbox 1042 3713 1112 3777; x_wconf 91' lang='lat' dir='ltr'>hoc</span> <span class='ocrx_word' id='word_1_190' title='bbox 1150 3711 1391 3777; x_wconf 88' lang='lat' dir='ltr'>universaliter</span> <span class='ocrx_word' id='word_1_191' title='bbox 1426 3723 1494 3776; x_wconf 86' lang='lat' dir='ltr'>tam</span> <span class='ocrx_word' id='word_1_192' title='bbox 1534 3711 1568 3775; x_wconf 91' lang='lat' dir='ltr'>in</span> <span class='ocrx_word' id='word_1_193' title='bbox 1609 3710 1748 3776; x_wconf 89' lang='lat' dir='ltr'>Christo</span> <span class='ocrx_word' id='word_1_194' title='bbox 1786 3732 1891 3795; x_wconf 91' lang='lat' dir='ltr'>quam</span> <span class='ocrx_word' id='word_1_195' title='bbox 1922 3710 1957 3775; x_wconf 94' lang='lat' dir='ltr'>in</span> <span class='ocrx_word' id='word_1_196' title='bbox 1989 3711 2083 3776; x_wconf 36' lang='lat' dir='ltr'>aliis&gt;</span> <span class='ocrx_word' id='word_1_197' title='bbox 2111 3712 2201 3777; x_wconf 92' lang='lat' dir='ltr'>Cum</span> 
     </span>
     <span class='ocr_line' id='line_1_21' title="bbox 725 3784 2395 3914; baseline -0.001 -21"><span class='ocrx_word' id='word_1_198' title='bbox 725 3826 816 3893; x_wconf 91' lang='lat' dir='ltr'>enim</span> <span class='ocrx_word' id='word_1_199' title='bbox 858 3830 862 3912; x_wconf 89' lang='grc' dir='ltr'>Ι</span> <span class='ocrx_word' id='word_1_200' title='bbox 906 3827 1084 3913; x_wconf 89' lang='lat' dir='ltr'>corruptio</span> <span class='ocrx_word' id='word_1_201' title='bbox 1129 3826 1232 3892; x_wconf 91' lang='lat' dir='ltr'>unius</span> <span class='ocrx_word' id='word_1_202' title='bbox 1271 3826 1315 3892; x_wconf 92' lang='lat' dir='ltr'>sit</span> <span class='ocrx_word' id='word_1_203' title='bbox 1353 3827 1534 3914; x_wconf 82' lang='lat' dir='ltr'>generatio</span> <span class='ocrx_word' id='word_1_204' title='bbox 1580 3826 1720 3891; x_wconf 87' lang='lat' dir='ltr'>alterius</span> <span class='ocrx_word' id='word_1_205' title='bbox 1767 3826 1958 3893; x_wconf 88' lang='lat' dir='ltr'>differentis</span> <span class='ocrx_word' id='word_1_206' title='bbox 2006 3828 2201 3893; x_wconf 87' lang='lat' dir='ltr'>secundum</span> <span class='ocrx_word' id='word_1_207' title='bbox 2222 3784 2395 3911; x_wconf 54' lang='lat' dir='ltr'>foi⁰gj7vv2</span> 
     </span>
     <span class='ocr_line' id='line_1_22' title="bbox 723 3941 2201 4029; baseline -0.001 -20"><span class='ocrx_word' id='word_1_208' title='bbox 723 3942 876 4029; x_wconf 89' lang='lat' dir='ltr'>speciem</span> <span class='ocrx_word' id='word_1_209' title='bbox 902 3946 987 4026; x_wconf 88' lang='lat' dir='ltr'>(non</span> <span class='ocrx_word' id='word_1_210' title='bbox 1018 3956 1072 4009; x_wconf 90' lang='lat' dir='ltr'>est</span> <span class='ocrx_word' id='word_1_211' title='bbox 1096 3943 1187 4008; x_wconf 85' lang='lat' dir='ltr'>eninr</span> <span class='ocrx_word' id='word_1_212' title='bbox 1213 3943 1355 4008; x_wconf 89' lang='lat' dir='ltr'>materia</span> <span class='ocrx_word' id='word_1_213' title='bbox 1379 3942 1532 4009; x_wconf 86' lang='lat' dir='ltr'>existens</span> <span class='ocrx_word' id='word_1_214' title='bbox 1561 3945 1626 4007; x_wconf 90' lang='lat' dir='ltr'>suh</span> <span class='ocrx_word' id='word_1_215' title='bbox 1657 3965 1727 4008; x_wconf 88' lang='lat' dir='ltr'>una</span> <span class='ocrx_word' id='word_1_216' title='bbox 1756 3942 1869 4008; x_wconf 87' lang='lat' dir='ltr'>forma</span> <span class='ocrx_word' id='word_1_217' title='bbox 1892 3941 1927 4007; x_wconf 96' lang='lat' dir='ltr'>in</span> <span class='ocrx_word' id='word_1_218' title='bbox 1955 3942 2111 4029; x_wconf 91' lang='lat' dir='ltr'>potentia</span> <span class='ocrx_word' id='word_1_219' title='bbox 2135 3943 2201 4009; x_wconf 92' lang='lat' dir='ltr'>nisi</span> 
     </span>
     <span class='ocr_line' id='line_1_23' title="bbox 724 4057 2200 4145; baseline 0.001 -22"><span class='ocrx_word' id='word_1_220' title='bbox 724 4058 769 4124; x_wconf 92' lang='lat' dir='ltr'>ad</span> <span class='ocrx_word' id='word_1_221' title='bbox 793 4058 1003 4125; x_wconf 86' lang='lat' dir='ltr'>contrarium</span> <span class='ocrx_word' id='word_1_222' title='bbox 1035 4061 1229 4125; x_wconf 91' lang='lat' dir='ltr'>secundum</span> <span class='ocrx_word' id='word_1_223' title='bbox 1259 4058 1412 4145; x_wconf 88' lang='lat' dir='ltr'>speciem</span> <span class='ocrx_word' id='word_1_224' title='bbox 1446 4058 1545 4124; x_wconf 90' lang='lat' dir='ltr'>cuius</span> <span class='ocrx_word' id='word_1_225' title='bbox 1577 4059 1683 4124; x_wconf 90' lang='lat' dir='ltr'>habet</span> <span class='ocrx_word' id='word_1_226' title='bbox 1716 4057 1968 4143; x_wconf 87' lang='lat' dir='ltr'>privationem),</span> <span class='ocrx_word' id='word_1_227' title='bbox 1995 4079 2073 4124; x_wconf 91' lang='lat' dir='ltr'>cum</span> <span class='ocrx_word' id='word_1_228' title='bbox 2098 4059 2200 4125; x_wconf 89' lang='lat' dir='ltr'>etiarn</span> 
     </span>
     <span class='ocr_line' id='line_1_24' title="bbox 723 4174 2201 4261; baseline 0 -21"><span class='ocrx_word' id='word_1_229' title='bbox 723 4176 918 4240; x_wconf 90' lang='lat' dir='ltr'>secundum</span> <span class='ocrx_word' id='word_1_230' title='bbox 959 4175 1225 4261; x_wconf 88' lang='lat' dir='ltr'>dispositionem</span> <span class='ocrx_word' id='word_1_231' title='bbox 1265 4174 1428 4248; x_wconf 90' lang='lat' dir='ltr'>materiae</span> <span class='ocrx_word' id='word_1_232' title='bbox 1468 4197 1557 4259; x_wconf 87' lang='lat' dir='ltr'>quae</span> <span class='ocrx_word' id='word_1_233' title='bbox 1597 4185 1650 4239; x_wconf 88' lang='lat' dir='ltr'>est</span> <span class='ocrx_word' id='word_1_234' title='bbox 1683 4174 1875 4241; x_wconf 89' lang='lat' dir='ltr'>necessitas</span> <span class='ocrx_word' id='word_1_235' title='bbox 1912 4174 2021 4240; x_wconf 92' lang='lat' dir='ltr'>forma</span> <span class='ocrx_word' id='word_1_236' title='bbox 2056 4196 2201 4261; x_wconf 91' lang='lat' dir='ltr'>propor-</span> 
     </span>
     <span class='ocr_line' id='line_1_25' title="bbox 723 4289 2201 4376; baseline 0.001 -21"><span class='ocrx_word' id='word_1_237' title='bbox 723 4289 862 4356; x_wconf 89' lang='lat' dir='ltr'>tionalis</span> <span class='ocrx_word' id='word_1_238' title='bbox 909 4290 1157 4371; x_wconf 90' lang='lat' dir='ltr'>introducatur,</span> <span class='ocrx_word' id='word_1_239' title='bbox 1205 4291 1454 4376; x_wconf 86' lang='lat' dir='ltr'>dispositiones</span> <span class='ocrx_word' id='word_1_240' title='bbox 1501 4302 1616 4355; x_wconf 89' lang='lat' dir='ltr'>autem</span> <span class='ocrx_word' id='word_1_241' title='bbox 1663 4290 1791 4374; x_wconf 90' lang='lat' dir='ltr'>quibus</span> <span class='ocrx_word' id='word_1_242' title='bbox 1837 4289 2035 4375; x_wconf 90' lang='lat' dir='ltr'>disponitur</span> <span class='ocrx_word' id='word_1_243' title='bbox 2073 4312 2201 4376; x_wconf 91' lang='lat' dir='ltr'>corpus</span> 
     </span>
     <span class='ocr_line' id='line_1_26' title="bbox 723 4405 2200 4494; baseline 0 -23"><span class='ocrx_word' id='word_1_244' title='bbox 723 4405 873 4471; x_wconf 86' lang='lat' dir='ltr'>hominis</span> <span class='ocrx_word' id='word_1_245' title='bbox 898 4408 943 4472; x_wconf 89' lang='lat' dir='ltr'>ad</span> <span class='ocrx_word' id='word_1_246' title='bbox 967 4407 1103 4472; x_wconf 89' lang='lat' dir='ltr'>animae</span> <span class='ocrx_word' id='word_1_247' title='bbox 1125 4407 1383 4492; x_wconf 89' lang='lat' dir='ltr'>separationem</span> <span class='ocrx_word' id='word_1_248' title='bbox 1407 4419 1549 4492; x_wconf 90' lang='lat' dir='ltr'>propter</span> <span class='ocrx_word' id='word_1_249' title='bbox 1573 4406 1840 4494; x_wconf 85' lang='lat' dir='ltr'>repugnantiam</span> <span class='ocrx_word' id='word_1_250' title='bbox 1865 4418 1899 4472; x_wconf 89' lang='lat' dir='ltr'>et</span> <span class='ocrx_word' id='word_1_251' title='bbox 1923 4406 2200 4473; x_wconf 89' lang='lat' dir='ltr'>contrarietatem</span> 
     </span>
     <span class='ocr_line' id='line_1_27' title="bbox 724 4521 2200 4608; baseline 0.001 -22"><span class='ocrx_word' id='word_1_252' title='bbox 724 4543 827 4607; x_wconf 90' lang='lat' dir='ltr'>quam</span> <span class='ocrx_word' id='word_1_253' title='bbox 867 4523 998 4588; x_wconf 89' lang='lat' dir='ltr'>habent</span> <span class='ocrx_word' id='word_1_254' title='bbox 1037 4523 1082 4588; x_wconf 90' lang='lat' dir='ltr'>ad</span> <span class='ocrx_word' id='word_1_255' title='bbox 1121 4523 1231 4608; x_wconf 91' lang='lat' dir='ltr'>ipsam</span> <span class='ocrx_word' id='word_1_256' title='bbox 1272 4522 1346 4588; x_wconf 89' lang='lat' dir='ltr'>sive</span> <span class='ocrx_word' id='word_1_257' title='bbox 1371 4524 1414 4587; x_wconf 87' lang='lat' dir='ltr'>ad</span> <span class='ocrx_word' id='word_1_258' title='bbox 1440 4522 1690 4607; x_wconf 88' lang='lat' dir='ltr'>dispositiones</span> <span class='ocrx_word' id='word_1_259' title='bbox 1723 4544 1810 4605; x_wconf 80' lang='lat' dir='ltr'>(pras</span> <span class='ocrx_word' id='word_1_260' title='bbox 1847 4522 1987 4605; x_wconf 87' lang='lat' dir='ltr'>requirit</span> <span class='ocrx_word' id='word_1_261' title='bbox 2022 4521 2137 4587; x_wconf 88' lang='lat' dir='ltr'>anima</span> <span class='ocrx_word' id='word_1_262' title='bbox 2166 4522 2200 4587; x_wconf 91' lang='lat' dir='ltr'>in</span> 
     </span>
     <span class='ocr_line' id='line_1_28' title="bbox 723 4637 2201 4724; baseline 0.001 -21"><span class='ocrx_word' id='word_1_263' title='bbox 723 4638 865 4705; x_wconf 89' lang='lat' dir='ltr'>materia</span> <span class='ocrx_word' id='word_1_264' title='bbox 904 4651 986 4703; x_wconf 90' lang='lat' dir='ltr'>sunt</span> <span class='ocrx_word' id='word_1_265' title='bbox 1017 4638 1120 4704; x_wconf 89' lang='lat' dir='ltr'>etiam</span> <span class='ocrx_word' id='word_1_266' title='bbox 1159 4638 1343 4724; x_wconf 88' lang='lat' dir='ltr'>dispositio</span> <span class='ocrx_word' id='word_1_267' title='bbox 1384 4660 1475 4722; x_wconf 90' lang='lat' dir='ltr'>quae</span> <span class='ocrx_word' id='word_1_268' title='bbox 1515 4649 1567 4703; x_wconf 80' lang='lat' dir='ltr'>est</span> <span class='ocrx_word' id='word_1_269' title='bbox 1605 4638 1799 4703; x_wconf 89' lang='lat' dir='ltr'>necessitas</span> <span class='ocrx_word' id='word_1_270' title='bbox 1839 4639 1883 4702; x_wconf 88' lang='lat' dir='ltr'>ad</span> <span class='ocrx_word' id='word_1_271' title='bbox 1919 4637 2018 4702; x_wconf 91' lang='lat' dir='ltr'>aliam</span> <span class='ocrx_word' id='word_1_272' title='bbox 2055 4639 2201 4704; x_wconf 87' lang='lat' dir='ltr'>formam</span> 
     </span>
     <span class='ocr_line' id='line_1_29' title="bbox 723 4752 2201 4840; baseline 0 -21"><span class='ocrx_word' id='word_1_273' title='bbox 723 4754 918 4820; x_wconf 90' lang='lat' dir='ltr'>secundum</span> <span class='ocrx_word' id='word_1_274' title='bbox 943 4753 1108 4840; x_wconf 90' lang='lat' dir='ltr'>speciem,</span> <span class='ocrx_word' id='word_1_275' title='bbox 1134 4794 1175 4801; x_wconf 98' lang='lat'><strong>—</strong></span> <span class='ocrx_word' id='word_1_276' title='bbox 1200 4754 1282 4820; x_wconf 91' lang='lat' dir='ltr'>hinc</span> <span class='ocrx_word' id='word_1_277' title='bbox 1306 4765 1359 4819; x_wconf 92' lang='lat' dir='ltr'>est</span> <span class='ocrx_word' id='word_1_278' title='bbox 1383 4755 1478 4837; x_wconf 89' lang='lat' dir='ltr'>quod</span> <span class='ocrx_word' id='word_1_279' title='bbox 1514 4774 1592 4820; x_wconf 93' lang='lat' dir='ltr'>cum</span> <span class='ocrx_word' id='word_1_280' title='bbox 1619 4776 1681 4838; x_wconf 87' lang='lat' dir='ltr'>per</span> <span class='ocrx_word' id='word_1_281' title='bbox 1705 4753 1834 4818; x_wconf 83' lang='lat' dir='ltr'>similes</span> <span class='ocrx_word' id='word_1_282' title='bbox 1868 4752 2117 4839; x_wconf 90' lang='lat' dir='ltr'>dispositiones</span> <span class='ocrx_word' id='word_1_283' title='bbox 2140 4754 2201 4819; x_wconf 90' lang='lat' dir='ltr'>fiat</span> 
     </span>
     <span class='ocr_line' id='line_1_30' title="bbox 723 4868 2201 4955; baseline 0.001 -21"><span class='ocrx_word' id='word_1_284' title='bbox 723 4868 865 4935; x_wconf 89' lang='lat' dir='ltr'>materia</span> <span class='ocrx_word' id='word_1_285' title='bbox 911 4869 1230 4955; x_wconf 89' lang='lat' dir='ltr'>improportionalis</span> <span class='ocrx_word' id='word_1_286' title='bbox 1270 4869 1407 4935; x_wconf 91' lang='lat' dir='ltr'>animae</span> <span class='ocrx_word' id='word_1_287' title='bbox 1453 4869 1488 4933; x_wconf 93' lang='lat' dir='ltr'>in</span> <span class='ocrx_word' id='word_1_288' title='bbox 1529 4890 1599 4934; x_wconf 93' lang='lat' dir='ltr'>uno</span> <span class='ocrx_word' id='word_1_289' title='bbox 1651 4869 1792 4934; x_wconf 92' lang='lat' dir='ltr'>homine</span> <span class='ocrx_word' id='word_1_290' title='bbox 1832 4881 1866 4934; x_wconf 91' lang='lat' dir='ltr'>et</span> <span class='ocrx_word' id='word_1_291' title='bbox 1915 4869 1949 4934; x_wconf 94' lang='lat' dir='ltr'>in</span> <span class='ocrx_word' id='word_1_292' title='bbox 2000 4869 2079 4950; x_wconf 87' lang='lat' dir='ltr'>aliu,</span> <span class='ocrx_word' id='word_1_293' title='bbox 2119 4869 2201 4954; x_wconf 89' lang='lat' dir='ltr'>quia</span> 
     </span>
     <span class='ocr_line' id='line_1_31' title="bbox 722 4984 2202 5071; baseline 0.001 -21"><span class='ocrx_word' id='word_1_294' title='bbox 722 4984 897 5071; x_wconf 91' lang='lat' dir='ltr'>quaelibet</span> <span class='ocrx_word' id='word_1_295' title='bbox 928 4986 1039 5051; x_wconf 90' lang='lat' dir='ltr'>forma</span> <span class='ocrx_word' id='word_1_296' title='bbox 1063 4984 1218 5050; x_wconf 89' lang='lat' dir='ltr'>eiusdem</span> <span class='ocrx_word' id='word_1_297' title='bbox 1243 4984 1386 5051; x_wconf 88' lang='lat' dir='ltr'>rationis</span> <span class='ocrx_word' id='word_1_298' title='bbox 1412 4997 1446 5050; x_wconf 90' lang='lat' dir='ltr'>et</span> <span class='ocrx_word' id='word_1_299' title='bbox 1469 4984 1599 5070; x_wconf 90' lang='lat' dir='ltr'>speciei</span> <span class='ocrx_word' id='word_1_300' title='bbox 1625 4984 1657 5049; x_wconf 92' lang='lat' dir='ltr'>in</span> <span class='ocrx_word' id='word_1_301' title='bbox 1691 4984 1854 5049; x_wconf 90' lang='lat' dir='ltr'>omnihus</span> <span class='ocrx_word' id='word_1_302' title='bbox 1878 4984 1913 5049; x_wconf 93' lang='lat' dir='ltr'>in</span> <span class='ocrx_word' id='word_1_303' title='bbox 1944 4984 2070 5070; x_wconf 88' lang='lat' dir='ltr'>quihus</span> <span class='ocrx_word' id='word_1_304' title='bbox 2095 4987 2202 5051; x_wconf 88' lang='lat' dir='ltr'>habet</span> 
     </span>
     <span class='ocr_line' id='line_1_32' title="bbox 723 5099 2200 5187; baseline 0 -20"><span class='ocrx_word' id='word_1_305' title='bbox 723 5121 812 5181; x_wconf 90' lang='lat' dir='ltr'>esse,</span> <span class='ocrx_word' id='word_1_306' title='bbox 838 5100 1087 5187; x_wconf 89' lang='lat' dir='ltr'>dispositiones</span> <span class='ocrx_word' id='word_1_307' title='bbox 1112 5100 1268 5167; x_wconf 89' lang='lat' dir='ltr'>eiusdem</span> <span class='ocrx_word' id='word_1_308' title='bbox 1294 5100 1425 5186; x_wconf 88' lang='lat' dir='ltr'>speciei</span> <span class='ocrx_word' id='word_1_309' title='bbox 1450 5111 1483 5165; x_wconf 93' lang='lat' dir='ltr'>et</span> <span class='ocrx_word' id='word_1_310' title='bbox 1507 5100 1650 5166; x_wconf 87' lang='lat' dir='ltr'>rationis</span> <span class='ocrx_word' id='word_1_311' title='bbox 1674 5100 1740 5165; x_wconf 88' lang='lat' dir='ltr'>sibi</span> <span class='ocrx_word' id='word_1_312' title='bbox 1766 5099 2046 5186; x_wconf 90' lang='lat' dir='ltr'>proportionatas</span> <span class='ocrx_word' id='word_1_313' title='bbox 2071 5100 2200 5186; x_wconf 92' lang='lat' dir='ltr'>ubique</span> 
     </span>
     <span class='ocr_line' id='line_1_33' title="bbox 722 5216 2200 5302; baseline 0.001 -21"><span class='ocrx_word' id='word_1_314' title='bbox 722 5216 871 5302; x_wconf 84' lang='lat' dir='ltr'>requirit,</span> <span class='ocrx_word' id='word_1_315' title='bbox 898 5218 1036 5283; x_wconf 91' lang='lat' dir='ltr'>-ideo</span> <span class='ocrx_word' id='word_1_316' title='bbox 1061 5216 1163 5283; x_wconf 91' lang='lat' dir='ltr'>etiam</span> <span class='ocrx_word' id='word_1_317' title='bbox 1189 5219 1321 5282; x_wconf 89' lang='lat' dir='ltr'>formae</span> <span class='ocrx_word' id='word_1_318' title='bbox 1346 5217 1389 5281; x_wconf 92' lang='lat' dir='ltr'>ad</span> <span class='ocrx_word' id='word_1_319' title='bbox 1415 5237 1501 5300; x_wconf 82' lang='lat' dir='ltr'>quas</span> <span class='ocrx_word' id='word_1_320' title='bbox 1527 5216 1718 5301; x_wconf 87' lang='lat' dir='ltr'>disponunt</span> <span class='ocrx_word' id='word_1_321' title='bbox 1735 5216 1934 5282; x_wconf 91' lang='lat' dir='ltr'>huiusmodi</span> <span class='ocrx_word' id='word_1_322' title='bbox 1952 5216 2200 5301; x_wconf 88' lang='lat' dir='ltr'>dispositiones</span> 
     </span>
     <span class='ocr_line' id='line_1_34' title="bbox 723 5332 2200 5419; baseline 0 -21"><span class='ocrx_word' id='word_1_323' title='bbox 723 5333 767 5399; x_wconf 93' lang='lat' dir='ltr'>ad</span> <span class='ocrx_word' id='word_1_324' title='bbox 802 5332 1059 5419; x_wconf 90' lang='lat' dir='ltr'>separationem</span> <span class='ocrx_word' id='word_1_325' title='bbox 1087 5333 1222 5399; x_wconf 88' lang='lat' dir='ltr'>animae</span> <span class='ocrx_word' id='word_1_326' title='bbox 1247 5332 1447 5399; x_wconf 85' lang='lat' dir='ltr'>necessario</span> <span class='ocrx_word' id='word_1_327' title='bbox 1478 5332 1706 5418; x_wconf 84' lang='lat' dir='ltr'>disponentes</span> <span class='ocrx_word' id='word_1_328' title='bbox 1741 5343 1822 5397; x_wconf 90' lang='lat' dir='ltr'>sunt</span> <span class='ocrx_word' id='word_1_329' title='bbox 1861 5332 2017 5398; x_wconf 89' lang='lat' dir='ltr'>eiusdem</span> <span class='ocrx_word' id='word_1_330' title='bbox 2058 5332 2200 5398; x_wconf 91' lang='lat' dir='ltr'>rationis</span> 
     </span>
     <span class='ocr_line' id='line_1_35' title="bbox 723 5446 2200 5535; baseline -0.001 -19"><span class='ocrx_word' id='word_1_331' title='bbox 723 5459 756 5517; x_wconf 90' lang='lat' dir='ltr'>et</span> <span class='ocrx_word' id='word_1_332' title='bbox 778 5447 922 5535; x_wconf 91' lang='lat' dir='ltr'>speciei,</span> <span class='ocrx_word' id='word_1_333' title='bbox 947 5448 1038 5522; x_wconf 89' lang='lat' dir='ltr'>sicut</span> <span class='ocrx_word' id='word_1_334' title='bbox 1062 5460 1095 5515; x_wconf 90' lang='lat' dir='ltr'>et</span> <span class='ocrx_word' id='word_1_335' title='bbox 1120 5450 1257 5515; x_wconf 89' lang='lat' dir='ltr'>animae</span> <span class='ocrx_word' id='word_1_336' title='bbox 1285 5470 1375 5535; x_wconf 90' lang='lat' dir='ltr'>quae</span> <span class='ocrx_word' id='word_1_337' title='bbox 1400 5457 1541 5534; x_wconf 89' lang='lat' dir='ltr'>propter</span> <span class='ocrx_word' id='word_1_338' title='bbox 1569 5446 1768 5513; x_wconf 90' lang='lat' dir='ltr'>huiusmodi</span> <span class='ocrx_word' id='word_1_339' title='bbox 1804 5448 2054 5534; x_wconf 86' lang='lat' dir='ltr'>dispositiones</span> <span class='ocrx_word' id='word_1_340' title='bbox 2079 5468 2200 5515; x_wconf 89' lang='lat' dir='ltr'>neces·</span> 
     </span>
     <span class='ocr_line' id='line_1_36' title="bbox 722 5563 2199 5651; baseline -0.001 -20"><span class='ocrx_word' id='word_1_341' title='bbox 722 5563 813 5631; x_wconf 86' lang='lat' dir='ltr'>sario</span> <span class='ocrx_word' id='word_1_342' title='bbox 847 5577 1062 5651; x_wconf 91' lang='lat' dir='ltr'>separantur.</span> <span class='ocrx_word' id='word_1_343' title='bbox 1096 5566 1167 5632; x_wconf 84' lang='lat' dir='ltr'>Sed</span> <span class='ocrx_word' id='word_1_344' title='bbox 1203 5567 1269 5630; x_wconf 91' lang='lat' dir='ltr'>hac</span> <span class='ocrx_word' id='word_1_345' title='bbox 1305 5566 1415 5630; x_wconf 86' lang='lat' dir='ltr'>forma</span> <span class='ocrx_word' id='word_1_346' title='bbox 1450 5563 1608 5629; x_wconf 90' lang='lat' dir='ltr'>eiusdem</span> <span class='ocrx_word' id='word_1_347' title='bbox 1645 5563 1777 5649; x_wconf 89' lang='lat' dir='ltr'>speciei</span> <span class='ocrx_word' id='word_1_348' title='bbox 1810 5564 1844 5628; x_wconf 90' lang='lat' dir='ltr'>in</span> <span class='ocrx_word' id='word_1_349' title='bbox 1884 5564 2031 5629; x_wconf 85' lang='lat' dir='ltr'>diversis</span> <span class='ocrx_word' id='word_1_350' title='bbox 2057 5564 2199 5630; x_wconf 91' lang='lat' dir='ltr'>mortuis</span> 
     </span>
     <span class='ocr_line' id='line_1_37' title="bbox 722 5679 2199 5767; baseline 0.003 -21"><span class='ocrx_word' id='word_1_351' title='bbox 722 5679 989 5761; x_wconf 77' lang='lat' dir='ltr'>introducta,&#39;in</span> <span class='ocrx_word' id='word_1_352' title='bbox 1021 5702 1092 5746; x_wconf 88' lang='lat' dir='ltr'>uno</span> <span class='ocrx_word' id='word_1_353' title='bbox 1117 5692 1233 5767; x_wconf 90' lang='lat' dir='ltr'>potest</span> <span class='ocrx_word' id='word_1_354' title='bbox 1257 5680 1380 5746; x_wconf 89' lang='lat' dir='ltr'>virtute</span> <span class='ocrx_word' id='word_1_355' title='bbox 1404 5680 1520 5745; x_wconf 90' lang='lat' dir='ltr'>divina</span> <span class='ocrx_word' id='word_1_356' title='bbox 1545 5680 1754 5745; x_wconf 85' lang='lat' dir='ltr'>miraculose</span> <span class='ocrx_word' id='word_1_357' title='bbox 1787 5680 1987 5746; x_wconf 90' lang='lat' dir='ltr'>conservari</span> <span class='ocrx_word' id='word_1_358' title='bbox 2018 5703 2063 5746; x_wconf 95' lang='lat' dir='ltr'>ne</span> <span class='ocrx_word' id='word_1_359' title='bbox 2096 5682 2199 5750; x_wconf 89' lang='lat' dir='ltr'>etiam</span> 
     </span>
    </p>
   </div>
   <div class='ocr_carea' id='block_1_3' title="bbox 0 0 3354 7991">
    <p class='ocr_par' dir='ltr' id='par_1_4' title="bbox 0 0 3354 7991">
     <span class='ocr_line' id='line_1_38' title="bbox 0 0 3354 7991; baseline 0 0"><span class='ocrx_word' id='word_1_360' title='bbox 0 0 3354 7991; x_wconf 95' lang='lat' dir='ltr'> </span> 
     </span>
    </p>
   </div>
  </div>
 </body>
</html>
