6700 7992
1038 1469 1074 1519 90
1403 1468 1594 1524 itaclstnl
1623 1468 1843 1525 GODEFRlDl
1872 1469 1923 1523 DE
1952 1468 2149 1525 FONTIBUS

1038 1646 1323 1728 Confessionum,
1348 1647 1501 1733 capitulo
1526 1648 1686 1733 septimo,
1706 1649 1849 1715 materia
1872 1649 1916 1715 sit
1939 1670 2050 1735 prope
2074 1648 2158 1713 nihil
2183 1650 2267 1732 (duo
2292 1648 2384 1716 enim
2400 1650 2514 1717 fecisti

844 1732 1016 1860 f0{⁰2‘{3’2¹⁷,·,
1038 1763 1199 1843 Domine,
1217 1741 1309 1843 dicit,
1335 1786 1441 1829 unum
1474 1766 1479 1848 Ι
1510 1786 1623 1850 prope
1654 1774 1697 1841 te,
1723 1766 1865 1831 alterum
1901 1787 2010 1851 prope
2041 1764 2125 1830 nihil
2160 1787 2230 1850 quo
2262 1765 2346 1831 nihil
2370 1765 2514 1833 inferius

1037 1884 1154 1965 esset),
1191 1880 1332 1945 materia
1367 1893 1483 1945 autem
1519 1891 1571 1946 est
1602 1902 1713 1966 prope
1745 1881 1828 1946 nibil
1864 1894 1900 1945 ut
1931 1880 2055 1947 (licitur
2090 1881 2329 1962 communiter,
2365 1883 2515 1948 natura¹

1036 2008 1152 2062 autem
1176 1995 1338 2084 angelica
1360 2017 1471 2082 prope
1495 1997 1620 2075 Deum,
1644 1996 1692 2061 ita
1716 1998 1812 2081 quod
1835 1998 1924 2063 haec
1948 2009 2029 2061 sunt
2051 1996 2062 2031 ¹
2092 2007 2244 2063 extrema
2268 2009 2513 2080 creaturarum,

1035 2134 1109 2178 non
1133 2110 1273 2197 quidem
1298 2112 1392 2196 quod
1428 2112 1531 2177 n0n³
1566 2112 1609 2177 sit
1643 2112 1810 2198 possibile
1846 2134 1924 2178 esse
1960 2114 2123 2199 angelum
2159 2113 2401 2199 perfectiorem
2429 2136 2514 2201 quo·

1036 2250 1186 2314 cumque
1210 2229 1337 2315 angelo
1361 2249 1456 2293 nunc
1480 2228 1659 2308 existente,
1684 2227 1773 2294 sicut
1797 2250 1866 2294 non
1893 2240 1945 2294 est
1969 2230 2051 2294 dare
2076 2241 2233 2294 naturam
2257 2229 2455 2296 inferiorem
2480 2241 2514 2297 et

1036 2344 1147 2434 magis
1182 2343 1407 2430 potentialem
1443 2364 1546 2429 quam
1582 2344 1760 2410 materiam
1796 2345 1941 2431 primam
1963 2347 1984 2425 ⁴,
2015 2347 2078 2410 sed
2114 2345 2195 2429 quia
2236 2367 2308 2411 non
2343 2356 2396 2412 est
2431 2348 2514 2413 dare

1036 2473 1194 2526 naturam
1218 2459 1462 2545 perfectiorem
1486 2482 1589 2545 quam
1615 2471 1774 2525 naturam
1800 2461 2004 2548 angelicam,
2033 2460 2121 2526 sicut
2145 2482 2212 2527 nec
2237 2471 2394 2527 naturam
2429 2461 2515 2529 infe·

1035 2577 1160 2643 riorem
1201 2599 1304 2661 quarn
1353 2575 1561 2642 materianr⁶
1602 2577 1724 2642 saltem
1773 2577 1967 2643 secundum
2007 2577 2272 2663 dispositionem
2312 2577 2513 2645 huiusmodi

1035 2692 1210 2769 universi3
1235 2731 1276 2740 -
1305 2692 1457 2757 medium
1485 2704 1600 2758 autem
1629 2692 1718 2757 inter
1740 2694 1829 2758 haec
1857 2704 2009 2759 extrema
2036 2693 2172 2758 videtur
2199 2715 2277 2759 esse
2306 2694 2515 2760 intellectiva

1035 2809 1147 2876 forma
1171 2809 1205 2874 in
1230 2818 1397 2893 quantum
1422 2820 1475 2873 est
1499 2819 1596 2873 actus
1614 2809 1702 2873 dans
1730 2830 1809 2874 esse
1833 2808 1996 2875 materiae
2022 2809 2055 2873 in
2080 2830 2150 2893 quo
2175 2809 2411 2876 communicat
2435 2831 2515 2876 cum

1036 2925 1109 2991 aliis
1144 2925 1264 2990 formis
1300 2923 1545 3003 materialibus,
1582 2947 1654 2988 non
1690 2935 1805 2989 tamen
1842 2924 1892 2990 sic
1927 2924 2090 2990 materiae
2126 2925 2289 2990 immersa
2324 2938 2358 2991 et
2392 2926 2437 2991 ab
2472 2947 2516 2993 ea

1035 3044 1290 3127 comprehensa
1318 3041 1373 3105 vel
1406 3041 1612 3125 dependens
1637 3040 1719 3124 quin
1745 3051 1912 3124 quantum
1947 3053 1999 3107 est
2030 3043 2075 3107 de
2107 3064 2145 3106 se
2179 3052 2261 3107 nata
2289 3040 2333 3106 sit
2364 3064 2426 3128 per
2449 3041 2516 3109 se¹

1034 3158 1234 3236 subsistere,
1259 3167 1293 3221 et
1317 3155 1399 3240 quin
1424 3155 1525 3221 etiam
1550 3155 1739 3229 coniuncta
1773 3156 1937 3222 materiae
1965 3159 2091 3222 habeat
2116 3156 2357 3243 operationem
2382 3157 2417 3223 in
2442 3180 2513 3243 qua

1035 3296 1107 3339 non
1133 3274 1238 3338 utitur
1273 3295 1406 3361 organo
1442 3271 1608 3337 materiali
1645 3283 1682 3337 ut
1717 3271 1887 3351 subiecto,
1914 3273 1949 3337 in
1984 3295 2055 3356 quo
2091 3273 2228 3338 excedit
2267 3273 2396 3339 formas
2427 3296 2514 3359 pure

1035 3389 1228 3455 materiales
1268 3400 1301 3454 et
1343 3387 1578 3454 communicat
1617 3409 1696 3454 cum
1732 3388 1866 3475 angelis
1905 3389 1959 3453 vel
1999 3389 2202 3453 substantiis
2242 3401 2276 3455 et
2314 3389 2515 3475 simpliciter

1035 3505 1225 3592 separatis3
1255 3507 1362 3587 (unde
1387 3504 1476 3570 sicut
1511 3503 1545 3568 in
1576 3525 1708 3591 genere
1736 3503 1962 3568 materialium
1993 3527 2066 3568 non
2098 3516 2150 3570 est
2186 3516 2303 3570 natum
2341 3526 2420 3571 esse
2451 3527 2514 3570 ens

1035 3621 1271 3708 imperfectius
1295 3620 1437 3686 materia
1461 3620 1580 3705 prima,
1597 3619 1644 3685 ita
1660 3619 1763 3685 etiam
1788 3619 1823 3684 in
1840 3640 1970 3704 genere
1987 3619 2270 3686 intellectualium
2288 3642 2359 3686 non
2378 3621 2515 3687 videtur

1035 3760 1113 3803 esse
1139 3737 1305 3823 possibile
1330 3759 1407 3802 esse
1433 3735 1630 3801 inferiorem
1656 3735 1770 3800 anima
1795 3737 1958 3814 bumana,
1983 3747 2017 3800 et
2050 3735 2140 3800 sicut
2164 3736 2247 3800 illud
2276 3738 2371 3821 quod
2396 3737 2513 3821 aliquo

1035 3855 1141 3918 modo
1167 3866 1220 3918 est
1244 3852 1431 3938 perfectius
1463 3874 1526 3918 ens
1551 3851 1628 3936 ipsa
1651 3850 1794 3917 materia
1819 3851 1930 3935 prima
1954 3850 2037 3916 est⁷
2072 3863 2171 3916 actus
2196 3851 2407 3938 simpliciter,
2432 3853 2514 3938 quia

1035 3982 1088 4035 est
1111 3969 1146 4034 id
1171 3970 1214 4034 ad
1248 3970 1341 4054 quod
1377 3990 1440 4053 per
1472 3990 1510 4032 se
1544 3979 1578 4033 et
1612 3967 1810 4033 immediate
1835 3979 1887 4032 est
1923 3967 1957 4031 in
1988 3967 2145 4052 potentia
2173 3968 2315 4033 materia
2346 3990 2436 4054 quae
2461 3978 2515 4035 est

1035 4085 1235 4177 simpliciter
1259 4095 1293 4150 et
1316 4106 1403 4169 pura
1427 4082 1593 4169 potentia,
1618 4082 1675 4148 id⁸
1699 4094 1813 4149 autem
1840 4084 1934 4167 quod
1960 4083 2156 4149 immediate
2174 4083 2315 4149 advenit
2340 4094 2373 4150 et
2398 4085 2515 4151 imme·

1036 4201 1127 4267 diate
1153 4200 1287 4285 perficit
1323 4199 1433 4264 illud¹³
1463 4200 1559 4284 quod
1593 4210 1644 4265 est
1676 4198 1877 4284 simpliciter
1909 4198 2051 4263 materia
2083 4210 2136 4265 est
2168 4199 2370 4285 simpliciter
2404 4211 2513 4281 actus,

1036 4319 1131 4401 quod
1163 4339 1235 4381 non
1267 4315 1431 4382 convenit
1459 4314 1526 4379 nisi
1561 4315 1693 4380 formae
1729 4314 1947 4380 substantiali
1985 4326 2018 4380 et
2051 4316 2217 4381 convenit
2252 4315 2346 4381 omni
2381 4315 2515 4383 formae

1036 4432 1265 4513 substantiali,
1305 4431 1386 4517 quia
1422 4431 1535 4495 solum
1571 4430 1714 4495 materia
1750 4429 1860 4515 prima
1895 4441 1947 4495 est
1982 4429 2017 4495 in
2053 4431 2210 4515 potentia
2246 4431 2445 4517 simpliciter
2479 4431 2515 4498 in

1035 4572 1166 4638 genere
1184 4547 1409 4627 substantiae,
1423 4559 1457 4612 et
1470 4545 1635 4631 quicquid
1652 4566 1725 4610 non
1743 4557 1796 4611 est
1812 4545 1887 4630 ipsa
1905 4546 2047 4611 materia
2058 4547 2082 4581 ¹⁰
2098 4546 2132 4611 in
2150 4567 2281 4633 genere
2298 4546 2515 4614 substantiae

1035 4688 1105 4732 non
1131 4676 1184 4730 est
1208 4663 1407 4750 simpliciter
1423 4661 1589 4748 potentia,
1608 4661 1697 4726 sicut
1714 4660 1794 4745 quia
1811 4662 1905 4745 quod
1923 4674 1975 4726 est
1994 4661 2084 4726 infra
2107 4662 2308 4747 simpliciter
2324 4663 2516 4748 potentiam

1035 4793 1073 4847 ut
1097 4781 1185 4846 infra
1203 4779 1380 4845 materiam
1398 4790 1450 4844 est
1467 4799 1554 4863 pure
1571 4799 1643 4842 uon
1669 4798 1742 4856 enS,
1768 4776 1814 4841 ita
1831 4778 1925 4861 quod
1943 4789 1995 4842 est
2012 4799 2117 4862 supra
2138 4778 2313 4843 materiam
2332 4779 2366 4843 in
2384 4800 2516 4867 genere

878 4891 981 4947 00d·P
1035 4897 1251 4962 substantiae
1276 4906 1328 4961 est
1346 4893 1547 4980 simpliciter
1564 4915 1627 4958 ens
1645 4905 1678 4957 et
1694 4892 1774 4957 ideo
1805 4894 1808 4975 l
1842 4892 1936 4958 omni
1960 4894 2092 4959 formae
2110 4894 2328 4959 substantiali
2352 4895 2517 4962 convenit

842 4961 1007 5019 ¹⁰¹'144Rb
1035 5013 1236 5099 simpliciter
1252 5032 1332 5077 esse
1357 5021 1471 5075 actum
1497 5019 1530 5074 et
1554 5009 1711 5088 formam,
1730 5047 1770 5054 —
1796 5007 1842 5072 ita
1866 5007 1949 5073 illud
1973 5011 2069 5093 quod
2094 5022 2146 5075 est
2171 5033 2276 5096 supra
2304 5011 2515 5077 intellectum

1035 5131 1225 5194 humanum
1251 5139 1285 5192 et
1301 5125 1417 5209 aliquo
1435 5125 1541 5189 modo
1559 5146 1621 5188 ens
1636 5123 1659 5158 ¹¹
1683 5123 1871 5208 perfectius
1895 5123 1972 5209 ipso
1990 5148 2060 5190 non
2079 5137 2194 5211 potest
2218 5148 2296 5192 esse
2322 5127 2517 5193 intellectus

1036 5243 1244 5330 potentialis,
1262 5241 1424 5306 materiae
1450 5239 1581 5304 scilicet
1605 5239 1756 5318 unibilis,
1773 5241 1836 5304 sed
1861 5240 2015 5319 actualis,
2033 5241 2068 5306 id
2093 5253 2144 5307 est
2169 5241 2368 5326 simpliciter
2391 5242 2424 5306 in
2450 5265 2516 5309 suo

1036 5381 1115 5425 esse
1134 5358 1157 5394 ¹¹
1184 5368 1345 5443 separato
1377 5358 1575 5442 perfectus;
1604 5376 1711 5440 quare
1746 5376 1812 5421 nec
1843 5365 1960 5440 potest
1995 5379 2073 5422 esse
2109 5369 2208 5423 actus
2226 5357 2250 5392 ¹³
2280 5357 2517 5425 substantialis

1036 5474 1210 5554 materiae,
1229 5474 1291 5539 sed
1309 5484 1362 5538 est
1379 5471 1462 5557 quid
1480 5493 1542 5557 per
1557 5492 1596 5536 se
1614 5482 1647 5536 et
1663 5470 1698 5536 in
1715 5492 1753 5537 se
1770 5471 2028 5538 subsistentiam
2046 5473 2068 5508 ¹¹
2086 5475 2293 5560 completam
2308 5476 2456 5557 habens)
2473 5513 2516 5523 -

1127 5807 1134 5836 ¹
1155 5811 1288 5857 naturam
1304 5804 1333 5856 P.
1348 5833 1381 5842 —
1397 5803 1408 5833 ¹
1422 5820 1477 5854 om.
1492 5802 1523 5855 P.
1537 5833 1569 5840 --
1583 5802 1595 5833 ¹
1608 5801 1687 5872 quud
1701 5803 1769 5869 non]
1785 5818 1843 5854 non
1858 5801 1937 5872 quod
1951 5802 1981 5855 P.
1996 5834 2028 5842 —
2044 5803 2218 5856 ‘materiam
2239 5802 2372 5873 primam]
2393 5803 2516 5875 primam

1036 5893 1189 5946 materiam
1205 5892 1234 5944 P.
1250 5924 1281 5931 —
1297 5893 1453 5944 ¹naturam
1474 5890 1504 5943 P.
1524 5923 1557 5930 —
1578 5892 1589 5922 ¹
1607 5908 1661 5961 per
1672 5892 1715 5958 se]
1735 5907 1790 5942 om.
1805 5889 1835 5942 P.
1856 5921 1888 5928 —
1910 5892 1919 5921 ¹
1938 5908 1989 5943 ens
2009 5889 2073 5961 ipsa
2093 5924 2125 5930 -
2141 5894 2195 5960 est]
2211 5909 2265 5943 om.
2281 5891 2311 5944 P.
2327 5923 2360 5930 --
2377 5890 2471 5944 ¹¹illud
2485 5890 2516 5945 P.

940 6029 946 6038 ,
1036 6010 1069 6019 -
1089 5982 1100 6010 ¹
1120 5978 1288 6033 immediate
1310 5977 1430 6032 advenit
1449 6009 1483 6017 —
1504 5977 1585 6047 illud]
1609 5976 1737 6032 mediate
1760 5984 1790 6030 et
1811 5977 1939 6031 mediate
1961 5977 2076 6049 perficit
2100 5978 2128 6031 id
2152 5979 2181 6032 P.
2203 6011 2235 6017 -
2261 5981 2281 6010 ¹⁰
2301 5979 2329 6032 in
2350 5995 2460 6050 genere
2482 6010 2516 6018 -

1035 6066 1167 6136 materia]
1188 6084 1243 6119 om.
1263 6066 1294 6121 P.
1314 6098 1346 6105 -
1370 6068 1388 6097 ¹¹
1409 6073 1455 6119 est
1474 6066 1505 6120 P.
1526 6098 1558 6105 —
1581 6066 1601 6098 ¹¹
1619 6083 1672 6139 per
1691 6064 1760 6118 adri.
1782 6082 1879 6135 marg.
1899 6065 1929 6118 P.
1951 6096 1984 6104 —
2007 6067 2102 6121 18οηι.
2123 6065 2153 6118 P.
2175 6098 2207 6106 -
2230 6069 2249 6098 ¹¹
2270 6064 2464 6131 substantiam
2484 6064 2516 6129 P.
