6700 7992
1365 1422 1516 1477 PRIMUM
1545 1420 1844 1491 QUODLIBETUM,
1874 1421 1909 1491 Q.
1938 1420 1963 1472 V
2372 1424 2403 1473 13

927 1603 1067 1667 dentem
1093 1601 1110 1665 ¹.
1129 1601 1264 1666 Nullius
1282 1622 1368 1689 ergo
1393 1600 1560 1667 scientiae
1584 1600 1781 1666 subiectum
1805 1602 1911 1666 debet
1935 1599 2018 1685 poni
2043 1600 2109 1664 sub
2133 1598 2267 1664 ratione
2292 1597 2403 1664 infini-

925 1716 1005 1782 tatis
1029 1717 1084 1783 vel
1108 1719 1173 1782 sub
1198 1718 1332 1783 ratione
1356 1717 1527 1783 consimili
1552 1716 1790 1783 determinata.

1017 1834 1111 1913 ltem,
1144 1854 1276 1918 ponere
1308 1835 1403 1919 quod
1442 1835 1540 1899 Deus
1579 1834 1623 1901 sit
1654 1833 1850 1899 subiectum
1886 1833 2031 1898 alicuius
2072 1831 2239 1897 scientiae
2264 1854 2333 1897 non
2367 1831 2402 1896 in

927 1962 1095 2034 quantum
1124 1949 1274 2015 infinitas
1298 1950 1391 2016 cadit
1417 1973 1480 2036 per
1504 1972 1542 2015 se
1567 1952 1631 2014 sub
1659 1950 1808 2028 obiectO,
1833 1950 1888 2015 vel
1912 1949 1946 2014 in
1971 1960 2138 2034 quantum
2164 1961 2216 2014 est
2233 1948 2319 2014 ratio
2336 1949 2402 2013 sub

927 2087 996 2149 qua
1020 2065 1261 2131 consideratur
1275 2062 1340 2151 'per
1356 2088 1394 2131 se
1411 2066 1597 2145 obiectum,
1615 2067 1678 2131 sed
1696 2066 1730 2131 in
1748 2078 1916 2149 quantum
1932 2065 2084 2130 infinitas
2098 2064 2109 2099 ¹
2125 2077 2178 2130 est
2194 2086 2342 2145 annexa,
2371 2103 2399 2112 -

929 2192 963 2247 et
980 2203 1042 2267 per
1065 2203 1143 2246 esse
1168 2203 1343 2247 annexum
1367 2182 1578 2270 intelligatur
1601 2183 1696 2266 quod
1722 2184 1788 2246 sub
1805 2181 1960 2269 generali
1977 2194 2011 2247 et
2037 2181 2222 2246 universali
2238 2181 2373 2247 ratione
2392 2180 2404 2216 ¹

927 2299 993 2362 sub
1018 2319 1087 2382 qua
1114 2299 1212 2363 Deus
1240 2319 1303 2383 per
1330 2320 1368 2363 se
1397 2311 1449 2363 est
1477 2298 1652 2364 obiectum
1682 2319 1854 2363 unacum
1880 2297 1954 2362 aliis
1972 2297 2242 2363 condicionibus
2267 2297 2312 2362 ad
2336 2297 2403 2363 Dei

929 2413 1177 2499 perfectionem
1204 2414 1457 2499 pertinentibus
1475 2414 1675 2480 indistincte
1700 2426 1816 2480 tamen
1840 2414 2098 2497 includa[n]tur,
2120 2452 2160 2460 —
2179 2435 2250 2479 non
2268 2413 2404 2478 videtur

927 2529 1190 2596 inconveniens

1017 2646 1111 2723 Item,
1129 2647 1164 2711 in
1181 2648 1249 2711 hoc
1267 2647 1361 2730 quod
1386 2646 1510 2712 dicitur
1527 2648 1620 2730 quod
1639 2648 1736 2711 Deus
1762 2646 1828 2711 isto
1854 2647 1960 2711 modo
1984 2647 2143 2711 absolute
2161 2646 2403 2712 consideratus

929 2773 982 2826 est
999 2761 1174 2827 obiectum
1191 2762 1357 2827 scientiae
1375 2773 1554 2828 creaturae
1571 2762 1757 2841 rationalis,
1772 2764 1835 2827 sed
1849 2763 2024 2828 obiectum
2039 2783 2123 2827 suae
2138 2761 2150 2796 ⁴
2166 2761 2334 2828 scientiae
2351 2773 2404 2829 est

928 2879 993 2942 sub
1022 2877 1156 2943 ratione
1181 2878 1418 2957 determinata,
1437 2879 1622 2943 includitur
1649 2878 1913 2955 inconveniens
1942 2877 2076 2943 scilicet
2104 2879 2196 2962 quod
2234 2878 2404 2946 nobiliore

929 2994 1045 3068 mod0,
1063 2993 1143 3077 quia
1160 2993 1416 3074 universaliores,
1434 3007 1486 3059 est
1503 2994 1677 3060 obiectum
1696 2994 1863 3060 scientiae
1881 3009 2059 3060 creaturae
2083 3016 2186 3078 quam
2212 2994 2265 3059 sui
2283 2994 2402 3080 ipsius,

929 3120 963 3174 et
991 3109 1117 3192 qu0d¹
1144 3109 1288 3175 scientia
1317 3132 1386 3193 qua
1412 3111 1509 3175 Deus
1538 3111 1723 3196 cognoscit
1748 3133 1786 3176 se
1815 3110 1950 3175 videtur
1978 3132 2057 3175 esse
2082 3111 2147 3175 sub
2172 3110 2318 3176 scientia
2335 3132 2403 3196 qua

929 3224 1154 3311 cognoscitur
1178 3247 1198 3289 a
1222 3236 1380 3291 creatura
1403 3227 1597 3291 secundum
1624 3248 1730 3290 unum
1755 3227 1897 3292 modum
1922 3225 2227 3291 subalternationis
2252 3226 2403 3311 positum

928 3360 948 3403 a
977 3341 1204 3424 Philosoplro.
1243 3381 1264 3386 -
1304 3341 1375 3406 Sed
1404 3342 1448 3405 ad
1477 3345 1545 3406 hoc
1574 3342 1790 3426 respondent
1819 3341 1984 3426 praedicti
2013 3342 2082 3426 qui,
2108 3353 2145 3407 ut
2173 3341 2206 3406 in
2236 3341 2403 3426 pluribus

929 3455 1030 3519 nimis
1054 3456 1173 3521 leviter
1197 3469 1333 3541 ponunt
1357 3457 1530 3522 contraria
1555 3457 1608 3522 his
1633 3479 1723 3541 quae
1748 3457 1783 3522 in
1808 3457 2030 3542 philosophia
2058 3457 2307 3522 rationabiliter
2323 3468 2405 3523 sunt

930 3571 1064 3655 postta;
1082 3584 1116 3637 et
1144 3572 1264 3636 dicunt
1291 3574 1385 3656 quod
1411 3573 1493 3637 illud
1519 3574 1612 3657 quod
1637 3572 1694 3638 hic
1723 3573 1942 3638 concluditur
1966 3595 2037 3637 non
2063 3584 2116 3638 est
2132 3594 2273 3652 verum,
2299 3573 2404 3638 immo

929 3687 1074 3753 scientia
1103 3710 1205 3772 quarn
1235 3691 1340 3754 habet
1368 3700 1525 3754 creatura
1553 3691 1597 3755 de
1621 3691 1699 3755 Deo
1724 3711 1805 3754 vere
1829 3691 2084 3754 subalternatur
2107 3688 2274 3755 scientiae
2299 3711 2401 3774 quarn

929 3805 1033 3868 habet
1062 3805 1159 3868 Deus
1188 3805 1232 3869 de
1256 3804 1375 3889 seipso
1400 3806 1595 3869 secundum
1613 3806 1755 3870 modum
1780 3805 2006 3890 praedictum.
2032 3805 2075 3869 Et
2092 3816 2145 3870 est
2160 3791 2253 3870 iste⁰
2276 3805 2404 3869 modus

929 3919 1234 3985 subalternationis
1252 3920 1339 3984 alius
1353 3931 1386 3984 et
1410 3920 1604 3986 contrarius
1630 3921 1689 3985 uni
1715 3922 1896 3986 modorum
1923 3920 2152 4005 positoruma
2176 3920 2403 4007 Philosopho,

929 4034 1009 4118 quia
1033 4036 1122 4100 haec
1149 4034 1295 4101 scientia
1324 4035 1552 4100 considerans
1579 4037 1774 4102 subiectum
1802 4034 2051 4102 contractum⁷
2078 4049 2112 4100 et
2139 4057 2219 4102 cum
2247 4035 2405 4102 determi-

875 4215 877 4219 ,
929 4149 1071 4215 natione
1110 4152 1324 4216 subalternat
1362 4151 1543 4217 scientiam
1584 4152 1866 4217 considerantem
1906 4153 1988 4216 illud
2028 4151 2228 4237 simpliciter
2260 4163 2293 4218 et
2328 4153 2405 4218 sine

928 4264 1218 4332 determinatione
1236 4266 1257 4330 ¹³.
1290 4306 1331 4314 -
1364 4268 1435 4333 Sed
1466 4267 1545 4352 quia
1578 4268 1856 4333 irrationabilitas
1891 4268 1994 4332 huius
2026 4268 2106 4333 dicti
2140 4269 2333 4333 secundum
2366 4288 2405 4334 se

928 4381 1012 4446 satis
1029 4393 1125 4465 patet
1141 4392 1175 4447 et
1199 4382 1382 4448 manifeste
1407 4384 1613 4449 contradicit
1637 4386 1729 4450 bene
1746 4384 1847 4449 dictis
1866 4406 1885 4448 a
1908 4384 2133 4468 Philosopho,
2151 4383 2248 4448 non⁹
2271 4382 2405 4470 indiget

928 4496 1069 4580 speciali
1094 4498 1349 4582 reprobatione.

1018 4615 1202 4678 Praeterea
1226 4614 1397 4679 diceretur
1422 4637 1493 4679 non
1519 4615 1633 4679 minus
1658 4615 1804 4681 scientia
1829 4626 2010 4680 creaturae
2035 4615 2079 4680 de
2107 4616 2185 4680 Deo
2202 4613 2347 4694 infinita,
2376 4614 2404 4679 si

928 4729 1128 4796 consideret
1152 4729 1354 4795 infinitatem
1380 4730 1445 4796 Dei
1471 4742 1506 4795 ut
1531 4753 1704 4796 annexam
1721 4731 1890 4795 rationem
1908 4731 1986 4795 Deo
2011 4732 2092 4813 e[s]t
2107 4730 2303 4796 subiectum
2321 4751 2405 4796 con·

928 4845 1149 4910 siderationis
1174 4867 1276 4929 quam
1302 4846 1331 4910 si
1355 4846 1555 4912 consideret
1579 4847 1688 4931 ipsam
1716 4860 1752 4910 ut
1777 4859 1829 4912 est
1853 4846 1940 4910 ratio
1964 4845 2074 4932 ipsius
2090 4846 2115 4881 ¹⁰
2137 4844 2285 4911 subiecti
2309 4847 2404 4930 quod

795 4992 797 4996 ·
928 4983 998 5027 non
1017 4961 1178 5046 importet
1195 4961 1219 4996 ¹¹
1236 4961 1337 5025 aliam
1359 4983 1430 5027 rem
1456 4984 1526 5027 uno
1551 4964 1657 5028 modo
1683 4974 1716 5027 et
1741 4962 1840 5026 aliam
1866 4962 1932 5026 alio
1957 4962 2073 5027 modu.
2099 4961 2137 5027 Si
2154 4962 2246 5026 enim
2264 4972 2406 5047 propter

929 5076 1132 5142 intinitatem
1171 5076 1299 5143 obiecti
1316 5076 1340 5112 ¹¹
1367 5078 1535 5143 scientiae
1570 5078 1613 5143 sit
1649 5077 1795 5143 scientia
1830 5078 1973 5155 infinita,
2007 5088 2040 5141 et
2072 5078 2265 5173 secundum
2302 5078 2405 5142 istum

928 5194 1069 5259 modurn
1088 5192 1134 5257 ita
1151 5193 1287 5259 realiter
1304 5194 1453 5259 obicitur
1469 5193 1593 5259 rationi
1611 5194 1721 5278 ipsius
1739 5193 1934 5259 intellectus
1958 5193 2110 5258 infinitas
2128 5193 2255 5272 divina,
2275 5192 2365 5259 sicut
2381 5192 2406 5228 ¹¹

928 5310 1122 5375 secundum
1148 5309 1252 5373 alium
1268 5310 1421 5388 modum,
1446 5310 1525 5375 licet
1542 5310 1656 5374 minus
1681 5309 1927 5395 principaliter,
1954 5321 2143 5394 utcumque
2167 5308 2225 5374 hic
2250 5319 2406 5374 sumatur

928 5424 1081 5490 infinitas
1105 5426 1195 5491 sicut
1220 5425 1275 5490 ibi.
1294 5427 1374 5490 Non
1392 5426 1483 5491 enim
1501 5427 1605 5491 debet
1622 5425 1691 5491 dici
1708 5427 1803 5509 quod
1821 5427 1919 5490 Deus
1935 5425 1958 5459 ¹⁴
1975 5425 2019 5490 sit
2036 5424 2212 5491 obiectum
2237 5424 2405 5490 scientiae

1019 5673 1026 5702 ¹
1041 5670 1240 5725 recludentem
1260 5671 1290 5724 P.
1311 5656 1344 5710 -”
1364 5671 1374 5702 ’
1393 5669 1472 5725 cadit
1492 5702 1525 5709 -
1544 5670 1682 5739 infinitas]
1697 5688 1751 5723 om.
1769 5672 1799 5724 P.
1820 5703 1852 5708 —
1867 5670 1934 5723 'bis
1952 5671 1983 5724 P.
1998 5701 2030 5708 —
2047 5673 2056 5702 ⁴
2069 5687 2125 5724 om.
2140 5670 2172 5725 P.
2187 5702 2219 5710 -
2235 5672 2245 5702 ⁶
2257 5688 2313 5723 om.
2328 5671 2358 5723 P.
2372 5702 2404 5710 —

927 5757 999 5812 ¹ille
1019 5759 1050 5812 P.
1064 5791 1096 5798 -
1113 5760 1304 5812 ¹concretum
1317 5760 1349 5825 P,
1363 5767 1545 5812 contractum
1558 5759 1661 5829 scripr.
1678 5777 1775 5829 marg.
1790 5759 1820 5811 P.
1836 5790 1867 5796 —
1883 5759 2087 5812 ¹subalternat
2099 5790 2133 5798 —
2151 5757 2405 5828 determinatione]

927 5864 983 5898 om.
998 5846 1028 5899 P.
1049 5879 1082 5885 —
1096 5849 1107 5876 ⁹
1120 5864 1174 5899 nec
1189 5847 1218 5899 P.
1234 5879 1266 5885 -
1283 5849 1303 5878 ¹⁰
1316 5845 1428 5901 infinita
1439 5878 1472 5885 -
1485 5846 1588 5917 ipsius]
1603 5856 1648 5900 est
1661 5845 1825 5901 subiectum
1839 5845 2085 5901 considerationis
2099 5846 2225 5917 quamsi
2239 5845 2406 5901 consideret

928 5932 1100 5987 intinitatem
1115 5934 1170 5988 Dei
1190 5943 1221 5988 ut
1240 5951 1383 5989 annexam
1404 5933 1547 5988 rationem
1560 5935 1591 5989 P.
1612 5968 1644 5975 -
1665 5937 1685 5967 ¹¹
1699 5935 1837 6009 importat
1857 5934 1887 5989 P.
1901 5965 1934 5972 -
1957 5935 1977 5965 ¹¹
1990 5932 2115 5989 subiecti
2130 5934 2160 5988 P.
2175 5967 2207 5974 -
2224 5935 2244 5968 ¹⁸
2257 5953 2312 5989 om.
2327 5936 2357 5993 P.
2372 5967 2405 5977 —

930 6026 950 6056 ¹⁴
964 6042 1019 6080 om.
1032 6025 1063 6078 P.
