6700 7992
1028 1393 1046 1441 4
1395 1389 1587 1444 MAGISTRI
1616 1389 1836 1444 GODEFRIDI
1865 1390 1917 1444 DE
1944 1390 2143 1446 FONTIBUS

1030 1582 1209 1636 creaturae
1226 1568 1501 1649 considerantur,
1516 1568 1724 1654 accipiendo
1741 1568 1874 1635 scilicet
1890 1569 2129 1655 operationem
2146 1591 2209 1655 pro
2226 1591 2334 1655 opere
2351 1583 2511 1657 operato.

1030 1685 1090 1753 Sic
1119 1697 1233 1771 potest
1261 1685 1329 1751 dici
1357 1685 1451 1770 quod
1479 1707 1586 1750 unum
1615 1706 1706 1770 opus
1733 1685 1788 1749 vel
1815 1696 1995 1770 operatum
2024 1696 2077 1751 est
2105 1685 2292 1771 perfectius
2320 1689 2372 1752 vel
2397 1686 2513 1752 maius

1030 1803 1148 1882 alter0,
1174 1813 1208 1867 et
1230 1801 1365 1867 ratione
1389 1800 1483 1867 modi
1508 1799 1750 1886 productionis
1774 1822 1870 1881 suae,
1895 1812 1930 1867 et
1951 1801 2086 1867 ratione
2109 1800 2219 1886 ipsius
2243 1803 2413 1887 producti.

1119 1916 1267 1983 Ratione
1291 1916 1385 1982 modi
1408 1915 1627 2003 producendi
1652 1915 1777 1982 dicitur
1801 1916 1942 2001 aliquod
1966 1938 2057 2002 opus
2080 1916 2209 1997 rnaius3
2234 1929 2350 1984 tamen
2372 1920 2509 1987 adhoc

1030 2033 1125 2118 quod
1142 2054 1197 2099 res
1222 2032 1256 2097 in
1274 2054 1353 2099 esse
1377 2053 1440 2118 per
1462 2031 1662 2097 huiusmodi
1679 2053 1770 2117 opus
1794 2021 2016 2117 producatur,
2034 2031 2118 2097 nihil
2134 2034 2430 2119 praesupponitur
2452 2037 2507 2101 vel

1030 2147 1198 2216 subicitur
1226 2170 1267 2214 ex
1294 2158 1394 2234 parte
1421 2146 1582 2233 producti
1611 2147 1646 2212 in
1673 2168 1745 2232 quo
1772 2149 2038 2232 producendum
2063 2148 2250 2215 virtualiter
2276 2151 2505 2234 praeexistat3

1030 2265 1093 2331 sed
1117 2263 1231 2350 ipsum
1256 2263 1473 2349 producibile
1497 2263 1692 2329 secundum
1716 2274 1826 2329 toturn
1850 2263 1885 2328 id
1910 2264 2004 2348 quod
2028 2264 2072 2329 ad
2097 2264 2172 2329 eius
2196 2285 2275 2331 esse
2298 2267 2403 2332 habet
2425 2288 2507 2333 con-

1030 2401 1178 2460 currere,
1203 2391 1237 2446 et
1253 2389 1420 2464 quantum
1445 2380 1489 2444 ad
1514 2377 1714 2464 potentiale,
1732 2390 1766 2445 et
1782 2390 1950 2463 quantum
1974 2380 2018 2443 ad
2035 2381 2170 2445 actuale
2188 2380 2272 2460 eius,
2291 2402 2333 2447 ex
2352 2382 2508 2466 potentia

1030 2495 1257 2582 producentis
1274 2496 1460 2580 dependet.
1478 2493 1690 2560 Huiusmodi
1714 2493 1854 2579 quidem
1872 2516 1963 2580 opus
1979 2494 2104 2561 dicitur
2120 2495 2302 2574 maius-vel
2318 2497 2507 2582 perfectius

1030 2612 1087 2677 illo
1116 2633 1186 2696 quo
1214 2632 1270 2677 res
1298 2610 1331 2675 in
1357 2622 1438 2676 actu
1463 2609 1665 2696 producitur
1689 2631 1731 2676 ex
1755 2609 1872 2695 aliquo
1897 2610 2152 2695 praeexistente
2176 2624 2256 2678 ente
2281 2612 2315 2677 in
2341 2613 2507 2698 potentia,

1030 2739 1068 2793 ut
1094 2749 1136 2793 ex
1163 2726 1242 2812 ipso
1269 2726 1329 2792 fiat
1356 2727 1423 2792 tale
1447 2727 1641 2792 secundum
1666 2747 1745 2793 esse
1769 2725 1804 2791 in
1828 2737 1918 2792 actu.
1954 2726 2101 2811 Propter
2128 2729 2223 2811 quod
2254 2728 2356 2794 etiam
2381 2741 2507 2813 potens

974 2858 979 2868 “
1030 2844 1235 2929 producere,
1259 2843 1354 2908 nullo
1384 2841 1664 2928 praesupposit0,
1694 2854 1747 2908 est
1773 2840 1912 2907 maioris
1940 2841 2074 2907 virtutis
2102 2842 2136 2906 in
2165 2842 2335 2908 infinitum
2364 2855 2508 2928 potente

1029 2960 1225 3045 producere
1241 2959 1354 3024 solum
1372 2957 1488 3043 aliquo
1504 2955 1698 3043 supposito.
1724 2957 1767 3022 Et
1782 2957 1977 3023 secundum
1994 2959 2063 3023 hoc
2080 2958 2267 3042 perfectior
2281 2972 2335 3025 est
2351 2960 2507 3045 operatio

1030 3074 1097 3140 Dei
1113 3096 1182 3160 qua
1206 3073 1384 3138 minimum
1409 3084 1443 3138 et
1466 3072 1668 3138 vilissimum
1686 3094 1838 3138 vermem
1857 3072 1865 3107 ¹
1890 3072 1924 3136 in
1942 3093 2020 3138 esse
2037 3073 2199 3158 producit
2220 3075 2385 3155 creando,
2403 3097 2507 3159 quam

1031 3189 1188 3275 operatio
1213 3188 1463 3272 cuiuscumque
1491 3188 1627 3276 agentis
1656 3187 1762 3253 creati
1790 3199 2110 3273 quantumcumque
2138 3189 2327 3274 perfectam
2356 3212 2428 3256 rem
2454 3191 2509 3257 vel

1031 3304 1185 3390 speciem
1210 3303 1309 3385 entis,
1334 3304 1473 3370 actione
1494 3302 1640 3368 naturali
1665 3324 1708 3368 ex
1731 3302 1888 3388 potentia
1914 3303 2078 3370 materiae
2102 3304 2138 3369 in
2162 3326 2242 3370 esse
2266 3305 2505 3390 producentis.

1030 3421 1074 3486 Et
1097 3422 1167 3485 hoc
1191 3420 1297 3485 modo
1322 3419 1424 3485 etiam
1448 3429 1570 3503 posset
1594 3417 1662 3485 dici
1687 3418 1781 3507 quod
1806 3404 2048 3505 operationum
2075 3419 2141 3486 Dei
2169 3419 2225 3485 illa
2251 3442 2320 3506 qua
2346 3420 2508 3506 producit

1031 3535 1209 3601 minimum
1234 3533 1429 3600 subsistens
1452 3533 1487 3598 in
1512 3554 1552 3599 se
1575 3554 1638 3619 per
1661 3533 1885 3614 creationem,
1906 3546 1961 3600 est
1983 3534 2169 3619 perfectior
2184 3535 2240 3600 illa
2261 3558 2330 3621 qua
2347 3538 2509 3622 producit

1031 3650 1160 3736 aliquid
1178 3672 1220 3716 ex
1236 3649 1402 3716 materiali
1418 3649 1629 3730 obedientia,
1646 3651 1780 3734 absque
1804 3648 1927 3715 ordine
1943 3662 2098 3730 naturae,
2121 3652 2216 3734 quod
2240 3664 2361 3737 posset
2384 3665 2508 3719 natura

844 3726 1008 3853 foif'ggglpe
1031 3769 1227 3854 producere
1250 3788 1313 3853 per
1340 3767 1344 3850 l
1371 3767 1472 3851 plura
1494 3765 1618 3831 media.

1120 3884 1172 3948 Ex
1188 3893 1285 3968 parte
1300 3902 1384 3947 vero
1403 3880 1536 3967 operati
1552 3880 1626 3946 sive
1642 3879 1777 3946 ratione
1794 3880 1930 3946 termini
1946 3881 2196 3966 productionis,
2210 3882 2261 3949 sic
2277 3883 2335 3948 illa
2350 3885 2508 3970 operatio

1032 3997 1157 4065 dicitur
1184 3997 1370 4084 perfectior
1393 4018 1456 4083 per
1480 4018 1582 4082 quam
1610 3996 1813 4082 producitur
1840 3995 2027 4082 perfectius
2052 3996 2087 4061 in
2111 4008 2235 4063 natura
2258 4001 2313 4065 vel
2342 4000 2506 4080 entitate3

1031 4127 1066 4182 et
1081 4113 1133 4181 sic
1149 4113 1305 4199 operatio
1328 4135 1397 4198 qua
1420 4112 1660 4198 producuntur
1684 4111 1835 4177 animata
1859 4111 1984 4178 dicitur
2008 4113 2195 4198 perfectior
2218 4114 2422 4199 operatione
2437 4139 2507 4200 qua

1031 4230 1245 4311 inanimata3
1282 4240 1316 4295 et
1351 4227 1509 4314 operatio
1544 4229 1599 4294 vel
1635 4227 1822 4312 productio
1861 4227 2045 4313 compositi
2080 4229 2296 4295 substantiae
2327 4231 2507 4297 nobilioris

1031 4345 1219 4431 perfectior
1246 4356 1299 4410 est
1326 4366 1429 4429 quam
1459 4342 1644 4429 productio
1676 4342 1861 4428 compositi
1889 4364 1931 4408 ex
1959 4344 2153 4409 substantia
2181 4344 2333 4411 inferiori
2362 4357 2396 4412 et
2423 4369 2506 4432 quo·

1031 4482 1181 4546 cumque
1205 4459 1397 4540 accidente,
1414 4468 1452 4524 ut
1472 4457 1657 4545 productio
1682 4457 1799 4546 angeli
1822 4457 1858 4522 in
1881 4470 2005 4523 natura
2028 4480 2093 4524 sua
2116 4471 2170 4525 est
2192 4460 2379 4546 perfectior
2403 4484 2506 4546 quarn

1030 4576 1215 4663 productio
1243 4574 1393 4641 hominis
1421 4574 1525 4641 etiam
1552 4573 1587 4638 in
1614 4573 1736 4662 gratia,
1765 4613 1806 4621 —
1835 4574 2094 4640 considerando
2125 4577 2214 4642 haec
2242 4587 2278 4641 ut
2305 4588 2386 4642 sunt
2414 4578 2507 4643 entia

1030 4694 1203 4779 quaedam
1220 4691 1415 4759 secundum
1432 4712 1470 4757 se
1488 4702 1523 4757 et
1538 4691 1733 4756 secundum
1751 4712 1869 4756 earum
1884 4691 2042 4776 proprias
2067 4702 2217 4771 naturas,
2235 4691 2317 4776 quia
2334 4693 2508 4778 quaelibet
2558 4738 2562 4748 ·

1030 4807 1226 4875 substantia
1248 4806 1444 4874 secundum
1468 4826 1506 4872 se
1530 4805 1681 4871 nobilior
1704 4816 1756 4871 est
1780 4805 1936 4889 quolibet
1960 4806 2151 4873 accidente.

1119 4924 1192 4991 Sed
1207 4923 1386 5008 loquendo
1410 4923 1455 4988 de
1470 4921 1686 5006 perfectione
1711 4921 1867 5001 alicuius,
1885 4942 1956 4986 non
1974 4923 2168 4987 secundum
2185 4944 2234 5002 se,
2252 4923 2367 5008 sedin
2384 4923 2506 4991 ordine

1031 5053 1065 5107 et
1091 5036 1382 5124 comparatione²
1405 5039 1449 5102 ad
1476 5036 1592 5117 finem,
1620 5036 1705 5101 illud
1733 5058 1804 5121 quo
1832 5036 1959 5122 aliquid
1985 5037 2172 5122 perfectius
2198 5039 2421 5128 coniungitur
2446 5039 2506 5105 fini

1031 5168 1084 5224 est
1107 5154 1296 5242 perfectius
1312 5153 1371 5218 illo
1396 5174 1465 5238 quo
1482 5174 1553 5218 non
1578 5153 1629 5218 sic
1653 5151 1783 5237 aliquid
1800 5152 2032 5241 coniungitur.
2050 5153 2093 5218 Et
2109 5153 2170 5232 εἰς,
2188 5175 2267 5220 curn
2285 5177 2347 5238 per
2367 5155 2506 5220 habitus

1030 5271 1200 5361 gratuitos
1227 5268 1405 5334 rationalis
1422 5279 1580 5334 creatura
1597 5267 1785 5352 perfectius
1810 5268 2043 5356 coniungatur
2066 5269 2124 5333 fini
2149 5269 2279 5350 ultim0,
2305 5285 2338 5336 et
2362 5271 2508 5336 efficitur

1030 5388 1184 5473 quodam
1207 5384 1369 5451 nobiliori
1397 5384 1503 5450 modo
1531 5383 1706 5468 particeps
1734 5382 1872 5449 divinae
1899 5383 2064 5449 bonitatis
2092 5400 2126 5450 et
2150 5385 2375 5470 perfectionis
2403 5408 2505 5471 quam

1030 5525 1093 5590 per
1125 5501 1314 5587 acquisitos
1344 5501 1398 5566 vel
1427 5520 1531 5585 quam
1559 5520 1622 5584 per
1651 5498 1828 5584 potentias
1855 5501 2030 5565 naturales
2058 5501 2182 5581 nudas,
2214 5502 2408 5567 secundum
2438 5504 2507 5567 hoc

1030 5617 1217 5706 perfectior
1240 5628 1293 5683 est
1312 5614 1470 5701 operatio
1487 5613 1554 5680 Dei
1578 5635 1648 5699 qua
1670 5615 1834 5699 producit
1855 5615 2001 5703 gratiam
2026 5614 2061 5681 in
2085 5616 2210 5700 aliquo,
2235 5615 2309 5683 sive
2333 5638 2402 5702 qua
2425 5616 2508 5682 facit

1030 5734 1180 5820 aliquem
1204 5753 1284 5799 esse
1307 5743 1455 5820 gratum,
1480 5750 1583 5815 quam
1608 5730 1765 5815 operatio
1789 5752 1859 5815 qua
1882 5730 2043 5816 producit
2064 5731 2099 5796 in
2121 5753 2201 5798 esse
2222 5743 2366 5798 naturae
2390 5754 2517 5818 quam—

1121 6002 1129 6032 ¹
1143 6015 1245 6053 verum
1258 6004 1303 6052 est
1315 5997 1341 6050 V
1354 5995 1435 6050 etin.
1450 6011 1548 6066 marg.
1562 6008 1597 6048 2⁰
1611 6012 1649 6047 m.
1663 5996 1695 6049 P.
1708 6027 1742 6035 -
1756 5997 1767 6028 ¹
1780 5994 1990 6067 cooperatione
2004 5996 2034 6050 P.
