6700 7992
1005 1457 1056 1512 tm
1367 1457 1559 1513 uacuam
1588 1420 1808 1514 conanum
1837 1455 2116 1513 coronamus

1004 1640 1059 1705 vel
1087 1649 1140 1705 est
1163 1638 1318 1724 potentia
1342 1638 1542 1725 simpliciter
1566 1649 1599 1704 et
1627 1638 1723 1704 nullo
1747 1638 1853 1704 modo
1880 1648 1990 1718 actus
2015 1648 2049 1704 et
2076 1637 2159 1703 illud
2182 1647 2347 1728 respectu
2378 1635 2479 1705 cuius

1003 1765 1057 1822 est
1073 1755 1130 1821 et¹
1153 1755 1354 1841 simpliciter
1379 1766 1478 1821 actus
1503 1765 1537 1821 et
1561 1766 1614 1820 est
1637 1755 1747 1820 forma
1770 1753 2018 1835 substantialis,
2035 1792 2076 1801 —
2095 1755 2150 1820 vel
2171 1764 2225 1820 est
2248 1752 2404 1840 potentia
2427 1774 2479 1820 se·

1003 1872 1157 1937 cundum
1187 1870 1269 1956 quid
1302 1881 1335 1936 et
1366 1869 1567 1957 simpliciter
1600 1881 1710 1949 actus,
1739 1881 1773 1936 et
1802 1869 1885 1935 illud
1916 1879 2078 1955 respectu
2118 1869 2218 1936 cuius
2257 1869 2340 1936 est¹
2378 1880 2479 1936 actus

1002 1988 1198 2053 seeundum
1233 1986 1316 2071 quid
1352 1998 1386 2051 et
1413 1998 1467 2052 est
1493 1987 1605 2052 forma
1629 1984 1863 2051 accidentalis
1898 1986 1979 2050 Non
2007 1984 2098 2051 enim
2126 1994 2180 2051 est
2210 1984 2363 2051 medium
2390 1984 2481 2052 inter

1004 2102 1193 2189 potentiam
1221 2101 1447 2188 simpliciter²
1470 2123 1560 2187 quae
1589 2114 1642 2167 est
1665 2102 1745 2187 hyle
1773 2111 1807 2167 et
1834 2101 2026 2188 potentiam
2054 2102 2249 2168 secundum
2277 2099 2362 2188 quid
2388 2122 2479 2186 quae

1003 2229 1057 2284 est
1082 2218 1277 2294 subiectum
1297 2217 1309 2253 ³
1332 2217 1366 2283 in
1395 2228 1485 2298 actu,
1510 2229 1544 2283 et
1568 2240 1631 2304 per
1654 2238 1877 2303 consequens
1900 2239 1972 2282 non
2000 2228 2053 2284 est
2079 2216 2230 2284 medium
2248 2217 2336 2284 inter
2363 2228 2479 2285 actum

1002 2332 1203 2420 simpliciter
1226 2333 1284 2420 qui
1316 2344 1369 2401 est
1398 2334 1510 2400 forma
1534 2332 1771 2399 substantialis
1797 2343 1830 2400 et
1862 2345 1976 2399 actum
2012 2332 2070 2419 qui
2094 2345 2147 2399 est
2177 2333 2288 2399 forma
2316 2325 2479 2401 'acciden-

999 2450 1088 2516 talis.
1113 2449 1157 2515 Et
1179 2449 1373 2516 secundum
1397 2451 1466 2515 hoc
1490 2449 1726 2534 Philosophus
1744 2453 1790 2533 (l)
1815 2448 1971 2535 posuerit
1995 2448 2168 2535 duplicem
2193 2449 2381 2516 factionem
2405 2449 2479 2517 sive

1002 2565 1264 2654 generationem
1296 2587 1365 2651 qua
1396 2564 1591 2652 composita
1622 2565 1737 2650 aliqua
1768 2586 1832 2650 per
1870 2587 1908 2630 se
1946 2564 2043 2630 fiunt.
2089 2565 2179 2630 Nam
2214 2564 2477 2654 generationem

1003 2680 1203 2768 simpliciter
1250 2681 1377 2767 posuit,
1425 2703 1494 2766 qua
1539 2680 1745 2766 producitur
1790 2681 2023 2766 compositum
2072 2680 2166 2747 dicto
2209 2681 2316 2747 modo
2355 2681 2478 2768 primo,

1001 2795 1264 2886 generationem
1293 2798 1488 2863 secundum
1517 2797 1599 2882 quid
1628 2796 1702 2862 sive
1728 2796 1966 2862 alterationem
1995 2797 2048 2861 vel
2075 2796 2286 2878 huiusmodi,
2311 2819 2381 2883 qua
2400 2818 2479 2884 pro·

1003 2912 1140 2978 ducitur
1163 2912 1395 2998 compositum
1423 2913 1581 2979 secundo
1598 2913 1716 2978 modo.
1747 2911 1784 2979 Si
1809 2933 1894 3000 ergo
1918 2912 2071 2978 essentia
2098 2923 2132 2979 et
2156 2934 2236 2979 esse
2263 2912 2298 2978 in
2323 2913 2479 2980 materia·

904 3005 909 3013 ¹
949 3080 953 3086 .
998 3028 1092 3095 libus
1120 3027 1240 3095 dicunt
1275 3028 1429 3095 diversas
1464 3050 1520 3094 res
1555 3050 1598 3094 ex
1631 3028 1758 3112 quibus
1797 3050 1905 3093 unum
1945 3027 2084 3114 aliquod
2120 3029 2215 3113 quod
2249 3039 2302 3095 est
2340 3051 2403 3116 per
2440 3051 2480 3096 se

1001 3143 1169 3210 terminus
1201 3143 1347 3210 alicuius
1386 3143 1685 3209 transmutationis
1717 3143 1947 3224 constituitur,
1984 3155 2043 3209 aut
2074 3165 2160 3232 ergo
2198 3145 2237 3209 fit
2268 3167 2374 3210 unum
2418 3167 2481 3232 per

1004 3282 1042 3327 se
1059 3272 1118 3325 aut
1141 3280 1204 3346 per
1227 3259 1402 3327 accidens.
1428 3259 1466 3327 Si
1482 3260 1593 3346 primo
1617 3261 1735 3339 mod0‚
1753 3259 1867 3345 ipsum
1892 3281 1972 3326 esse
1996 3270 2090 3326 esset
2106 3260 2217 3326 forma
2241 3261 2479 3328 substantialis

1002 3386 1036 3443 et
1071 3388 1165 3442 esset
1197 3375 1281 3441 illud
1316 3376 1410 3461 quod
1449 3375 1685 3462 principaliter
1724 3377 1768 3440 ad
1808 3375 1995 3441 essentiam
2035 3376 2221 3462 compositi
2258 3377 2407 3463 pertinet
2445 3388 2480 3444 et

1001 3491 1078 3578 ipsa
1108 3491 1260 3558 essentia
1285 3491 1480 3577 composita
1505 3513 1547 3558 ex
1577 3491 1720 3556 materia
1744 3491 1803 3557 et⁴
1840 3492 1949 3556 forma
1981 3502 2075 3558 esset
2098 3492 2254 3578 potentia
2278 3492 2480 3579 simpliciter

1001 3608 1037 3674 in
1060 3629 1191 3696 genere
1215 3607 1441 3687 substantiae,
1456 3618 1490 3673 et
1513 3608 1563 3674 sic
1587 3629 1660 3674 non
1684 3607 1750 3673 nisi
1767 3607 1908 3693 ponitur
1924 3607 2067 3674 materia
2091 3607 2210 3694 prima.
2237 3607 2297 3675 si⁶
2320 3611 2479 3677 secundo

973 3723 1117 3805 'mod0‚
1152 3736 1237 3789 tunc
1272 3722 1424 3789 essentia
1456 3733 1549 3789 esset
1588 3722 1716 3808 aliquid
1752 3724 1787 3787 in
1826 3734 1906 3789 actu
1942 3722 2143 3809 simpliciter
2177 3723 2276 3790 cuius
2312 3724 2478 3792 accidens

1001 3839 1202 3925 simpliciter
1218 3849 1311 3904 esset
1335 3860 1423 3905 esse.
1450 3839 1521 3906 Sed
1539 3839 1833 3925 quandocumque
1850 3838 1887 3903 fit
1911 3839 1978 3904 tale
2002 3839 2235 3924 compositum
2253 3861 2295 3906 ex
2319 3841 2478 3908 subiecto

1002 3955 1134 4022 scilicet
1158 3965 1192 4021 et
1219 3954 1411 4036 accidente,
1435 3954 1550 4040 ipsum
1575 3954 1771 4020 subiectum
1807 3954 2006 4020 naturaliter
2039 3964 2073 4020 et
2100 3956 2294 4021 secundum
2319 3977 2357 4022 se
2383 3955 2478 4042 prius

992 4073 1107 4138 'habet
1145 4093 1224 4137 esse
1263 4054 1447 4136 essentiae
1478 4080 1511 4136 et
1550 4069 1753 4136 existentiae
1792 4091 1896 4156 quam
1936 4070 2111 4136 accidens.
2149 4071 2237 4135 Nam
2272 4070 2352 4138 licet
2386 4071 2478 4161 ignis

1000 4187 1103 4254 'simul
1125 4187 1186 4253 fiat
1209 4186 1299 4276 ignis
1334 4199 1369 4253 et
1398 4185 1543 4266 calidus,
1569 4197 1602 4251 et
1637 4186 1729 4274 ignis
1764 4185 1897 4251 calidus
1929 4184 1999 4251 sit⁰
2033 4187 2211 4271 quoddam
2244 4187 2478 4274 compositum

1000 4304 1131 4369 factum
1162 4304 1217 4369 vel
1241 4304 1461 4389 productum,
1493 4314 1610 4367 tamen
1641 4301 1841 4367 naturaliter
1865 4301 1961 4387 prius
1985 4300 2118 4367 habet⁷
2153 4323 2232 4368 esse
2264 4312 2299 4369 et
2331 4302 2479 4371 existere

1001 4418 1092 4508 ignis
1122 4424 1231 4505 ‘quam
1268 4418 1342 4484 eius
1378 4418 1544 4497 caliditas
1581 4417 1662 4502 quia
1698 4417 1892 4483 substantia
1928 4417 2022 4504 prior
2054 4428 2107 4484 est
2143 4429 2266 4484 natura
2300 4431 2334 4484 et
2362 4429 2479 4486 cetera

1001 4534 1192 4601 accidente.
1219 4535 1421 4602 Secundum
1438 4535 1508 4601 hoc
1532 4555 1617 4622 ergo
1639 4533 1792 4599 essentia
1816 4533 1911 4619 prius
1935 4544 2029 4599 esset
2045 4555 2149 4619 quam
2172 4544 2253 4601 esse
2277 4544 2312 4600 et
2334 4536 2479 4602 haberet

1001 4651 1094 4716 aliud
1119 4673 1198 4717 esse
1222 4672 1326 4735 quam
1350 4650 1401 4715 sic
1426 4671 1505 4716 esse
1529 4650 1624 4734 quod
1648 4649 1775 4714 dicitur
1798 4649 1849 4715 sic
1872 4650 1989 4715 facere
2014 4672 2120 4714 unum
2146 4670 2225 4716 cum
2251 4649 2337 4737 ipsa.

1088 4768 1282 4847 Praeterea,
1300 4766 1380 4850 quia
1404 4766 1561 4851 potentia
1586 4766 1780 4830 secundum
1806 4764 1927 4850 qu0d⁸
1950 4765 2150 4831 huiusmodi
2173 4765 2255 4831 dicit
2278 4777 2478 4852 respectum

1000 4883 1044 4948 ad
1080 4892 1194 4949 actum
1230 4882 1304 4948 sive
1339 4882 1494 4961 formam,
1520 4903 1592 4946 non
1625 4880 1749 4946 dicitur
1773 4880 1901 4966 aliquid
1933 4902 2012 4947 esse
2037 4881 2071 4946 in
2096 4881 2253 4967 potentia
2277 4881 2344 4947 nisi
2375 4893 2479 4968 prout

1000 5008 1053 5064 est
1076 4998 1111 5063 in
1135 4997 1292 5083 potentia
1316 4998 1359 5061 ad
1384 4995 1527 5062 aetum⁰
1550 5007 1584 5062 et
1602 4997 1757 5075 formam,
1782 5016 1848 5061 nec
1872 4995 1940 5061 alio
1966 4997 2072 5062 modo
2097 4996 2223 5062 dicitur
2246 4996 2375 5082 aliquid
2400 5019 2479 5064 esse

999 5114 1036 5179 in
1067 5125 1147 5179 actu
1170 5113 1237 5178 nisi
1262 5124 1365 5199 prout
1396 5124 1448 5178 est
1479 5114 1615 5177 liabens
1640 5113 1797 5192 formam,
1830 5133 1896 5177 nec
1932 5111 2045 5177 differt
2074 5112 2204 5198 aliquid
2239 5134 2318 5180 esse
2342 5113 2480 5180 realiter

990 5210 1034 5302 in
1060 5229 1215 5315 potentia
1239 5230 1282 5293 ad
1307 5229 1454 5294 formam
1479 5239 1512 5293 et
1536 5228 1579 5292 ad
1598 5249 1686 5293 esse.
1703 5227 1806 5292 Unde
1824 5229 1919 5311 quod
1947 5238 2000 5293 est
2023 5229 2057 5293 in
2083 5227 2240 5313 potentia
2264 5229 2308 5294 ad
2333 5229 2478 5295 formam

999 5344 1261 5413 substantialem
1286 5355 1339 5410 est
1367 5344 1401 5409 in
1429 5343 1586 5430 potentia
1609 5344 1654 5408 ad
1679 5363 1759 5408 esse
1784 5344 1837 5408 vel
1866 5342 2013 5409 existere
2038 5343 2167 5429 aliquid
2193 5345 2248 5410 vel
2280 5345 2478 5411 secundum

1030 5696 1034 5701 -
1091 5662 1097 5691 ¹
1114 5667 1143 5713 et
1157 5690 1189 5697 -
1203 5660 1257 5727 est]
1272 5674 1327 5709 om.
1342 5657 1372 5710 P.
1393 5688 1426 5695 —-
1446 5636 1544 5708 ²iuter
1557 5652 1720 5725 potentiam
1740 5654 1921 5725 simpliciter]
1937 5654 2110 5725 simpliciter
2123 5655 2197 5708 inter
2216 5655 2379 5726 potentiam
2393 5655 2424 5709 P.
2445 5686 2478 5695 -

998 5747 1154 5818 ⁸potentia
1168 5745 1198 5798 P.
1213 5776 1246 5784 -
1260 5749 1270 5776 ⁴
1283 5762 1338 5796 om.
1358 5744 1391 5796 V.
1412 5774 1445 5783 —
1460 5745 1470 5774 ⁵
1483 5742 1536 5796 sed
1557 5743 1586 5796 P.
1608 5774 1640 5783 -
1661 5742 1740 5795 οωη.
1755 5742 1785 5796 P.
1806 5775 1838 5781 —
1861 5744 1939 5797 'mu
1960 5743 1989 5795 P.
2011 5774 2042 5781 -
2063 5742 2248 5796 ⁸secundum
2268 5741 2357 5814 quod]
2378 5760 2433 5797 om.
2446 5743 2478 5796 P.

1000 5867 1032 5875 —
1047 5837 1058 5866 ⁹
1071 5834 1134 5888 sive
1151 5865 1181 5872 -
1197 5835 1303 5901 actum]
1319 5849 1373 5884 orn.
1388 5832 1418 5885 P.

1088 6071 1127 6139 (1)
1147 6064 1380 6121 Aristotelis
1400 6064 1444 6117 De
1459 6064 1656 6139 generatione
1674 6067 1702 6116 et
1721 6063 1912 6137 corruptimw
1932 6061 1949 6118 l.
1969 6061 1990 6125 1,
2011 6080 2035 6116 c.
2054 6065 2071 6116 3
2090 6066 2129 6138 (p.
2150 6064 2223 6129 517).
