<?xml version="1.0" encoding="UTF-8"?>
<!DOCTYPE html PUBLIC "-//W3C//DTD XHTML 1.0 Transitional//EN"
    "http://www.w3.org/TR/xhtml1/DTD/xhtml1-transitional.dtd">
<html xmlns="http://www.w3.org/1999/xhtml" xml:lang="en" lang="en">
 <head>
  <title>
</title>
<meta http-equiv="Content-Type" content="text/html;charset=utf-8" />
  <meta name='ocr-system' content='tesseract 3.04.00' />
  <meta name='ocr-capabilities' content='ocr_page ocr_carea ocr_par ocr_line ocrx_word'/>
</head>
<body>
  <div class='ocr_page' id='page_1' title='image "./lesquatrepremie00wulfgoog_0120.png"; bbox 0 0 6700 7992; ppageno 0'>
   <div class='ocr_carea' id='block_1_1' title="bbox 1022 1472 2136 1529">
    <p class='ocr_par' dir='ltr' id='par_1_1' title="bbox 1022 1472 2136 1529">
     <span class='ocr_line' id='line_1_1' title="bbox 1022 1472 2136 1529; baseline -0.001 0"><span class='ocrx_word' id='word_1_1' title='bbox 1022 1480 1057 1529; x_wconf 76' lang='lat'>90</span> <span class='ocrx_word' id='word_1_2' title='bbox 1387 1475 1579 1529; x_wconf 78' lang='lat' dir='ltr'>lllAGlSTRI</span> <span class='ocrx_word' id='word_1_3' title='bbox 1610 1473 1830 1528; x_wconf 80' lang='lat' dir='ltr'>GODEFRIDI</span> <span class='ocrx_word' id='word_1_4' title='bbox 1859 1474 1910 1527; x_wconf 88' lang='lat' dir='ltr'>DE</span> <span class='ocrx_word' id='word_1_5' title='bbox 1939 1472 2136 1529; x_wconf 79' lang='lat' dir='ltr'>FONTIBUS</span> 
     </span>
    </p>
   </div>
   <div class='ocr_carea' id='block_1_2' title="bbox 1023 1653 2502 2789">
    <p class='ocr_par' dir='ltr' id='par_1_2' title="bbox 1023 1653 2501 1840">
     <span class='ocr_line' id='line_1_2' title="bbox 1023 1653 2501 1743; baseline -0.001 -20"><span class='ocrx_word' id='word_1_6' title='bbox 1023 1669 1135 1723; x_wconf 87' lang='lat' dir='ltr'>utrum</span> <span class='ocrx_word' id='word_1_7' title='bbox 1156 1660 1262 1722; x_wconf 87' lang='lat' dir='ltr'>homo</span> <span class='ocrx_word' id='word_1_8' title='bbox 1279 1659 1407 1722; x_wconf 87' lang='lat' dir='ltr'>babeat</span> <span class='ocrx_word' id='word_1_9' title='bbox 1431 1678 1510 1723; x_wconf 86' lang='lat' dir='ltr'>esse</span> <span class='ocrx_word' id='word_1_10' title='bbox 1535 1658 1666 1721; x_wconf 89' lang='lat' dir='ltr'>abana</span> <span class='ocrx_word' id='word_1_11' title='bbox 1689 1656 1799 1720; x_wconf 87' lang='lat' dir='ltr'>forma</span> <span class='ocrx_word' id='word_1_12' title='bbox 1826 1653 2043 1720; x_wconf 78' lang='lat' dir='ltr'>substantiali</span> <span class='ocrx_word' id='word_1_13' title='bbox 2068 1664 2201 1721; x_wconf 91' lang='lat' dir='ltr'>tantum</span> <span class='ocrx_word' id='word_1_14' title='bbox 2226 1656 2279 1721; x_wconf 87' lang='lat' dir='ltr'>vel</span> <span class='ocrx_word' id='word_1_15' title='bbox 2296 1678 2317 1721; x_wconf 89' lang='lat' dir='ltr'>a</span> <span class='ocrx_word' id='word_1_16' title='bbox 2332 1655 2501 1743; x_wconf 60' lang='lat' dir='ltr'>pluribus</span> 
     </span>
     <span class='ocr_line' id='line_1_3' title="bbox 1023 1770 2181 1840; baseline -0.003 0"><span class='ocrx_word' id='word_1_17' title='bbox 1023 1775 1095 1840; x_wconf 75' lang='lat' dir='ltr'>siue</span> <span class='ocrx_word' id='word_1_18' title='bbox 1121 1786 1233 1839; x_wconf 86' lang='lat' dir='ltr'>utrum</span> <span class='ocrx_word' id='word_1_19' title='bbox 1258 1774 1291 1839; x_wconf 91' lang='lat' dir='ltr'>in</span> <span class='ocrx_word' id='word_1_20' title='bbox 1316 1774 1458 1839; x_wconf 89' lang='lat' dir='ltr'>homine</span> <span class='ocrx_word' id='word_1_21' title='bbox 1483 1773 1525 1837; x_wconf 84' lang='lat' dir='ltr'>sit</span> <span class='ocrx_word' id='word_1_22' title='bbox 1550 1796 1620 1838; x_wconf 89' lang='lat' dir='ltr'>una</span> <span class='ocrx_word' id='word_1_23' title='bbox 1643 1773 1754 1839; x_wconf 87' lang='lat' dir='ltr'>forma</span> <span class='ocrx_word' id='word_1_24' title='bbox 1778 1770 2014 1838; x_wconf 89' lang='lat' dir='ltr'>substantialis</span> <span class='ocrx_word' id='word_1_25' title='bbox 2038 1782 2181 1839; x_wconf 89' lang='lat' dir='ltr'>tantum.</span> 
     </span>
    </p>

    <p class='ocr_par' dir='ltr' id='par_1_3' title="bbox 1023 1890 2502 2203">
     <span class='ocr_line' id='line_1_4' title="bbox 1113 1890 2502 1975; baseline 0 -19"><span class='ocrx_word' id='word_1_26' title='bbox 1113 1893 1154 1956; x_wconf 76' lang='lat' dir='ltr'>lit</span> <span class='ocrx_word' id='word_1_27' title='bbox 1171 1893 1383 1975; x_wconf 66' lang='lat' dir='ltr'>arguebatur</span> <span class='ocrx_word' id='word_1_28' title='bbox 1406 1890 1500 1975; x_wconf 83' lang='lat' dir='ltr'>quod</span> <span class='ocrx_word' id='word_1_29' title='bbox 1525 1892 1631 1954; x_wconf 88' lang='lat' dir='ltr'>homo</span> <span class='ocrx_word' id='word_1_30' title='bbox 1656 1911 1727 1955; x_wconf 90' lang='lat' dir='ltr'>non</span> <span class='ocrx_word' id='word_1_31' title='bbox 1745 1891 1871 1954; x_wconf 85' lang='lat' dir='ltr'>habeat</span> <span class='ocrx_word' id='word_1_32' title='bbox 1890 1910 1968 1955; x_wconf 88' lang='lat' dir='ltr'>esse</span> <span class='ocrx_word' id='word_1_33' title='bbox 1985 1891 2028 1955; x_wconf 89' lang='lat' dir='ltr'>ab</span> <span class='ocrx_word' id='word_1_34' title='bbox 2055 1911 2125 1954; x_wconf 93' lang='lat' dir='ltr'>una</span> <span class='ocrx_word' id='word_1_35' title='bbox 2149 1891 2259 1956; x_wconf 86' lang='lat' dir='ltr'>forma</span> <span class='ocrx_word' id='word_1_36' title='bbox 2283 1890 2502 1957; x_wconf 86' lang='lat' dir='ltr'>substantiali</span> 
     </span>
     <span class='ocr_line' id='line_1_5' title="bbox 1023 2005 2502 2093; baseline -0.001 -20"><span class='ocrx_word' id='word_1_37' title='bbox 1023 2019 1168 2089; x_wconf 82' lang='lat' dir='ltr'>tantum,</span> <span class='ocrx_word' id='word_1_38' title='bbox 1186 2008 1266 2092; x_wconf 81' lang='lat' dir='ltr'>quia</span> <span class='ocrx_word' id='word_1_39' title='bbox 1284 2028 1415 2093; x_wconf 83' lang='lat' dir='ltr'>ponere</span> <span class='ocrx_word' id='word_1_40' title='bbox 1431 2005 1605 2071; x_wconf 84' lang='lat' dir='ltr'>bominem</span> <span class='ocrx_word' id='word_1_41' title='bbox 1623 2006 1754 2071; x_wconf 68' lang='lat' dir='ltr'>balnue</span> <span class='ocrx_word' id='word_1_42' title='bbox 1778 2015 1911 2071; x_wconf 92' lang='lat' dir='ltr'>tantum</span> <span class='ocrx_word' id='word_1_43' title='bbox 1937 2028 2041 2071; x_wconf 91' lang='lat' dir='ltr'>unam</span> <span class='ocrx_word' id='word_1_44' title='bbox 2066 2007 2214 2072; x_wconf 83' lang='lat' dir='ltr'>formam</span> <span class='ocrx_word' id='word_1_45' title='bbox 2237 2006 2502 2074; x_wconf 82' lang='lat' dir='ltr'><strong>substantialem</strong></span> 
     </span>
     <span class='ocr_line' id='line_1_6' title="bbox 1023 2122 2500 2203; baseline -0.001 -12"><span class='ocrx_word' id='word_1_46' title='bbox 1023 2135 1076 2191; x_wconf 87' lang='lat' dir='ltr'>est</span> <span class='ocrx_word' id='word_1_47' title='bbox 1107 2137 1229 2190; x_wconf 84' lang='lat' dir='ltr'>eontra</span> <span class='ocrx_word' id='word_1_48' title='bbox 1261 2145 1414 2203; x_wconf 84' lang='lat' dir='ltr'>sensum,</span> <span class='ocrx_word' id='word_1_49' title='bbox 1453 2124 1533 2189; x_wconf 89' lang='lat' dir='ltr'>item</span> <span class='ocrx_word' id='word_1_50' title='bbox 1574 2135 1627 2188; x_wconf 86' lang='lat' dir='ltr'>est</span> <span class='ocrx_word' id='word_1_51' title='bbox 1662 2134 1783 2189; x_wconf 87' lang='lat' dir='ltr'>contra</span> <span class='ocrx_word' id='word_1_52' title='bbox 1819 2122 1998 2199; x_wconf 76' lang='lat' dir='ltr'>rationem,</span> <span class='ocrx_word' id='word_1_53' title='bbox 2031 2123 2112 2189; x_wconf 88' lang='lat' dir='ltr'>item</span> <span class='ocrx_word' id='word_1_54' title='bbox 2145 2135 2197 2189; x_wconf 88' lang='lat' dir='ltr'>est</span> <span class='ocrx_word' id='word_1_55' title='bbox 2231 2134 2353 2189; x_wconf 87' lang='lat' dir='ltr'>contra</span> <span class='ocrx_word' id='word_1_56' title='bbox 2383 2124 2500 2190; x_wconf 87' lang='lat' dir='ltr'>fidem.</span> 
     </span>
    </p>

    <p class='ocr_par' dir='ltr' id='par_1_4' title="bbox 1023 2239 2502 2789">
     <span class='ocr_line' id='line_1_7' title="bbox 1113 2239 2502 2326; baseline 0.001 -20"><span class='ocrx_word' id='word_1_57' title='bbox 1113 2242 1245 2306; x_wconf 78' lang='lat' dir='ltr'>Contra</span> <span class='ocrx_word' id='word_1_58' title='bbox 1273 2261 1425 2319; x_wconf 85' lang='lat' dir='ltr'>sensum,</span> <span class='ocrx_word' id='word_1_59' title='bbox 1451 2239 1532 2324; x_wconf 88' lang='lat' dir='ltr'>quia</span> <span class='ocrx_word' id='word_1_60' title='bbox 1556 2239 1591 2305; x_wconf 91' lang='lat' dir='ltr'>in</span> <span class='ocrx_word' id='word_1_61' title='bbox 1620 2239 1761 2305; x_wconf 87' lang='lat' dir='ltr'>homine</span> <span class='ocrx_word' id='word_1_62' title='bbox 1785 2252 1922 2305; x_wconf 90' lang='lat' dir='ltr'>mortuo</span> <span class='ocrx_word' id='word_1_63' title='bbox 1947 2241 1991 2305; x_wconf 89' lang='lat' dir='ltr'>ad</span> <span class='ocrx_word' id='word_1_64' title='bbox 2016 2261 2158 2305; x_wconf 86' lang='lat' dir='ltr'>sensum</span> <span class='ocrx_word' id='word_1_65' title='bbox 2183 2252 2353 2326; x_wconf 83' lang='lat' dir='ltr'>apparent</span> <span class='ocrx_word' id='word_1_66' title='bbox 2377 2241 2502 2308; x_wconf 91' lang='lat' dir='ltr'>eadem</span> 
     </span>
     <span class='ocr_line' id='line_1_8' title="bbox 1023 2355 2502 2441; baseline 0.001 -20"><span class='ocrx_word' id='word_1_67' title='bbox 1023 2357 1218 2423; x_wconf 79' lang='lat' dir='ltr'>accidentia</span> <span class='ocrx_word' id='word_1_68' title='bbox 1250 2379 1329 2421; x_wconf 82' lang='lat' dir='ltr'>esse</span> <span class='ocrx_word' id='word_1_69' title='bbox 1362 2378 1451 2441; x_wconf 74' lang='lat' dir='ltr'>(luae</span> <span class='ocrx_word' id='word_1_70' title='bbox 1482 2368 1579 2421; x_wconf 84' lang='lat' dir='ltr'>erant</span> <span class='ocrx_word' id='word_1_71' title='bbox 1611 2356 1645 2420; x_wconf 93' lang='lat' dir='ltr'>in</span> <span class='ocrx_word' id='word_1_72' title='bbox 1677 2356 1754 2441; x_wconf 81' lang='lat' dir='ltr'>ipso</span> <span class='ocrx_word' id='word_1_73' title='bbox 1787 2355 1934 2422; x_wconf 74' lang='lat' dir='ltr'>vivente.</span> <span class='ocrx_word' id='word_1_74' title='bbox 1965 2358 2044 2422; x_wconf 89' lang='lat' dir='ltr'>Hoc</span> <span class='ocrx_word' id='word_1_75' title='bbox 2072 2368 2187 2422; x_wconf 90' lang='lat' dir='ltr'>autem</span> <span class='ocrx_word' id='word_1_76' title='bbox 2215 2379 2288 2422; x_wconf 91' lang='lat' dir='ltr'>non</span> <span class='ocrx_word' id='word_1_77' title='bbox 2317 2367 2411 2424; x_wconf 90' lang='lat' dir='ltr'>esset</span> <span class='ocrx_word' id='word_1_78' title='bbox 2434 2357 2502 2423; x_wconf 89' lang='lat' dir='ltr'>nisi</span> 
     </span>
     <span class='ocr_line' id='line_1_9' title="bbox 1024 2471 2501 2558; baseline 0.002 -21"><span class='ocrx_word' id='word_1_79' title='bbox 1024 2473 1138 2558; x_wconf 82' lang='lat' dir='ltr'>aliqua</span> <span class='ocrx_word' id='word_1_80' title='bbox 1167 2474 1278 2538; x_wconf 85' lang='lat' dir='ltr'>forma</span> <span class='ocrx_word' id='word_1_81' title='bbox 1306 2471 1543 2536; x_wconf 87' lang='lat' dir='ltr'>substantialis</span> <span class='ocrx_word' id='word_1_82' title='bbox 1569 2494 1658 2557; x_wconf 80' lang='lat' dir='ltr'>quae</span> <span class='ocrx_word' id='word_1_83' title='bbox 1687 2471 1816 2537; x_wconf 82' lang='lat' dir='ltr'>eratin</span> <span class='ocrx_word' id='word_1_84' title='bbox 1846 2472 1922 2558; x_wconf 82' lang='lat' dir='ltr'>ipso</span> <span class='ocrx_word' id='word_1_85' title='bbox 1948 2472 2086 2538; x_wconf 86' lang='lat' dir='ltr'>vivente</span> <span class='ocrx_word' id='word_1_86' title='bbox 2110 2485 2266 2539; x_wconf 88' lang='lat' dir='ltr'>maneret</span> <span class='ocrx_word' id='word_1_87' title='bbox 2292 2473 2328 2538; x_wconf 92' lang='lat' dir='ltr'>in</span> <span class='ocrx_word' id='word_1_88' title='bbox 2352 2485 2501 2555; x_wconf 82' lang='lat' dir='ltr'>mottu0,</span> 
     </span>
     <span class='ocr_line' id='line_1_10' title="bbox 1023 2587 2502 2673; baseline 0.003 -21"><span class='ocrx_word' id='word_1_89' title='bbox 1023 2589 1103 2673; x_wconf 77' lang='lat' dir='ltr'>qaia</span> <span class='ocrx_word' id='word_1_90' title='bbox 1131 2587 1325 2654; x_wconf 72' lang='lat' dir='ltr'>accidentia</span> <span class='ocrx_word' id='word_1_91' title='bbox 1360 2610 1431 2653; x_wconf 91' lang='lat' dir='ltr'>non</span> <span class='ocrx_word' id='word_1_92' title='bbox 1460 2600 1725 2672; x_wconf 77' lang='lat' dir='ltr'>consequuntur</span> <span class='ocrx_word' id='word_1_93' title='bbox 1752 2588 1955 2653; x_wconf 80' lang='lat' dir='ltr'>materiam¹</span> <span class='ocrx_word' id='word_1_94' title='bbox 1985 2589 2049 2653; x_wconf 88' lang='lat' dir='ltr'>nisi</span> <span class='ocrx_word' id='word_1_95' title='bbox 2081 2589 2255 2655; x_wconf 82' lang='lat' dir='ltr'>mediante</span> <span class='ocrx_word' id='word_1_96' title='bbox 2281 2591 2392 2655; x_wconf 87' lang='lat' dir='ltr'>forma</span> <span class='ocrx_word' id='word_1_97' title='bbox 2422 2591 2502 2656; x_wconf 92' lang='lat' dir='ltr'>sub·</span> 
     </span>
     <span class='ocr_line' id='line_1_11' title="bbox 1023 2704 2502 2789; baseline 0.002 -20"><span class='ocrx_word' id='word_1_98' title='bbox 1023 2705 1183 2770; x_wconf 86' lang='lat' dir='ltr'>stantiali.</span> <span class='ocrx_word' id='word_1_99' title='bbox 1217 2704 1287 2769; x_wconf 84' lang='lat' dir='ltr'>Sed</span> <span class='ocrx_word' id='word_1_100' title='bbox 1320 2705 1431 2769; x_wconf 83' lang='lat' dir='ltr'>forma</span> <span class='ocrx_word' id='word_1_101' title='bbox 1462 2704 1698 2769; x_wconf 85' lang='lat' dir='ltr'>substantialis</span> <span class='ocrx_word' id='word_1_102' title='bbox 1729 2727 1818 2789; x_wconf 84' lang='lat' dir='ltr'>quae</span> <span class='ocrx_word' id='word_1_103' title='bbox 1852 2705 1930 2771; x_wconf 85' lang='lat' dir='ltr'>est²</span> <span class='ocrx_word' id='word_1_104' title='bbox 1962 2705 2076 2770; x_wconf 90' lang='lat' dir='ltr'>anima</span> <span class='ocrx_word' id='word_1_105' title='bbox 2108 2727 2180 2771; x_wconf 91' lang='lat' dir='ltr'>non</span> <span class='ocrx_word' id='word_1_106' title='bbox 2213 2718 2265 2771; x_wconf 90' lang='lat' dir='ltr'>est</span> <span class='ocrx_word' id='word_1_107' title='bbox 2296 2706 2332 2771; x_wconf 94' lang='lat' dir='ltr'>in</span> <span class='ocrx_word' id='word_1_108' title='bbox 2364 2717 2502 2773; x_wconf 90' lang='lat' dir='ltr'>mortuo</span> 
     </span>
    </p>
   </div>
   <div class='ocr_carea' id='block_1_3' title="bbox 1022 2821 2504 2906">
    <p class='ocr_par' dir='ltr' id='par_1_5' title="bbox 1022 2821 2504 2906">
     <span class='ocr_line' id='line_1_12' title="bbox 1022 2821 2504 2906; baseline 0.003 -20"><span class='ocrx_word' id='word_1_109' title='bbox 1022 2821 1173 2897; x_wconf 81' lang='lat' dir='ltr'>homine,</span> <span class='ocrx_word' id='word_1_110' title='bbox 1203 2823 1266 2886; x_wconf 80' lang='lat' dir='ltr'>sed</span> <span class='ocrx_word' id='word_1_111' title='bbox 1295 2822 1381 2897; x_wconf 80' lang='lat' dir='ltr'>alia3</span> <span class='ocrx_word' id='word_1_112' title='bbox 1411 2832 1444 2885; x_wconf 91' lang='lat' dir='ltr'>et</span> <span class='ocrx_word' id='word_1_113' title='bbox 1472 2821 1528 2885; x_wconf 91' lang='lat' dir='ltr'>illa</span> <span class='ocrx_word' id='word_1_114' title='bbox 1552 2821 1653 2886; x_wconf 89' lang='lat' dir='ltr'>etiam</span> <span class='ocrx_word' id='word_1_115' title='bbox 1682 2821 1813 2887; x_wconf 78' lang='lat' dir='ltr'>eratin</span> <span class='ocrx_word' id='word_1_116' title='bbox 1842 2821 1920 2887; x_wconf 81' lang='lat' dir='ltr'>vivo</span> <span class='ocrx_word' id='word_1_117' title='bbox 1945 2821 2046 2886; x_wconf 88' lang='lat' dir='ltr'>simul</span> <span class='ocrx_word' id='word_1_118' title='bbox 2072 2843 2149 2887; x_wconf 88' lang='lat' dir='ltr'>cum</span> <span class='ocrx_word' id='word_1_119' title='bbox 2175 2821 2299 2887; x_wconf 90' lang='lat' dir='ltr'>anima.</span> <span class='ocrx_word' id='word_1_120' title='bbox 2326 2823 2444 2906; x_wconf 80' lang='lat' dir='ltr'>Quare</span> <span class='ocrx_word' id='word_1_121' title='bbox 2468 2833 2504 2890; x_wconf 90' lang='lat' dir='ltr'>et</span> 
     </span>
    </p>
   </div>
   <div class='ocr_carea' id='block_1_4' title="bbox 1022 2949 2503 5464">
    <p class='ocr_par' dir='ltr' id='par_1_6' title="bbox 1023 2949 1150 3002">
     <span class='ocr_line' id='line_1_13' title="bbox 1023 2949 1150 3002; baseline -0.016 0"><span class='ocrx_word' id='word_1_122' title='bbox 1023 2949 1150 3002; x_wconf 81' lang='lat' dir='ltr'>cetera.</span> 
     </span>
    </p>

    <p class='ocr_par' dir='ltr' id='par_1_7' title="bbox 1022 3053 2503 3837">
     <span class='ocr_line' id='line_1_14' title="bbox 1112 3053 2503 3139; baseline 0.003 -22"><span class='ocrx_word' id='word_1_123' title='bbox 1112 3054 1191 3119; x_wconf 87' lang='lat' dir='ltr'>Hoc</span> <span class='ocrx_word' id='word_1_124' title='bbox 1224 3053 1326 3119; x_wconf 87' lang='lat' dir='ltr'>etiam</span> <span class='ocrx_word' id='word_1_125' title='bbox 1359 3064 1411 3119; x_wconf 77' lang='lat' dir='ltr'>est</span> <span class='ocrx_word' id='word_1_126' title='bbox 1439 3063 1561 3117; x_wconf 82' lang='lat' dir='ltr'>eontra</span> <span class='ocrx_word' id='word_1_127' title='bbox 1593 3053 1771 3133; x_wconf 74' lang='lat' dir='ltr'>rationem,</span> <span class='ocrx_word' id='word_1_128' title='bbox 1805 3053 1885 3138; x_wconf 90' lang='lat' dir='ltr'>quia</span> <span class='ocrx_word' id='word_1_129' title='bbox 1917 3053 2004 3118; x_wconf 89' lang='lat' dir='ltr'>ratio</span> <span class='ocrx_word' id='word_1_130' title='bbox 2032 3053 2162 3119; x_wconf 85' lang='lat' dir='ltr'>iudicat</span> <span class='ocrx_word' id='word_1_131' title='bbox 2191 3055 2285 3139; x_wconf 86' lang='lat' dir='ltr'>quod</span> <span class='ocrx_word' id='word_1_132' title='bbox 2314 3054 2503 3139; x_wconf 89' lang='lat' dir='ltr'>unicuique</span> 
     </span>
     <span class='ocr_line' id='line_1_15' title="bbox 1023 3169 2502 3255; baseline 0.001 -21"><span class='ocrx_word' id='word_1_133' title='bbox 1023 3169 1140 3255; x_wconf 73' lang='lat' dir='ltr'>agenti</span> <span class='ocrx_word' id='word_1_134' title='bbox 1180 3180 1213 3235; x_wconf 88' lang='lat' dir='ltr'>et</span> <span class='ocrx_word' id='word_1_135' title='bbox 1248 3169 1375 3234; x_wconf 83' lang='lat' dir='ltr'>aetioai</span> <span class='ocrx_word' id='word_1_136' title='bbox 1409 3170 1599 3254; x_wconf 83' lang='lat' dir='ltr'>respondet</span> <span class='ocrx_word' id='word_1_137' title='bbox 1638 3192 1722 3233; x_wconf 86' lang='lat' dir='ltr'>suns</span> <span class='ocrx_word' id='word_1_138' title='bbox 1754 3170 1921 3235; x_wconf 86' lang='lat' dir='ltr'>terminus</span> <span class='ocrx_word' id='word_1_139' title='bbox 1953 3181 1986 3234; x_wconf 79' lang='lat' dir='ltr'>ot</span> <span class='ocrx_word' id='word_1_140' title='bbox 2022 3170 2179 3249; x_wconf 81' lang='lat' dir='ltr'>effeetus,</span> <span class='ocrx_word' id='word_1_141' title='bbox 2212 3192 2319 3255; x_wconf 84' lang='lat' dir='ltr'>quare</span> <span class='ocrx_word' id='word_1_142' title='bbox 2352 3171 2502 3236; x_wconf 85' lang='lat' dir='ltr'>duorum</span> 
     </span>
     <span class='ocr_line' id='line_1_16' title="bbox 1023 3285 2503 3372; baseline 0.002 -22"><span class='ocrx_word' id='word_1_143' title='bbox 1023 3286 1200 3370; x_wconf 69' lang='lat' dir='ltr'>agentium</span> <span class='ocrx_word' id='word_1_144' title='bbox 1232 3308 1322 3369; x_wconf 78' lang='lat' dir='ltr'>quae</span> <span class='ocrx_word' id='word_1_145' title='bbox 1351 3298 1460 3369; x_wconf 64' lang='lat' dir='ltr'>agunt</span> <span class='ocrx_word' id='word_1_146' title='bbox 1488 3286 1632 3350; x_wconf 82' lang='lat' dir='ltr'>divorsis</span> <span class='ocrx_word' id='word_1_147' title='bbox 1657 3286 1854 3351; x_wconf 70' lang='lat' dir='ltr'>actionibus</span> <span class='ocrx_word' id='word_1_148' title='bbox 1884 3288 2099 3371; x_wconf 79' lang='lat' dir='ltr'>respondent</span> <span class='ocrx_word' id='word_1_149' title='bbox 2129 3285 2254 3351; x_wconf 86' lang='lat' dir='ltr'>diversi</span> <span class='ocrx_word' id='word_1_150' title='bbox 2285 3286 2358 3353; x_wconf 84' lang='lat' dir='ltr'>sive</span> <span class='ocrx_word' id='word_1_151' title='bbox 2386 3288 2503 3372; x_wconf 84' lang='lat' dir='ltr'>plures</span> 
     </span>
     <span class='ocr_line' id='line_1_17' title="bbox 1023 3401 2501 3489; baseline 0.001 -22"><span class='ocrx_word' id='word_1_152' title='bbox 1023 3404 1167 3467; x_wconf 76' lang='lat' dir='ltr'>etl&#39;eetus</span> <span class='ocrx_word' id='word_1_153' title='bbox 1185 3413 1219 3467; x_wconf 91' lang='lat' dir='ltr'>et</span> <span class='ocrx_word' id='word_1_154' title='bbox 1236 3401 1380 3466; x_wconf 84' lang='lat' dir='ltr'>tennini.</span> <span class='ocrx_word' id='word_1_155' title='bbox 1399 3403 1469 3468; x_wconf 66' lang='lat' dir='ltr'>sul</span> <span class='ocrx_word' id='word_1_156' title='bbox 1493 3403 1536 3466; x_wconf 77' lang='lat' dir='ltr'>atl</span> <span class='ocrx_word' id='word_1_157' title='bbox 1555 3403 1819 3487; x_wconf 81' lang='lat' dir='ltr'>productionem</span> <span class='ocrx_word' id='word_1_158' title='bbox 1842 3402 1991 3467; x_wconf 88' lang='lat' dir='ltr'>bominis</span> <span class='ocrx_word' id='word_1_159' title='bbox 2017 3414 2230 3468; x_wconf 86' lang='lat' dir='ltr'>concurrunt</span> <span class='ocrx_word' id='word_1_160' title='bbox 2253 3404 2324 3467; x_wconf 74' lang='lat' dir='ltr'>(luo</span> <span class='ocrx_word' id='word_1_161' title='bbox 2349 3402 2501 3489; x_wconf 72' lang='lat' dir='ltr'>agentia,</span> 
     </span>
     <span class='ocr_line' id='line_1_18' title="bbox 1022 3518 2501 3604; baseline 0.001 -22"><span class='ocrx_word' id='word_1_162' title='bbox 1022 3518 1155 3583; x_wconf 78' lang='lat' dir='ltr'>scilicet</span> <span class='ocrx_word' id='word_1_163' title='bbox 1183 3540 1292 3603; x_wconf 70' lang='lat' dir='ltr'>agens</span> <span class='ocrx_word' id='word_1_164' title='bbox 1321 3519 1476 3583; x_wconf 87' lang='lat' dir='ltr'>naturale</span> <span class='ocrx_word' id='word_1_165' title='bbox 1501 3532 1535 3583; x_wconf 85' lang='lat' dir='ltr'>et</span> <span class='ocrx_word' id='word_1_166' title='bbox 1562 3541 1673 3604; x_wconf 72' lang='lat' dir='ltr'>agens</span> <span class='ocrx_word' id='word_1_167' title='bbox 1698 3520 1971 3603; x_wconf 82' lang='lat' dir='ltr'>supernaturale.</span> <span class='ocrx_word' id='word_1_168' title='bbox 1999 3519 2117 3601; x_wconf 76' lang='lat' dir='ltr'>Quare</span> <span class='ocrx_word' id='word_1_169' title='bbox 2147 3519 2191 3583; x_wconf 88' lang='lat' dir='ltr'>ad</span> <span class='ocrx_word' id='word_1_170' title='bbox 2216 3518 2501 3585; x_wconf 89' lang='lat' dir='ltr'>constitutionem</span> 
     </span>
     <span class='ocr_line' id='line_1_19' title="bbox 1023 3634 2500 3719; baseline 0.001 -20"><span class='ocrx_word' id='word_1_171' title='bbox 1023 3634 1097 3699; x_wconf 84' lang='lat' dir='ltr'>eins</span> <span class='ocrx_word' id='word_1_172' title='bbox 1125 3636 1360 3699; x_wconf 77' lang='lat' dir='ltr'>concurrent³</span> <span class='ocrx_word' id='word_1_173' title='bbox 1393 3637 1484 3699; x_wconf 76' lang='lat' dir='ltr'>(luae</span> <span class='ocrx_word' id='word_1_174' title='bbox 1513 3635 1643 3701; x_wconf 78' lang='lat' dir='ltr'>formae</span> <span class='ocrx_word' id='word_1_175' title='bbox 1673 3635 1930 3709; x_wconf 66' lang='lat' dir='ltr'>substantiales,</span> <span class='ocrx_word' id='word_1_176' title='bbox 1959 3657 2105 3719; x_wconf 85' lang='lat' dir='ltr'>quarum</span> <span class='ocrx_word' id='word_1_177' title='bbox 2138 3657 2208 3699; x_wconf 88' lang='lat' dir='ltr'>aaa</span> <span class='ocrx_word' id='word_1_178' title='bbox 2239 3635 2302 3701; x_wconf 88' lang='lat' dir='ltr'>erit</span> <span class='ocrx_word' id='word_1_179' title='bbox 2333 3634 2500 3701; x_wconf 87' lang='lat' dir='ltr'>terminus</span> 
     </span>
     <span class='ocr_line' id='line_1_20' title="bbox 1023 3750 2211 3837; baseline 0 -22"><span class='ocrx_word' id='word_1_180' title='bbox 1023 3750 1158 3837; x_wconf 73' lang='lat' dir='ltr'>agentis</span> <span class='ocrx_word' id='word_1_181' title='bbox 1184 3751 1359 3830; x_wconf 85' lang='lat' dir='ltr'>naturalis,</span> <span class='ocrx_word' id='word_1_182' title='bbox 1385 3750 1451 3814; x_wconf 89' lang='lat' dir='ltr'>alia</span> <span class='ocrx_word' id='word_1_183' title='bbox 1475 3750 1538 3815; x_wconf 86' lang='lat' dir='ltr'>erit</span> <span class='ocrx_word' id='word_1_184' title='bbox 1565 3751 1732 3817; x_wconf 83' lang='lat' dir='ltr'>tenninus</span> <span class='ocrx_word' id='word_1_185' title='bbox 1762 3751 1898 3835; x_wconf 66' lang='lat' dir='ltr'>agentis</span> <span class='ocrx_word' id='word_1_186' title='bbox 1927 3751 2211 3836; x_wconf 81' lang='lat' dir='ltr'>supernaturalis.</span> 
     </span>
    </p>

    <p class='ocr_par' dir='ltr' id='par_1_8' title="bbox 1023 3866 2503 4648">
     <span class='ocr_line' id='line_1_21' title="bbox 1113 3866 2503 3953; baseline 0.002 -22"><span class='ocrx_word' id='word_1_187' title='bbox 1113 3868 1192 3932; x_wconf 93' lang='lat' dir='ltr'>lloc</span> <span class='ocrx_word' id='word_1_188' title='bbox 1217 3866 1319 3932; x_wconf 84' lang='lat' dir='ltr'>etiam</span> <span class='ocrx_word' id='word_1_189' title='bbox 1344 3867 1578 3933; x_wconf 79' lang='lat' dir='ltr'>videturesse</span> <span class='ocrx_word' id='word_1_190' title='bbox 1604 3880 1725 3933; x_wconf 82' lang='lat' dir='ltr'>eontra</span> <span class='ocrx_word' id='word_1_191' title='bbox 1751 3868 1865 3945; x_wconf 83' lang='lat' dir='ltr'>tidem,</span> <span class='ocrx_word' id='word_1_192' title='bbox 1888 3867 2052 3953; x_wconf 81' lang='lat' dir='ltr'>quoniam</span> <span class='ocrx_word' id='word_1_193' title='bbox 2078 3867 2105 3932; x_wconf 90' lang='lat' dir='ltr'>si</span> <span class='ocrx_word' id='word_1_194' title='bbox 2133 3867 2167 3932; x_wconf 92' lang='lat' dir='ltr'>in</span> <span class='ocrx_word' id='word_1_195' title='bbox 2192 3867 2335 3934; x_wconf 90' lang='lat' dir='ltr'>homine</span> <span class='ocrx_word' id='word_1_196' title='bbox 2359 3890 2430 3934; x_wconf 91' lang='lat' dir='ltr'>non</span> <span class='ocrx_word' id='word_1_197' title='bbox 2459 3868 2503 3934; x_wconf 90' lang='lat' dir='ltr'>sit</span> 
     </span>
     <span class='ocr_line' id='line_1_22' title="bbox 1023 3982 2502 4064; baseline 0.001 -16"><span class='ocrx_word' id='word_1_198' title='bbox 1023 3983 1089 4048; x_wconf 88' lang='lat' dir='ltr'>nisi</span> <span class='ocrx_word' id='word_1_199' title='bbox 1127 4005 1197 4048; x_wconf 86' lang='lat' dir='ltr'>tma</span> <span class='ocrx_word' id='word_1_200' title='bbox 1233 3984 1352 4064; x_wconf 83' lang='lat' dir='ltr'>forma,</span> <span class='ocrx_word' id='word_1_201' title='bbox 1385 3982 1517 4050; x_wconf 69' lang='lat' dir='ltr'>seilicet</span> <span class='ocrx_word' id='word_1_202' title='bbox 1550 3984 1674 4063; x_wconf 72' lang='lat' dir='ltr'>anima,</span> <span class='ocrx_word' id='word_1_203' title='bbox 1708 3996 1791 4049; x_wconf 84' lang='lat' dir='ltr'>tunc</span> <span class='ocrx_word' id='word_1_204' title='bbox 1823 4006 1901 4049; x_wconf 81' lang='lat' dir='ltr'>cum</span> <span class='ocrx_word' id='word_1_205' title='bbox 1937 3984 2096 4049; x_wconf 74' lang='lat' dir='ltr'>Christus</span> <span class='ocrx_word' id='word_1_206' title='bbox 2129 3984 2192 4049; x_wconf 84' lang='lat' dir='ltr'>fuit</span> <span class='ocrx_word' id='word_1_207' title='bbox 2227 3995 2393 4064; x_wconf 85' lang='lat' dir='ltr'>mortuus,</span> <span class='ocrx_word' id='word_1_208' title='bbox 2429 4006 2502 4051; x_wconf 88' lang='lat' dir='ltr'>non</span> 
     </span>
     <span class='ocr_line' id='line_1_23' title="bbox 1024 4099 2502 4184; baseline 0.002 -21"><span class='ocrx_word' id='word_1_209' title='bbox 1024 4099 1188 4163; x_wconf 82' lang='lat' dir='ltr'>retmtnsit</span> <span class='ocrx_word' id='word_1_210' title='bbox 1212 4099 1303 4164; x_wconf 80' lang='lat' dir='ltr'>itlem</span> <span class='ocrx_word' id='word_1_211' title='bbox 1330 4122 1459 4184; x_wconf 81' lang='lat' dir='ltr'>corpus</span> <span class='ocrx_word' id='word_1_212' title='bbox 1485 4122 1629 4165; x_wconf 67' lang='lat' dir='ltr'>maturo</span> <span class='ocrx_word' id='word_1_213' title='bbox 1657 4112 1830 4165; x_wconf 82' lang='lat' dir='ltr'>tuottuum</span> <span class='ocrx_word' id='word_1_214' title='bbox 1857 4101 1950 4184; x_wconf 82' lang='lat' dir='ltr'>qttotl</span> <span class='ocrx_word' id='word_1_215' title='bbox 1981 4101 2092 4165; x_wconf 82' lang='lat' dir='ltr'>suerat</span> <span class='ocrx_word' id='word_1_216' title='bbox 2121 4101 2259 4180; x_wconf 76' lang='lat' dir='ltr'>vivum3</span> <span class='ocrx_word' id='word_1_217' title='bbox 2286 4112 2370 4166; x_wconf 88' lang='lat' dir='ltr'>tunc</span> <span class='ocrx_word' id='word_1_218' title='bbox 2399 4100 2502 4167; x_wconf 91' lang='lat' dir='ltr'>etiam</span> 
     </span>
     <span class='ocr_line' id='line_1_24' title="bbox 1024 4215 2501 4303; baseline 0.001 -23"><span class='ocrx_word' id='word_1_219' title='bbox 1024 4215 1219 4281; x_wconf 84' lang='lat' dir='ltr'>substantia</span> <span class='ocrx_word' id='word_1_220' title='bbox 1243 4215 1344 4301; x_wconf 83' lang='lat' dir='ltr'>panis</span> <span class='ocrx_word' id='word_1_221' title='bbox 1371 4228 1631 4281; x_wconf 71' lang='lat' dir='ltr'>com&#39;erteretut·</span> <span class='ocrx_word' id='word_1_222' title='bbox 1655 4216 1689 4280; x_wconf 91' lang='lat' dir='ltr'>in</span> <span class='ocrx_word' id='word_1_223' title='bbox 1715 4217 1824 4281; x_wconf 87' lang='lat' dir='ltr'>solam</span> <span class='ocrx_word' id='word_1_224' title='bbox 1843 4216 2018 4281; x_wconf 72' lang='lat' dir='ltr'>materiam</span> <span class='ocrx_word' id='word_1_225' title='bbox 2045 4239 2134 4301; x_wconf 83' lang='lat' dir='ltr'>qaae</span> <span class='ocrx_word' id='word_1_226' title='bbox 2159 4239 2230 4282; x_wconf 90' lang='lat' dir='ltr'>non</span> <span class='ocrx_word' id='word_1_227' title='bbox 2260 4226 2313 4282; x_wconf 90' lang='lat' dir='ltr'>est</span> <span class='ocrx_word' id='word_1_228' title='bbox 2336 4239 2465 4303; x_wconf 87' lang='lat' dir='ltr'>eorpus</span> <span class='ocrx_word' id='word_1_229' title='bbox 2479 4215 2501 4297; x_wconf 88' lang='lat'>⁴,</span> 
     </span>
     <span class='ocr_line' id='line_1_25' title="bbox 1024 4331 2502 4419; baseline 0.003 -24"><span class='ocrx_word' id='word_1_230' title='bbox 1024 4354 1090 4397; x_wconf 86' lang='lat' dir='ltr'>nec</span> <span class='ocrx_word' id='word_1_231' title='bbox 1118 4353 1211 4412; x_wconf 84' lang='lat' dir='ltr'>cam,</span> <span class='ocrx_word' id='word_1_232' title='bbox 1247 4343 1305 4396; x_wconf 89' lang='lat' dir='ltr'>aut</span> <span class='ocrx_word' id='word_1_233' title='bbox 1336 4343 1595 4397; x_wconf 72' lang='lat' dir='ltr'>eutn&#39;orteretur</span> <span class='ocrx_word' id='word_1_234' title='bbox 1627 4331 1660 4396; x_wconf 93' lang='lat' dir='ltr'>in</span> <span class='ocrx_word' id='word_1_235' title='bbox 1691 4332 1923 4418; x_wconf 82' lang='lat' dir='ltr'>compositam</span> <span class='ocrx_word' id='word_1_236' title='bbox 1955 4355 1997 4397; x_wconf 77' lang='lat' dir='ltr'>ex</span> <span class='ocrx_word' id='word_1_237' title='bbox 2028 4333 2170 4398; x_wconf 86' lang='lat' dir='ltr'>materia</span> <span class='ocrx_word' id='word_1_238' title='bbox 2202 4344 2236 4399; x_wconf 89' lang='lat' dir='ltr'>et</span> <span class='ocrx_word' id='word_1_239' title='bbox 2267 4332 2382 4398; x_wconf 87' lang='lat' dir='ltr'>anima</span> <span class='ocrx_word' id='word_1_240' title='bbox 2412 4354 2502 4419; x_wconf 88' lang='lat' dir='ltr'>quae</span> 
     </span>
     <span class='ocr_line' id='line_1_26' title="bbox 1024 4448 2503 4533; baseline 0.001 -21"><span class='ocrx_word' id='word_1_241' title='bbox 1024 4459 1235 4513; x_wconf 84' lang='lat' dir='ltr'>tamennon</span> <span class='ocrx_word' id='word_1_242' title='bbox 1261 4448 1386 4513; x_wconf 78' lang='lat' dir='ltr'>(licitur</span> <span class='ocrx_word' id='word_1_243' title='bbox 1414 4448 1460 4512; x_wconf 90' lang='lat' dir='ltr'>ibi</span> <span class='ocrx_word' id='word_1_244' title='bbox 1485 4471 1563 4514; x_wconf 87' lang='lat' dir='ltr'>esse</span> <span class='ocrx_word' id='word_1_245' title='bbox 1588 4448 1654 4513; x_wconf 88' lang='lat' dir='ltr'>nisi</span> <span class='ocrx_word' id='word_1_246' title='bbox 1685 4471 1745 4533; x_wconf 77' lang='lat' dir='ltr'>oet</span> <span class='ocrx_word' id='word_1_247' title='bbox 1770 4448 2086 4514; x_wconf 78' lang='lat' dir='ltr'>concomitantiam.</span> <span class='ocrx_word' id='word_1_248' title='bbox 2115 4450 2214 4515; x_wconf 83' lang='lat' dir='ltr'>Haec</span> <span class='ocrx_word' id='word_1_249' title='bbox 2238 4459 2355 4515; x_wconf 91' lang='lat' dir='ltr'>autem</span> <span class='ocrx_word' id='word_1_250' title='bbox 2385 4448 2503 4515; x_wconf 90' lang='lat' dir='ltr'>omnia</span> 
     </span>
     <span class='ocr_line' id='line_1_27' title="bbox 1023 4562 1772 4648; baseline 0 -20"><span class='ocrx_word' id='word_1_251' title='bbox 1023 4575 1104 4628; x_wconf 90' lang='lat' dir='ltr'>sunt</span> <span class='ocrx_word' id='word_1_252' title='bbox 1122 4562 1416 4629; x_wconf 60' lang='lat' dir='ltr'>inconvenientia.</span> <span class='ocrx_word' id='word_1_253' title='bbox 1445 4569 1563 4648; x_wconf 74' lang='lat' dir='ltr'>Quam</span> <span class='ocrx_word' id='word_1_254' title='bbox 1588 4575 1621 4629; x_wconf 85' lang='lat' dir='ltr'>et</span> <span class='ocrx_word' id='word_1_255' title='bbox 1646 4578 1772 4630; x_wconf 82' lang='lat' dir='ltr'>cetera.</span> 
     </span>
    </p>

    <p class='ocr_par' dir='ltr' id='par_1_9' title="bbox 1024 4679 2502 5347">
     <span class='ocr_line' id='line_1_28' title="bbox 1115 4679 2502 4766; baseline 0.003 -23"><span class='ocrx_word' id='word_1_256' title='bbox 1115 4680 1254 4745; x_wconf 76' lang='lat' dir='ltr'>Contra.</span> <span class='ocrx_word' id='word_1_257' title='bbox 1289 4682 1490 4745; x_wconf 72' lang='lat' dir='ltr'>Saunium</span> <span class='ocrx_word' id='word_1_258' title='bbox 1524 4679 1851 4765; x_wconf 73' lang='lat' dir='ltr'>Philosophum(l),</span> <span class='ocrx_word' id='word_1_259' title='bbox 1877 4703 1972 4744; x_wconf 88' lang='lat' dir='ltr'>nono</span> <span class='ocrx_word' id='word_1_260' title='bbox 2000 4680 2271 4766; x_wconf 78' lang='lat' dir='ltr'>lletapltysieae,</span> <span class='ocrx_word' id='word_1_261' title='bbox 2302 4692 2402 4747; x_wconf 87' lang='lat' dir='ltr'>actus</span> <span class='ocrx_word' id='word_1_262' title='bbox 2427 4680 2502 4747; x_wconf 87' lang='lat' dir='ltr'>sive</span> 
     </span>
     <span class='ocr_line' id='line_1_29' title="bbox 1024 4795 2502 4882; baseline 0.001 -21"><span class='ocrx_word' id='word_1_263' title='bbox 1024 4797 1134 4861; x_wconf 85' lang='lat' dir='ltr'>forma</span> <span class='ocrx_word' id='word_1_264' title='bbox 1166 4795 1248 4861; x_wconf 86' lang='lat' dir='ltr'>facit</span> <span class='ocrx_word' id='word_1_265' title='bbox 1280 4796 1407 4861; x_wconf 84' lang='lat' dir='ltr'>distare</span> <span class='ocrx_word' id='word_1_266' title='bbox 1440 4808 1473 4861; x_wconf 86' lang='lat' dir='ltr'>et</span> <span class='ocrx_word' id='word_1_267' title='bbox 1505 4797 1650 4861; x_wconf 64' lang='lat' dir='ltr'>uilitate.</span> <span class='ocrx_word' id='word_1_268' title='bbox 1685 4800 1803 4879; x_wconf 70' lang='lat' dir='ltr'>Quam</span> <span class='ocrx_word' id='word_1_269' title='bbox 1836 4797 1917 4861; x_wconf 82' lang='lat' dir='ltr'>illutl</span> <span class='ocrx_word' id='word_1_270' title='bbox 1943 4796 1975 4860; x_wconf 94' lang='lat' dir='ltr'>in</span> <span class='ocrx_word' id='word_1_271' title='bbox 2009 4818 2079 4881; x_wconf 83' lang='lat' dir='ltr'>quo</span> <span class='ocrx_word' id='word_1_272' title='bbox 2111 4808 2192 4861; x_wconf 88' lang='lat' dir='ltr'>sunt</span> <span class='ocrx_word' id='word_1_273' title='bbox 2223 4797 2339 4882; x_wconf 88' lang='lat' dir='ltr'>plures</span> <span class='ocrx_word' id='word_1_274' title='bbox 2367 4796 2502 4863; x_wconf 83' lang='lat' dir='ltr'>formae</span> 
     </span>
     <span class='ocr_line' id='line_1_30' title="bbox 1024 4912 2501 4999; baseline 0.004 -26"><span class='ocrx_word' id='word_1_275' title='bbox 1024 4923 1162 4997; x_wconf 77' lang='lat' dir='ltr'>oportet</span> <span class='ocrx_word' id='word_1_276' title='bbox 1190 4914 1318 4978; x_wconf 76' lang='lat' dir='ltr'>habore</span> <span class='ocrx_word' id='word_1_277' title='bbox 1347 4912 1574 4977; x_wconf 79' lang='lat' dir='ltr'>‹litl&#39;erentiam</span> <span class='ocrx_word' id='word_1_278' title='bbox 1605 4914 1741 4978; x_wconf 70' lang='lat' dir='ltr'>realem.</span> <span class='ocrx_word' id='word_1_279' title='bbox 1772 4913 1870 4978; x_wconf 76' lang='lat' dir='ltr'>Sicut</span> <span class='ocrx_word' id='word_1_280' title='bbox 1894 4935 1979 4996; x_wconf 66' lang='lat' dir='ltr'>ergo</span> <span class='ocrx_word' id='word_1_281' title='bbox 2009 4913 2088 4977; x_wconf 85' lang='lat' dir='ltr'>illutl</span> <span class='ocrx_word' id='word_1_282' title='bbox 2119 4913 2153 4977; x_wconf 94' lang='lat' dir='ltr'>in</span> <span class='ocrx_word' id='word_1_283' title='bbox 2182 4936 2252 4997; x_wconf 78' lang='lat' dir='ltr'>quo</span> <span class='ocrx_word' id='word_1_284' title='bbox 2277 4923 2358 4978; x_wconf 88' lang='lat' dir='ltr'>sunt</span> <span class='ocrx_word' id='word_1_285' title='bbox 2383 4914 2501 4999; x_wconf 81' lang='lat' dir='ltr'>plures</span> 
     </span>
     <span class='ocr_line' id='line_1_31' title="bbox 1024 5028 2501 5115; baseline 0.002 -23"><span class='ocrx_word' id='word_1_286' title='bbox 1024 5030 1156 5093; x_wconf 79' lang='lat' dir='ltr'>sornute</span> <span class='ocrx_word' id='word_1_287' title='bbox 1188 5029 1424 5093; x_wconf 74' lang='lat' dir='ltr'>accidentales</span> <span class='ocrx_word' id='word_1_288' title='bbox 1453 5052 1523 5093; x_wconf 90' lang='lat' dir='ltr'>non</span> <span class='ocrx_word' id='word_1_289' title='bbox 1553 5041 1605 5093; x_wconf 82' lang='lat' dir='ltr'>est</span> <span class='ocrx_word' id='word_1_290' title='bbox 1634 5052 1750 5107; x_wconf 78' lang='lat' dir='ltr'>unani,</span> <span class='ocrx_word' id='word_1_291' title='bbox 1781 5030 1826 5094; x_wconf 90' lang='lat' dir='ltr'>ita</span> <span class='ocrx_word' id='word_1_292' title='bbox 1851 5029 1932 5094; x_wconf 83' lang='lat' dir='ltr'>illutl</span> <span class='ocrx_word' id='word_1_293' title='bbox 1961 5028 1995 5095; x_wconf 91' lang='lat' dir='ltr'>in</span> <span class='ocrx_word' id='word_1_294' title='bbox 2025 5051 2094 5114; x_wconf 80' lang='lat' dir='ltr'>quo</span> <span class='ocrx_word' id='word_1_295' title='bbox 2120 5041 2202 5093; x_wconf 88' lang='lat' dir='ltr'>sant</span> <span class='ocrx_word' id='word_1_296' title='bbox 2226 5030 2343 5115; x_wconf 86' lang='lat' dir='ltr'>plures</span> <span class='ocrx_word' id='word_1_297' title='bbox 2368 5030 2501 5096; x_wconf 85' lang='lat' dir='ltr'>formae</span> 
     </span>
     <span class='ocr_line' id='line_1_32' title="bbox 1024 5144 2502 5231; baseline 0.003 -24"><span class='ocrx_word' id='word_1_298' title='bbox 1024 5144 1270 5209; x_wconf 74' lang='lat' dir='ltr'>substantiales</span> <span class='ocrx_word' id='word_1_299' title='bbox 1303 5167 1373 5209; x_wconf 92' lang='lat' dir='ltr'>non</span> <span class='ocrx_word' id='word_1_300' title='bbox 1407 5156 1523 5231; x_wconf 81' lang='lat' dir='ltr'>potest</span> <span class='ocrx_word' id='word_1_301' title='bbox 1552 5168 1631 5211; x_wconf 88' lang='lat' dir='ltr'>esse</span> <span class='ocrx_word' id='word_1_302' title='bbox 1663 5167 1781 5226; x_wconf 80' lang='lat' dir='ltr'>unuin,</span> <span class='ocrx_word' id='word_1_303' title='bbox 1814 5168 1894 5211; x_wconf 80' lang='lat' dir='ltr'>eum</span> <span class='ocrx_word' id='word_1_304' title='bbox 1925 5147 2057 5211; x_wconf 86' lang='lat' dir='ltr'>formae</span> <span class='ocrx_word' id='word_1_305' title='bbox 2093 5145 2340 5212; x_wconf 88' lang='lat' dir='ltr'>substantiales</span> <span class='ocrx_word' id='word_1_306' title='bbox 2372 5145 2502 5211; x_wconf 87' lang='lat' dir='ltr'>faciant</span> 
     </span>
     <span class='ocr_line' id='line_1_33' title="bbox 1024 5260 1851 5347; baseline 0.002 -23"><span class='ocrx_word' id='word_1_307' title='bbox 1024 5260 1136 5347; x_wconf 66' lang='lat' dir='ltr'>magis</span> <span class='ocrx_word' id='word_1_308' title='bbox 1156 5261 1167 5293; x_wconf 79' lang='lat'><strong>⁵</strong></span> <span class='ocrx_word' id='word_1_309' title='bbox 1191 5284 1298 5326; x_wconf 88' lang='lat' dir='ltr'>unum</span> <span class='ocrx_word' id='word_1_310' title='bbox 1324 5261 1452 5326; x_wconf 84' lang='lat' dir='ltr'>‹listare</span> <span class='ocrx_word' id='word_1_311' title='bbox 1477 5284 1579 5345; x_wconf 84' lang='lat' dir='ltr'>quam</span> <span class='ocrx_word' id='word_1_312' title='bbox 1605 5262 1851 5327; x_wconf 72' lang='lat' dir='ltr'>accidentales.</span> 
     </span>
    </p>

    <p class='ocr_par' dir='ltr' id='par_1_10' title="bbox 1115 5377 2501 5464">
     <span class='ocr_line' id='line_1_34' title="bbox 1115 5377 2501 5464; baseline 0.001 -23"><span class='ocrx_word' id='word_1_313' title='bbox 1115 5377 1326 5462; x_wconf 75' lang='lat' dir='ltr'>llesoontloo</span> <span class='ocrx_word' id='word_1_314' title='bbox 1352 5377 1538 5443; x_wconf 77' lang='lat' dir='ltr'>‹licentlnm</span> <span class='ocrx_word' id='word_1_315' title='bbox 1557 5379 1651 5462; x_wconf 78' lang='lat' dir='ltr'>quosl</span> <span class='ocrx_word' id='word_1_316' title='bbox 1670 5378 1750 5462; x_wconf 84' lang='lat' dir='ltr'>quia</span> <span class='ocrx_word' id='word_1_317' title='bbox 1776 5380 1880 5443; x_wconf 88' lang='lat' dir='ltr'>bomo</span> <span class='ocrx_word' id='word_1_318' title='bbox 1906 5390 1958 5443; x_wconf 78' lang='lat' dir='ltr'>ost</span> <span class='ocrx_word' id='word_1_319' title='bbox 1982 5400 2045 5444; x_wconf 90' lang='lat' dir='ltr'>ens</span> <span class='ocrx_word' id='word_1_320' title='bbox 2063 5378 2096 5442; x_wconf 92' lang='lat' dir='ltr'>in</span> <span class='ocrx_word' id='word_1_321' title='bbox 2115 5400 2247 5464; x_wconf 67' lang='lat' dir='ltr'>genere</span> <span class='ocrx_word' id='word_1_322' title='bbox 2271 5377 2501 5445; x_wconf 89' lang='lat' dir='ltr'>determinato</span> 
     </span>
    </p>
   </div>
   <div class='ocr_carea' id='block_1_5' title="bbox 1024 5744 2499 5903">
    <p class='ocr_par' dir='ltr' id='par_1_11' title="bbox 1024 5744 2499 5903">
     <span class='ocr_line' id='line_1_35' title="bbox 1116 5744 2499 5817; baseline -0.001 -18"><span class='ocrx_word' id='word_1_323' title='bbox 1116 5750 1121 5778; x_wconf 93' lang='lat'><strong>¹</strong></span> <span class='ocrx_word' id='word_1_324' title='bbox 1136 5756 1268 5799; x_wconf 81' lang='lat' dir='ltr'>naturam</span> <span class='ocrx_word' id='word_1_325' title='bbox 1290 5748 1319 5800; x_wconf 80' lang='grc' dir='ltr'>Ρ.</span> <span class='ocrx_word' id='word_1_326' title='bbox 1389 5746 1440 5798; x_wconf 75' lang='lat' dir='ltr'>²iu</span> <span class='ocrx_word' id='word_1_327' title='bbox 1460 5746 1529 5798; x_wconf 78' lang='lat' dir='ltr'>otltl.</span> <span class='ocrx_word' id='word_1_328' title='bbox 1545 5746 1573 5798; x_wconf 85' lang='lat' dir='ltr'>l‘.</span> <span class='ocrx_word' id='word_1_329' title='bbox 1597 5779 1623 5784; x_wconf 87' lang='lat'>---</span> <span class='ocrx_word' id='word_1_330' title='bbox 1644 5748 1844 5799; x_wconf 68' lang='lat' dir='ltr'>aconcurrant</span> <span class='ocrx_word' id='word_1_331' title='bbox 1860 5746 1887 5798; x_wconf 88' lang='lat' dir='ltr'>l&#39;.</span> <span class='ocrx_word' id='word_1_332' title='bbox 1909 5778 1938 5784; x_wconf 90' lang='lat'>-·</span> <span class='ocrx_word' id='word_1_333' title='bbox 1960 5748 2050 5799; x_wconf 69' lang='lat' dir='ltr'>*tune</span> <span class='ocrx_word' id='word_1_334' title='bbox 2070 5745 2156 5799; x_wconf 75' lang='lat' dir='ltr'>otiam</span> <span class='ocrx_word' id='word_1_335' title='bbox 2173 5778 2204 5783; x_wconf 95' lang='lat'>—</span> <span class='ocrx_word' id='word_1_336' title='bbox 2216 5748 2333 5817; x_wconf 82' lang='lat' dir='ltr'>corpus]</span> <span class='ocrx_word' id='word_1_337' title='bbox 2348 5763 2402 5798; x_wconf 85' lang='lat' dir='ltr'>om.</span> <span class='ocrx_word' id='word_1_338' title='bbox 2416 5744 2447 5798; x_wconf 92' lang='lat' dir='ltr'>P.</span> <span class='ocrx_word' id='word_1_339' title='bbox 2467 5776 2499 5785; x_wconf 89' lang='lat'>-</span> 
     </span>
     <span class='ocr_line' id='line_1_36' title="bbox 1024 5834 1567 5903; baseline -0.004 -14"><span class='ocrx_word' id='word_1_340' title='bbox 1024 5834 1156 5889; x_wconf 62' lang='lat' dir='ltr'>*satiant</span> <span class='ocrx_word' id='word_1_341' title='bbox 1177 5835 1281 5903; x_wconf 62' lang='lat' dir='ltr'>nitigis}</span> <span class='ocrx_word' id='word_1_342' title='bbox 1302 5834 1396 5899; x_wconf 50' lang='lat' dir='ltr'>titanis</span> <span class='ocrx_word' id='word_1_343' title='bbox 1412 5834 1520 5888; x_wconf 79' lang='lat' dir='ltr'>faciant</span> <span class='ocrx_word' id='word_1_344' title='bbox 1536 5835 1567 5888; x_wconf 89' lang='lat' dir='ltr'>P.</span> 
     </span>
    </p>
   </div>
   <div class='ocr_carea' id='block_1_6' title="bbox 1112 6086 2047 6163">
    <p class='ocr_par' dir='ltr' id='par_1_12' title="bbox 1112 6086 2047 6163">
     <span class='ocr_line' id='line_1_37' title="bbox 1112 6086 2047 6163; baseline -0.009 -14"><span class='ocrx_word' id='word_1_345' title='bbox 1112 6097 1151 6149; x_wconf 80' lang='lat' dir='ltr'>tlt</span> <span class='ocrx_word' id='word_1_346' title='bbox 1168 6092 1197 6148; x_wconf 84' lang='lat' dir='ltr'>L.</span> <span class='ocrx_word' id='word_1_347' title='bbox 1213 6094 1251 6147; x_wconf 80' lang='lat' dir='ltr'>l&#39;l</span> <span class='ocrx_word' id='word_1_348' title='bbox 1267 6094 1313 6161; x_wconf 78' lang='lat' dir='ltr'>lul.</span> <span class='ocrx_word' id='word_1_349' title='bbox 1328 6093 1400 6163; x_wconf 74' lang='lat' dir='ltr'>llll,</span> <span class='ocrx_word' id='word_1_350' title='bbox 1415 6111 1438 6145; x_wconf 72' lang='lat' dir='ltr'>c.</span> <span class='ocrx_word' id='word_1_351' title='bbox 1456 6097 1487 6146; x_wconf 82' lang='lat' dir='ltr'>la</span> <span class='ocrx_word' id='word_1_352' title='bbox 1502 6093 1539 6163; x_wconf 75' lang='lat' dir='ltr'>[p.</span> <span class='ocrx_word' id='word_1_353' title='bbox 1559 6096 1646 6146; x_wconf 71' lang='lat' dir='ltr'>llll-lto.</span> <span class='ocrx_word' id='word_1_354' title='bbox 1660 6086 1688 6141; x_wconf 91' lang='lat' dir='ltr'>&#39;ll</span> <span class='ocrx_word' id='word_1_355' title='bbox 1703 6089 1754 6160; x_wconf 73' lang='grc' dir='ltr'>γὰρ</span> <span class='ocrx_word' id='word_1_356' title='bbox 1768 6086 1916 6160; x_wconf 66' lang='grc' dir='ltr'>ἐντελέχεια</span> <span class='ocrx_word' id='word_1_357' title='bbox 1929 6088 2047 6159; x_wconf 73' lang='grc' dir='ltr'>χιιιρίζει.</span> 
     </span>
    </p>
   </div>
   <div class='ocr_carea' id='block_1_7' title="bbox 0 0 3355 7988">
    <p class='ocr_par' dir='ltr' id='par_1_13' title="bbox 0 0 3355 7988">
     <span class='ocr_line' id='line_1_38' title="bbox 0 0 3355 7988; baseline 0 0"><span class='ocrx_word' id='word_1_358' title='bbox 0 0 3355 7988; x_wconf 95' lang='lat' dir='ltr'> </span> 
     </span>
    </p>
   </div>
  </div>
 </body>
</html>
