6700 7992
2603 1414 3035 1488 SECUNDUM
3094 1416 3695 1503 Quon'mssETUM,
3752 1432 3824 1502 Q.
3874 1430 3985 1485 v11
4663 1421 4760 1484 1'17

1802 1608 1874 1695 in
1928 1613 2151 1679 forma
2182 1613 2201 1649 ¹
2248 1612 2685 1679 substantiali
2743 1624 2848 1678 est
2896 1613 3294 1698 susceptiva
3343 1612 3815 1692 accidentaliS,
3871 1611 4033 1678 ideo
4088 1635 4233 1677 non
4291 1612 4570 1698 ponitur
4624 1634 4764 1676 una

1801 1728 2123 1795 habilitas
2172 1730 2278 1794 vel
2327 1728 2642 1814 potentia
2691 1729 3018 1794 materiae
3063 1729 3208 1794 sive
3257 1750 3398 1793 una
3447 1728 3618 1792 ratio
3669 1727 3964 1793 subiecti
4012 1740 4334 1814 respectu
4385 1728 4760 1813 utriusque.

1981 1845 2152 1912 Esto
2217 1844 2478 1911 etia1n²
2541 1846 2731 1929 quod
2796 1867 2935 1909 una
3000 1868 3143 1909 non
3209 1847 3324 1909 ‹lct
3389 1867 3544 1910 esse
3610 1845 3760 1909 sine
3826 1844 3977 1924 alia,
4043 1868 4185 1909 non
4260 1846 4467 1910 debet
4530 1855 4761 1909 tamen

1801 1972 2087 2047 propter
2131 1963 2269 2028 hoc
2299 1960 2323 1996 ⁸
2367 1960 2537 2047 poni
2586 1961 2776 2046 quod
2826 1961 3110 2026 materia
3160 1962 3547 2025 secundum
3599 1961 3937 2026 rationem
3987 1961 4192 2025 unius
4242 1959 4612 2025 habilitatis
4655 1960 4762 2024 vel

1802 2088 2017 2165 poten
2075 2079 2082 2161 Ι
2137 2076 2274 2143 tiae
2328 2077 2418 2142 sit
2471 2076 2874 2161 susceptiva
2938 2076 3314 2160 utriusque.
3375 2077 3629 2141 Multae
3696 2076 3878 2141 enim
3943 2077 4206 2142 formae
4269 2075 4760 2141 substantiales

1802 2192 2192 2260 materiales
2242 2214 2385 2258 non
2436 2203 2735 2278 possunt
2768 2191 3000 2258 inesse
3051 2192 3351 2257 materiis
3401 2192 3534 2257 nisi
3583 2192 3884 2257 coinsint
3932 2195 4274 2277 quaedam
4327 2192 4759 2270 accidentia3

1802 2308 1985 2397 ignis
2043 2307 2226 2375 enim
2283 2329 2427 2373 non
2485 2320 2590 2374 est
2638 2307 2769 2374 nisi
2819 2308 2905 2373 sit
2954 2308 3241 2389 caliduS,
3293 2329 3425 2373 nec
3474 2320 3652 2373 terra
3703 2321 3807 2373 est
3856 2308 3987 2373 nisi
4036 2307 4125 2373 sit
4171 2308 4358 2374 sicca
4408 2318 4475 2374 et
4522 2307 4623 2373 sic
4673 2309 4760 2373 de

1803 2425 1972 2491 aliis.
2024 2425 2110 2490 Et
2159 2446 2316 2491 cum
2366 2423 2650 2489 materia
2684 2436 3007 2509 respectu
3044 2425 3306 2489 formae
3342 2423 3814 2489 substantialis
3859 2426 4070 2490 habet
4102 2425 4439 2490 rationem
4482 2424 4761 2489 alterius

1802 2541 2157 2627 potentiae
2205 2541 2595 2606 secundum
2659 2562 2865 2624 quam
2918 2539 3166 2606 dicitur
3224 2543 3417 2623 [non]
3471 2540 3881 2620 subiectum,
3938 2553 4260 2626 respectu
4311 2539 4761 2605 accidentalis

1800 2658 2012 2723 habet
2073 2656 2410 2722 rationem
2476 2655 2677 2720 aliam
2742 2655 3097 2741 potentiae
3162 2658 3549 2721 secundum
3624 2678 3828 2740 quam
3903 2656 4151 2722 dicitur
4216 2657 4629 2735 subiectum,
4696 2667 4762 2721 et

1802 2772 1904 2839 sic
1953 2774 2475 2857 quodammodo
2525 2771 2748 2859 magis
2798 2771 3067 2837 videtur
3106 2772 3381 2838 differre
3418 2772 3725 2857 potentia
3776 2771 4102 2838 materiae
4151 2785 4474 2857 respectu
4518 2773 4762 2837 harum

1801 2889 2177 2954 formarum
2213 2887 2281 2953 in
2314 2887 2598 2953 homine
2633 2910 2840 2972 quam
2874 2901 3198 2973 respectu
3240 2889 3530 2952 duarum
3581 2888 3994 2953 naturalium
4043 2887 4548 2974 specificatum,
4585 2887 4764 2954 sicut

1802 3003 2007 3070 etiam
2071 3003 2297 3091 magis
2365 3003 2593 3069 differt
2664 3003 2977 3088 potentia
3050 3003 3377 3069 materiae
3442 3018 3764 3089 respectu
3831 3005 4094 3070 formae
4157 3004 4631 3070 substantialis
4696 3015 4763 3070 et

1799 3119 2250 3186 accidentalis
2306 3141 2513 3204 quam
2572 3131 2895 3204 respectu
2954 3120 3246 3183 duarum
3298 3120 3875 3185 substantialium.
3931 3121 4109 3185 Nam
4160 3132 4228 3186 et
4276 3120 4429 3205 ipsa
4478 3121 4763 3186 materia

1798 3236 2004 3302 etiam
2054 3246 2129 3300 ut
2175 3235 2565 3301 secundum
2614 3257 2690 3300 se
2738 3235 2929 3299 nuda
2979 3235 3260 3320 respicit
3312 3237 3545 3321 plures
3606 3237 3863 3301 formas
3913 3237 4425 3316 substantialeS,
4477 3259 4610 3302 nec
4661 3236 4762 3302 sic

1799 3351 2302 3418 diversificatur
2349 3351 2745 3416 diversitate
2794 3350 2959 3415 reali
2989 3351 3011 3385 ⁴
3060 3353 3186 3416 sed
3235 3352 3458 3416 solum
3520 3353 3906 3417 secundum
3965 3353 4324 3433 rationem,
4375 3353 4554 3418 sicut
4603 3374 4761 3418 cum

1800 3467 1954 3554 ipsa
2016 3468 2406 3534 secundum
2471 3489 2548 3532 se
2611 3466 2893 3552 respicit
2965 3490 3173 3532 unam
3240 3479 3307 3533 et
3371 3469 3758 3534 secundum
3832 3470 4020 3553 quod
4082 3469 4217 3534 iam
4281 3468 4349 3534 in
4414 3481 4573 3535 actu
4638 3491 4764 3555 per

4876 2046 5007 2101 cod.
5033 2047 5086 2100 V

4816 2117 4916 2173 fol.
4938 2121 5043 2172 266
5065 2119 5145 2171 Rb

1801 3583 2101 3669 aliquam
2151 3582 2434 3669 respicit
2482 3582 2704 3647 aliam.
2757 3584 2972 3667 Quod
3020 3583 3226 3648 etiam
3277 3584 3598 3649 diversae
3651 3586 3913 3650 formae
3971 3585 4464 3650 substantiales
4513 3607 4637 3672 per
4685 3607 4762 3651 se
4855 3574 4860 3579 ⁵

1799 3699 2177 3786 respiciant
2217 3721 2427 3764 unam
2461 3709 2528 3765 et
2562 3699 2857 3764 eandem
2908 3699 3289 3785 potentiam
3340 3722 3484 3764 non
3534 3700 3805 3765 videtur
3852 3701 4205 3767 rationale.
4257 3701 4359 3766 Ex
4394 3723 4534 3787 quo
4578 3701 4763 3767 enim

1800 3826 1999 3882 actus
2033 3815 2282 3882 dicitur
2310 3814 2334 3848 ⁶
2366 3816 2453 3881 ad
2487 3814 2871 3900 potentiam
2907 3826 2976 3880 et
3009 3836 3046 3880 e
3082 3837 3446 3896 converSO,
3484 3826 3551 3882 et
3584 3816 3758 3881 alius
3812 3828 4008 3882 actus
4058 3819 4147 3882 ad
4196 3817 4395 3882 aliam
4445 3829 4515 3883 et
4560 3816 4762 3882 aliam

1800 3930 2182 4019 potentiam
2245 3930 2514 3998 dicetur
2575 3953 2661 3997 eo
2722 3932 2934 3997 modo
2992 3953 3130 4016 quo
3188 3931 3502 4017 potentia
3557 3942 3880 4018 respectu
3910 3932 3935 3967 ⁶
3988 3932 4417 3999 diversorum
4482 3943 4762 3999 actuum

1800 4059 1965 4115 nata
2020 4057 2127 4113 est
2182 4046 2635 4113 diversificari
2669 4050 2783 4130 (1).

1930 4250 1937 4255 .
1978 4163 2155 4230 Cum
2206 4162 2410 4229 etiam
2458 4163 2860 4229 huiusmodi
2909 4164 3131 4233 forma
3174 4187 3318 4229 non
3367 4166 3580 4231 habet
3635 4165 3976 4231 rationem
4027 4165 4507 4252 dispositionis
4564 4187 4761 4252 prae·

1803 4279 2117 4347 cedentis
2169 4292 2494 4366 respectu
2543 4279 2816 4346 animae
2864 4280 2998 4344 nisi
3048 4279 3314 4346 ratione
3364 4280 3779 4347 actualitatis
3827 4281 4136 4347 formalis
4186 4304 4390 4367 quam
4442 4283 4560 4347 dat
4594 4286 4761 4365 (non

1803 4395 1986 4463 enim
2030 4395 2340 4483 disponit
2388 4395 2741 4461 materiam
2791 4395 2923 4461 nisi
2973 4395 3194 4481 ipsam
3244 4418 3372 4461 sua
3421 4397 3816 4463 actualitate
3865 4397 4345 4483 perficiendo),
4399 4409 4467 4463 et
4499 4420 4656 4464 cum
4691 4397 4761 4462 in

1801 4510 2069 4578 ratione
2101 4512 2370 4578 formae
2406 4514 2597 4596 [non]
2634 4512 3012 4597 praecedat
3045 4511 3293 4576 ordine
3328 4522 3639 4593 naturae,
3689 4535 3833 4579 non
3868 4512 4244 4601 dignitatis,
4279 4524 4354 4578 ut
4387 4513 4553 4580 dicit
4584 4515 4762 4580 haec

1800 4626 2078 4715 positi0,
2136 4666 2220 4676 —
2276 4649 2418 4693 non
2471 4627 2743 4693 videtur
2789 4627 3222 4708 rationabile,
3274 4640 3342 4694 et
3395 4628 3497 4694 sic
3545 4630 3737 4701 nullo
3788 4629 3999 4695 modo
4055 4642 4378 4716 respectu
4436 4629 4761 4695 materiae

1803 4742 2126 4810 videntur
2159 4765 2370 4830 posse
2404 4745 2664 4810 habere
2700 4743 3039 4810 rationem
3075 4745 3280 4808 unius
3316 4745 3581 4810 formae
3630 4766 3852 4830 aeque
3903 4744 4296 4811 immediate
4345 4745 4565 4832 ipsam
4612 4769 4762 4832 per-

1801 4858 2120 4927 ficientis.
2171 4861 2387 4925 Immo
2441 4860 2792 4945 quaelibet
2841 4882 3036 4925 suam
3073 4859 3538 4926 actualitatem
3589 4862 3860 4927 habens
3894 4861 4228 4927 rationem
4279 4861 4483 4927 unius
4527 4862 4761 4950 singu·

1987 5174 2001 5206 ¹
2042 5180 2177 5227 actu
2214 5171 2282 5227 V.
2323 5203 2388 5211 —
2431 5173 2452 5204 ²
2490 5171 2644 5226 enirn
2685 5173 2746 5226 P.
2787 5205 2851 5212 —
2893 5174 2915 5204 ⁸
2953 5173 3041 5225 bis
3080 5174 3140 5227 P.
3183 5205 3248 5213 —
3289 5177 3307 5205 ⁴
3347 5174 3584 5228 realiter
3621 5175 3687 5229 V.
3730 5205 3794 5214 --
3836 5176 3857 5205 ³
3894 5192 4004 5228 om.
4047 5175 4106 5229 P.
4146 5206 4212 5214 —
4254 5176 4275 5206 ⁶
4311 5193 4421 5229 om.
4462 5175 4522 5228 P.

1984 5429 2063 5493 (1)
2092 5426 2407 5480 Iterantur
2431 5426 2537 5480 hoc
2562 5427 2684 5480 loco
2712 5427 2773 5479 in
2801 5427 3099 5480 codicibus
3124 5428 3232 5480 PV
3261 5428 3355 5483 (In
3386 5428 3507 5480 cod.
3535 5427 3595 5480 P.
3614 5432 3752 5498 post
3777 5427 3920 5481 haec
3948 5443 3958 5481 :
3991 5427 4270 5482 materiae
4297 5446 4402 5500 per
4428 5446 4601 5499 quam
4630 5427 4757 5500 ipsa

1806 5520 1898 5575 est
1922 5513 2251 5568 subiectum
2294 5514 2509 5585 incipit
2532 5513 2631 5568 fol.
2665 5518 2765 5568 146
2784 5516 2890 5573 Vb)
2932 5533 3084 5584 quae
3111 5533 3245 5586 pag.
3276 5518 3378 5569 11⁴3
3405 5515 3720 5568 retulimus
3757 5534 4008 5585 quorum
4046 5517 4251 5586 prima
4277 5521 4420 5569 sunt
4444 5534 4455 5570 :
4486 5517 4534 5570 si
4563 5525 4756 5571 autem

1806 5601 2035 5657 dicatur
2061 5601 2220 5674 quod
2258 5601 2435 5655 immo
2463 5602 2581 5669 (lin.
2608 5604 2682 5667 4),
2710 5607 2973 5655 extrema
3002 5621 3013 5656 :
3055 5601 3195 5655 dare
3224 5602 3275 5655 ei
3304 5602 3649 5673 simpliciter
3686 5621 3818 5656 esse
3860 5603 3995 5673 quia
4022 5613 4112 5657 est
4140 5603 4328 5657 forma
4358 5605 4760 5658 substantialis

1805 5689 1925 5757 (lin.
1951 5693 2063 5757 20),
2088 5690 2181 5743 his
2207 5694 2406 5743 tamen
2434 5691 2575 5743 aliis
2596 5695 2709 5760 pro
2734 5690 2874 5743 aliis
2900 5691 3093 5743 verbis
3119 5691 3487 5761 interpositis
3516 5708 3526 5744 :
3568 5691 3662 5744 lin.
3694 5694 3727 5744 8
3766 5691 3839 5744 de
3867 5691 4128 5762 potentia
4159 5691 4458 5761 materiae]
4501 5693 4610 5745 alia
4642 5710 4759 5744 non

1805 5777 1945 5832 add.
1972 5777 2051 5843 P;
2078 5777 2224 5831 lin.9
2252 5776 2470 5831 formas
2498 5778 2735 5846 formas]
2766 5777 2984 5830 formas
3012 5778 3144 5844 PV;
3173 5779 3269 5832 lin.
3295 5782 3360 5832 10
3386 5782 3538 5847 esse]
3568 5797 3676 5831 om.
3702 5781 3771 5845 P3
3800 5778 3895 5831 lin.
3918 5783 3976 5833 11
4008 5783 4149 5848 tum]
4179 5798 4287 5833 om.
4310 5781 4385 5839 P:
4413 5780 4508 5833 lin.
4535 5783 4598 5834 14
4625 5780 4760 5851 quia

1806 5872 2004 5919 tamen
2031 5865 2096 5935 P]
2125 5873 2246 5918 tum
2275 5865 2410 5936 quia
2439 5866 2516 5931 P;
2545 5866 2642 5920 lin.
2677 5870 2739 5920 15
2766 5865 3064 5919 reducitur
3089 5867 3155 5934 P]
3185 5883 3295 5920 om.
3326 5867 3400 5933 P;
3429 5865 3523 5920 lin.
3557 5869 3617 5920 17
3648 5866 3822 5935 illam]
3866 5868 4007 5920 iram
4038 5867 4175 5933 PV;
4213 5868 4309 5921 lin.
4344 5871 4407 5922 18
4433 5885 4605 5940 quam
4630 5868 4757 5937 PVJ

1809 5960 2090 6026 quantum
2118 5953 2162 6006 P
2180 5953 2261 6021 V3
2290 5953 2348 6006 id
2378 5955 2446 6023 V]
2477 5954 2618 6008 illud
2640 5955 2685 6007 P
2705 5954 2770 6008 V.

4525 6047 4591 6099 16

4873 5458 5004 5512 cod.
5032 5457 5076 5510 P

4802 5528 4899 5584 sol.
4931 5532 5032 5585 146
5062 5530 5142 5582 Vb
