<?xml version="1.0" encoding="UTF-8"?>
<!DOCTYPE html PUBLIC "-//W3C//DTD XHTML 1.0 Transitional//EN"
    "http://www.w3.org/TR/xhtml1/DTD/xhtml1-transitional.dtd">
<html xmlns="http://www.w3.org/1999/xhtml" xml:lang="en" lang="en">
 <head>
  <title>
</title>
<meta http-equiv="Content-Type" content="text/html;charset=utf-8" />
  <meta name='ocr-system' content='tesseract 3.04.00' />
  <meta name='ocr-capabilities' content='ocr_page ocr_carea ocr_par ocr_line ocrx_word'/>
</head>
<body>
  <div class='ocr_page' id='page_1' title='image "./lesquatrepremie00wulfgoog_0265.png"; bbox 0 0 6700 7992; ppageno 0'>
   <div class='ocr_carea' id='block_1_1' title="bbox 1273 1394 2335 1467">
    <p class='ocr_par' dir='ltr' id='par_1_1' title="bbox 1273 1394 2335 1467">
     <span class='ocr_line' id='line_1_1' title="bbox 1273 1394 2335 1467; baseline -0.004 -15"><span class='ocrx_word' id='word_1_1' title='bbox 1273 1394 1469 1467; x_wconf 77' lang='lat' dir='ltr'>Qunxruu</span> <span class='ocrx_word' id='word_1_2' title='bbox 1498 1394 1797 1467; x_wconf 77' lang='lat' dir='ltr'>Quourrsssruu</span> <span class='ocrx_word' id='word_1_3' title='bbox 1825 1394 1861 1466; x_wconf 81' lang='lat' dir='ltr'>Q.</span> <span class='ocrx_word' id='word_1_4' title='bbox 1890 1395 1918 1449; x_wconf 91' lang='lat'>11</span> <span class='ocrx_word' id='word_1_5' title='bbox 2282 1397 2335 1450; x_wconf 80' lang='lat'>2³9</span> 
     </span>
    </p>
   </div>
   <div class='ocr_carea' id='block_1_2' title="bbox 857 1573 2385 5830">
    <p class='ocr_par' dir='ltr' id='par_1_2' title="bbox 857 1573 2385 5830">
     <span class='ocr_line' id='line_1_2' title="bbox 857 1573 2334 1664; baseline -0.003 -21"><span class='ocrx_word' id='word_1_6' title='bbox 857 1575 1065 1664; x_wconf 88' lang='lat' dir='ltr'>participant</span> <span class='ocrx_word' id='word_1_7' title='bbox 1096 1585 1253 1641; x_wconf 90' lang='lat' dir='ltr'>naturam</span> <span class='ocrx_word' id='word_1_8' title='bbox 1277 1575 1417 1663; x_wconf 90' lang='lat' dir='ltr'>generis</span> <span class='ocrx_word' id='word_1_9' title='bbox 1448 1575 1483 1640; x_wconf 92' lang='lat' dir='ltr'>in</span> <span class='ocrx_word' id='word_1_10' title='bbox 1512 1575 1669 1661; x_wconf 88' lang='lat' dir='ltr'>potentia</span> <span class='ocrx_word' id='word_1_11' title='bbox 1694 1586 1728 1640; x_wconf 91' lang='lat' dir='ltr'>et</span> <span class='ocrx_word' id='word_1_12' title='bbox 1761 1575 1885 1641; x_wconf 89' lang='lat' dir='ltr'>virtute</span> <span class='ocrx_word' id='word_1_13' title='bbox 1909 1596 2051 1641; x_wconf 90' lang='lat' dir='ltr'>suorum</span> <span class='ocrx_word' id='word_1_14' title='bbox 2086 1573 2334 1661; x_wconf 85' lang='lat' dir='ltr'>principiorum</span> 
     </span>
     <span class='ocr_line' id='line_1_3' title="bbox 857 1689 2334 1780; baseline -0.002 -22"><span class='ocrx_word' id='word_1_15' title='bbox 857 1692 1123 1759; x_wconf 91' lang='lat' dir='ltr'>intrinsecorum</span> <span class='ocrx_word' id='word_1_16' title='bbox 1148 1693 1193 1756; x_wconf 91' lang='lat' dir='ltr'>ad</span> <span class='ocrx_word' id='word_1_17' title='bbox 1217 1702 1375 1756; x_wconf 88' lang='lat' dir='ltr'>naturam</span> <span class='ocrx_word' id='word_1_18' title='bbox 1399 1691 1540 1780; x_wconf 89' lang='lat' dir='ltr'>generis</span> <span class='ocrx_word' id='word_1_19' title='bbox 1566 1691 1794 1757; x_wconf 85' lang='lat' dir='ltr'>essentialiter</span> <span class='ocrx_word' id='word_1_20' title='bbox 1818 1690 2063 1777; x_wconf 90' lang='lat' dir='ltr'>pertinentium</span> <span class='ocrx_word' id='word_1_21' title='bbox 2090 1701 2124 1756; x_wconf 92' lang='lat' dir='ltr'>et</span> <span class='ocrx_word' id='word_1_22' title='bbox 2156 1689 2334 1779; x_wconf 85' lang='lat' dir='ltr'>agentium</span> 
     </span>
     <span class='ocr_line' id='line_1_4' title="bbox 858 1805 2333 1895; baseline -0.002 -21"><span class='ocrx_word' id='word_1_23' title='bbox 858 1809 1077 1895; x_wconf 93' lang='lat' dir='ltr'>propriorum</span> <span class='ocrx_word' id='word_1_24' title='bbox 1113 1807 1399 1887; x_wconf 87' lang='lat' dir='ltr'>extrinsecorum,</span> <span class='ocrx_word' id='word_1_25' title='bbox 1436 1806 1526 1872; x_wconf 87' lang='lat' dir='ltr'>sieut</span> <span class='ocrx_word' id='word_1_26' title='bbox 1560 1806 1731 1892; x_wconf 87' lang='lat' dir='ltr'>principia</span> <span class='ocrx_word' id='word_1_27' title='bbox 1766 1807 1815 1872; x_wconf 93' lang='lat' dir='ltr'>rei</span> <span class='ocrx_word' id='word_1_28' title='bbox 1850 1819 1930 1872; x_wconf 91' lang='lat' dir='ltr'>sunt</span> <span class='ocrx_word' id='word_1_29' title='bbox 1969 1806 2003 1872; x_wconf 94' lang='lat' dir='ltr'>in</span> <span class='ocrx_word' id='word_1_30' title='bbox 2045 1827 2176 1895; x_wconf 85' lang='lat' dir='ltr'>genere</span> <span class='ocrx_word' id='word_1_31' title='bbox 2214 1805 2333 1893; x_wconf 91' lang='lat' dir='ltr'>ipsius.</span> 
     </span>
     <span class='ocr_line' id='line_1_5' title="bbox 859 1921 2335 2010; baseline -0.003 -18"><span class='ocrx_word' id='word_1_32' title='bbox 859 1924 1062 1992; x_wconf 90' lang='lat' dir='ltr'>Secundum</span> <span class='ocrx_word' id='word_1_33' title='bbox 1087 1944 1165 1989; x_wconf 89' lang='lat' dir='ltr'>esse</span> <span class='ocrx_word' id='word_1_34' title='bbox 1191 1945 1273 1989; x_wconf 89' lang='lat' dir='ltr'>vero</span> <span class='ocrx_word' id='word_1_35' title='bbox 1298 1924 1392 2008; x_wconf 93' lang='lat' dir='ltr'>quod</span> <span class='ocrx_word' id='word_1_36' title='bbox 1428 1925 1559 1988; x_wconf 89' lang='lat' dir='ltr'>habent</span> <span class='ocrx_word' id='word_1_37' title='bbox 1592 1923 1692 1987; x_wconf 89' lang='lat' dir='ltr'>tertio</span> <span class='ocrx_word' id='word_1_38' title='bbox 1727 1923 1842 2002; x_wconf 92' lang='lat' dir='ltr'>modo,</span> <span class='ocrx_word' id='word_1_39' title='bbox 1868 1922 1980 2010; x_wconf 89' lang='lat' dir='ltr'>magis</span> <span class='ocrx_word' id='word_1_40' title='bbox 2008 1932 2139 1989; x_wconf 90' lang='lat' dir='ltr'>remote</span> <span class='ocrx_word' id='word_1_41' title='bbox 2163 1921 2335 1989; x_wconf 79' lang='lat' dir='ltr'>etminus</span> 
     </span>
     <span class='ocr_line' id='line_1_6' title="bbox 859 2024 2385 2127; baseline -0.001 -22"><span class='ocrx_word' id='word_1_42' title='bbox 859 2039 999 2127; x_wconf 85' lang='lat' dir='ltr'>proprie</span> <span class='ocrx_word' id='word_1_43' title='bbox 1023 2039 1186 2105; x_wconf 91' lang='lat' dir='ltr'>dicuntur</span> <span class='ocrx_word' id='word_1_44' title='bbox 1210 2060 1289 2105; x_wconf 89' lang='lat' dir='ltr'>esse</span> <span class='ocrx_word' id='word_1_45' title='bbox 1313 2039 1347 2103; x_wconf 95' lang='lat' dir='ltr'>in</span> <span class='ocrx_word' id='word_1_46' title='bbox 1383 2060 1523 2127; x_wconf 83' lang='lat' dir='ltr'>genere,</span> <span class='ocrx_word' id='word_1_47' title='bbox 1556 2038 1636 2123; x_wconf 88' lang='lat' dir='ltr'>quia</span> <span class='ocrx_word' id='word_1_48' title='bbox 1660 2041 1855 2105; x_wconf 91' lang='lat' dir='ltr'>secundum</span> <span class='ocrx_word' id='word_1_49' title='bbox 1891 2039 2022 2103; x_wconf 92' lang='lat' dir='ltr'>nullum</span> <span class='ocrx_word' id='word_1_50' title='bbox 2058 2037 2266 2125; x_wconf 88' lang='lat' dir='ltr'>principium</span> <span class='ocrx_word' id='word_1_51' title='bbox 2290 2038 2335 2103; x_wconf 91' lang='lat' dir='ltr'>ad</span> <span class='ocrx_word' id='word_1_52' title='bbox 2383 2024 2385 2029; x_wconf 51' lang='grc'>’</span> 
     </span>
     <span class='ocr_line' id='line_1_7' title="bbox 858 2153 2335 2245; baseline -0.002 -23"><span class='ocrx_word' id='word_1_53' title='bbox 858 2177 973 2245; x_wconf 91' lang='lat' dir='ltr'>genus</span> <span class='ocrx_word' id='word_1_54' title='bbox 1009 2154 1238 2221; x_wconf 83' lang='lat' dir='ltr'>essentialiter</span> <span class='ocrx_word' id='word_1_55' title='bbox 1272 2154 1450 2240; x_wconf 82' lang='lat' dir='ltr'>pertinens</span> <span class='ocrx_word' id='word_1_56' title='bbox 1486 2156 1617 2220; x_wconf 92' lang='lat' dir='ltr'>habent</span> <span class='ocrx_word' id='word_1_57' title='bbox 1652 2176 1741 2234; x_wconf 89' lang='lat' dir='ltr'>esse,</span> <span class='ocrx_word' id='word_1_58' title='bbox 1775 2155 1838 2220; x_wconf 92' lang='lat' dir='ltr'>sed</span> <span class='ocrx_word' id='word_1_59' title='bbox 1874 2155 1987 2219; x_wconf 90' lang='lat' dir='ltr'>solum</span> <span class='ocrx_word' id='word_1_60' title='bbox 2020 2155 2151 2220; x_wconf 92' lang='lat' dir='ltr'>habent</span> <span class='ocrx_word' id='word_1_61' title='bbox 2186 2176 2265 2221; x_wconf 91' lang='lat' dir='ltr'>esse</span> <span class='ocrx_word' id='word_1_62' title='bbox 2300 2153 2335 2219; x_wconf 94' lang='lat' dir='ltr'>in</span> 
     </span>
     <span class='ocr_line' id='line_1_8' title="bbox 859 2268 2335 2359; baseline -0.001 -21"><span class='ocrx_word' id='word_1_63' title='bbox 859 2271 1016 2359; x_wconf 90' lang='lat' dir='ltr'>potentia</span> <span class='ocrx_word' id='word_1_64' title='bbox 1040 2286 1074 2337; x_wconf 92' lang='lat' dir='ltr'>et</span> <span class='ocrx_word' id='word_1_65' title='bbox 1097 2270 1221 2336; x_wconf 85' lang='lat' dir='ltr'>virtute</span> <span class='ocrx_word' id='word_1_66' title='bbox 1246 2270 1405 2356; x_wconf 90' lang='lat' dir='ltr'>principii</span> <span class='ocrx_word' id='word_1_67' title='bbox 1431 2271 1574 2335; x_wconf 89' lang='lat' dir='ltr'>omnino</span> <span class='ocrx_word' id='word_1_68' title='bbox 1599 2284 1693 2335; x_wconf 87' lang='lat' dir='ltr'>extra</span> <span class='ocrx_word' id='word_1_69' title='bbox 1718 2292 1841 2357; x_wconf 85' lang='lat' dir='ltr'>genus.</span> <span class='ocrx_word' id='word_1_70' title='bbox 1867 2270 1909 2334; x_wconf 91' lang='lat' dir='ltr'>Et</span> <span class='ocrx_word' id='word_1_71' title='bbox 1929 2270 1979 2335; x_wconf 89' lang='lat' dir='ltr'>sic</span> <span class='ocrx_word' id='word_1_72' title='bbox 1997 2269 2132 2335; x_wconf 91' lang='lat' dir='ltr'>videtur</span> <span class='ocrx_word' id='word_1_73' title='bbox 2148 2268 2335 2336; x_wconf 91' lang='lat' dir='ltr'>dicendum</span> 
     </span>
     <span class='ocr_line' id='line_1_9' title="bbox 859 2386 2336 2474; baseline -0.001 -22"><span class='ocrx_word' id='word_1_74' title='bbox 859 2390 955 2474; x_wconf 92' lang='lat' dir='ltr'>quod</span> <span class='ocrx_word' id='word_1_75' title='bbox 979 2409 1035 2454; x_wconf 90' lang='lat' dir='ltr'>res</span> <span class='ocrx_word' id='word_1_76' title='bbox 1060 2408 1131 2453; x_wconf 92' lang='lat' dir='ltr'>non</span> <span class='ocrx_word' id='word_1_77' title='bbox 1163 2388 1361 2452; x_wconf 84' lang='lat' dir='ltr'>habuerunt</span> <span class='ocrx_word' id='word_1_78' title='bbox 1386 2408 1464 2452; x_wconf 85' lang='lat' dir='ltr'>esse</span> <span class='ocrx_word' id='word_1_79' title='bbox 1488 2386 1521 2450; x_wconf 93' lang='lat' dir='ltr'>in</span> <span class='ocrx_word' id='word_1_80' title='bbox 1558 2408 1688 2473; x_wconf 82' lang='lat' dir='ltr'>genere</span> <span class='ocrx_word' id='word_1_81' title='bbox 1723 2387 1767 2450; x_wconf 88' lang='lat' dir='ltr'>ab</span> <span class='ocrx_word' id='word_1_82' title='bbox 1803 2397 1956 2467; x_wconf 80' lang='lat' dir='ltr'>aeterne,</span> <span class='ocrx_word' id='word_1_83' title='bbox 1992 2388 2189 2451; x_wconf 88' lang='lat' dir='ltr'>habuerunt</span> <span class='ocrx_word' id='word_1_84' title='bbox 2220 2396 2336 2452; x_wconf 89' lang='lat' dir='ltr'>tamen</span> 
     </span>
     <span class='ocr_line' id='line_1_10' title="bbox 860 2502 2337 2590; baseline -0.001 -21"><span class='ocrx_word' id='word_1_85' title='bbox 860 2504 976 2589; x_wconf 89' lang='lat' dir='ltr'>aliquo</span> <span class='ocrx_word' id='word_1_86' title='bbox 1002 2504 1107 2568; x_wconf 92' lang='lat' dir='ltr'>modo</span> <span class='ocrx_word' id='word_1_87' title='bbox 1132 2524 1210 2569; x_wconf 89' lang='lat' dir='ltr'>esse</span> <span class='ocrx_word' id='word_1_88' title='bbox 1235 2502 1269 2567; x_wconf 94' lang='lat' dir='ltr'>in</span> <span class='ocrx_word' id='word_1_89' title='bbox 1293 2524 1445 2588; x_wconf 82' lang='lat' dir='ltr'>genere:</span> <span class='ocrx_word' id='word_1_90' title='bbox 1478 2503 1573 2586; x_wconf 90' lang='lat' dir='ltr'>quod</span> <span class='ocrx_word' id='word_1_91' title='bbox 1599 2502 1690 2567; x_wconf 92' lang='lat' dir='ltr'>enim</span> <span class='ocrx_word' id='word_1_92' title='bbox 1715 2502 1831 2587; x_wconf 89' lang='lat' dir='ltr'>aliquo</span> <span class='ocrx_word' id='word_1_93' title='bbox 1855 2503 1961 2567; x_wconf 89' lang='lat' dir='ltr'>modo</span> <span class='ocrx_word' id='word_1_94' title='bbox 1986 2502 2125 2568; x_wconf 84' lang='lat' dir='ltr'>luerunt</span> <span class='ocrx_word' id='word_1_95' title='bbox 2148 2502 2183 2567; x_wconf 94' lang='lat' dir='ltr'>in</span> <span class='ocrx_word' id='word_1_96' title='bbox 2206 2523 2337 2590; x_wconf 88' lang='lat' dir='ltr'>genere</span> 
     </span>
     <span class='ocr_line' id='line_1_11' title="bbox 860 2617 2337 2706; baseline -0.002 -19"><span class='ocrx_word' id='word_1_97' title='bbox 860 2631 895 2688; x_wconf 87' lang='lat' dir='ltr'>et</span> <span class='ocrx_word' id='word_1_98' title='bbox 918 2621 1012 2705; x_wconf 92' lang='lat' dir='ltr'>quod</span> <span class='ocrx_word' id='word_1_99' title='bbox 1037 2621 1235 2684; x_wconf 90' lang='lat' dir='ltr'>habuerunt</span> <span class='ocrx_word' id='word_1_100' title='bbox 1258 2618 1373 2702; x_wconf 90' lang='lat' dir='ltr'>aliquo</span> <span class='ocrx_word' id='word_1_101' title='bbox 1399 2620 1504 2683; x_wconf 90' lang='lat' dir='ltr'>modo</span> <span class='ocrx_word' id='word_1_102' title='bbox 1530 2640 1608 2684; x_wconf 89' lang='lat' dir='ltr'>esse</span> <span class='ocrx_word' id='word_1_103' title='bbox 1633 2639 1703 2684; x_wconf 93' lang='lat' dir='ltr'>non</span> <span class='ocrx_word' id='word_1_104' title='bbox 1734 2629 1787 2683; x_wconf 90' lang='lat' dir='ltr'>est</span> <span class='ocrx_word' id='word_1_105' title='bbox 1821 2620 2033 2706; x_wconf 83' lang='lat' dir='ltr'>negandum.</span> <span class='ocrx_word' id='word_1_106' title='bbox 2058 2618 2102 2683; x_wconf 88' lang='lat' dir='ltr'>Et</span> <span class='ocrx_word' id='word_1_107' title='bbox 2135 2617 2214 2684; x_wconf 90' lang='lat' dir='ltr'>ideo</span> <span class='ocrx_word' id='word_1_108' title='bbox 2249 2618 2337 2684; x_wconf 83' lang='lat' dir='ltr'>forte</span> 
     </span>
     <span class='ocr_line' id='line_1_12' title="bbox 860 2733 2337 2822; baseline -0.002 -20"><span class='ocrx_word' id='word_1_109' title='bbox 860 2736 919 2822; x_wconf 91' lang='lat' dir='ltr'>qui</span> <span class='ocrx_word' id='word_1_110' title='bbox 952 2735 1114 2801; x_wconf 86' lang='lat' dir='ltr'>videntur</span> <span class='ocrx_word' id='word_1_111' title='bbox 1160 2734 1276 2800; x_wconf 85' lang='lat' dir='ltr'>dicere</span> <span class='ocrx_word' id='word_1_112' title='bbox 1316 2756 1371 2799; x_wconf 91' lang='lat' dir='ltr'>res</span> <span class='ocrx_word' id='word_1_113' title='bbox 1411 2756 1483 2799; x_wconf 89' lang='lat' dir='ltr'>non</span> <span class='ocrx_word' id='word_1_114' title='bbox 1530 2736 1660 2800; x_wconf 89' lang='lat' dir='ltr'>habere</span> <span class='ocrx_word' id='word_1_115' title='bbox 1709 2756 1825 2800; x_wconf 88' lang='lat' dir='ltr'>verum</span> <span class='ocrx_word' id='word_1_116' title='bbox 1866 2756 1944 2800; x_wconf 90' lang='lat' dir='ltr'>esse</span> <span class='ocrx_word' id='word_1_117' title='bbox 1992 2733 2257 2819; x_wconf 88' lang='lat' dir='ltr'>quidditativum</span> <span class='ocrx_word' id='word_1_118' title='bbox 2303 2744 2337 2800; x_wconf 92' lang='lat' dir='ltr'>et</span> 
     </span>
     <span class='ocr_line' id='line_1_13' title="bbox 860 2849 2336 2938; baseline -0.002 -21"><span class='ocrx_word' id='word_1_119' title='bbox 860 2851 1094 2938; x_wconf 86' lang='lat' dir='ltr'>praedicabile</span> <span class='ocrx_word' id='word_1_120' title='bbox 1119 2861 1154 2917; x_wconf 91' lang='lat' dir='ltr'>et</span> <span class='ocrx_word' id='word_1_121' title='bbox 1186 2872 1266 2915; x_wconf 89' lang='lat' dir='ltr'>vere</span> <span class='ocrx_word' id='word_1_122' title='bbox 1303 2871 1381 2915; x_wconf 89' lang='lat' dir='ltr'>esse</span> <span class='ocrx_word' id='word_1_123' title='bbox 1417 2851 1451 2914; x_wconf 92' lang='lat' dir='ltr'>in</span> <span class='ocrx_word' id='word_1_124' title='bbox 1486 2871 1617 2937; x_wconf 86' lang='lat' dir='ltr'>genere</span> <span class='ocrx_word' id='word_1_125' title='bbox 1642 2872 1721 2915; x_wconf 88' lang='lat' dir='ltr'>cum</span> <span class='ocrx_word' id='word_1_126' title='bbox 1758 2873 1827 2915; x_wconf 93' lang='lat' dir='ltr'>non</span> <span class='ocrx_word' id='word_1_127' title='bbox 1861 2861 1942 2914; x_wconf 91' lang='lat' dir='ltr'>sunt</span> <span class='ocrx_word' id='word_1_128' title='bbox 1973 2850 2005 2914; x_wconf 94' lang='lat' dir='ltr'>in</span> <span class='ocrx_word' id='word_1_129' title='bbox 2040 2849 2231 2929; x_wconf 86' lang='lat' dir='ltr'>existentia,</span> <span class='ocrx_word' id='word_1_130' title='bbox 2264 2871 2336 2915; x_wconf 92' lang='lat' dir='ltr'>non</span> 
     </span>
     <span class='ocr_line' id='line_1_14' title="bbox 861 2965 2338 3050; baseline -0.003 -16"><span class='ocrx_word' id='word_1_131' title='bbox 861 2967 1064 3034; x_wconf 90' lang='lat' dir='ltr'>discordant</span> <span class='ocrx_word' id='word_1_132' title='bbox 1087 2965 1224 3031; x_wconf 88' lang='lat' dir='ltr'>realiter</span> <span class='ocrx_word' id='word_1_133' title='bbox 1251 2968 1295 3030; x_wconf 89' lang='lat' dir='ltr'>ab</span> <span class='ocrx_word' id='word_1_134' title='bbox 1319 2965 1373 3030; x_wconf 87' lang='lat' dir='ltr'>his</span> <span class='ocrx_word' id='word_1_135' title='bbox 1402 2967 1514 3050; x_wconf 78' lang='lat' dir='ltr'>quae¹</span> <span class='ocrx_word' id='word_1_136' title='bbox 1544 2986 1637 3030; x_wconf 91' lang='lat' dir='ltr'>nunc</span> <span class='ocrx_word' id='word_1_137' title='bbox 1667 2966 1837 3030; x_wconf 89' lang='lat' dir='ltr'>dicuntur.</span> <span class='ocrx_word' id='word_1_138' title='bbox 1868 2966 2015 3031; x_wconf 85' lang='lat' dir='ltr'>Constat</span> <span class='ocrx_word' id='word_1_139' title='bbox 2039 2965 2130 3031; x_wconf 93' lang='lat' dir='ltr'>enim</span> <span class='ocrx_word' id='word_1_140' title='bbox 2162 2966 2257 3050; x_wconf 93' lang='lat' dir='ltr'>quod</span> <span class='ocrx_word' id='word_1_141' title='bbox 2282 2965 2338 3031; x_wconf 93' lang='lat' dir='ltr'>isti</span> 
     </span>
     <span class='ocr_line' id='line_1_15' title="bbox 860 3081 2337 3166; baseline -0.002 -17"><span class='ocrx_word' id='word_1_142' title='bbox 860 3084 982 3151; x_wconf 90' lang='lat' dir='ltr'>dicunt</span> <span class='ocrx_word' id='word_1_143' title='bbox 1005 3094 1039 3148; x_wconf 96' lang='lat' dir='ltr'>et</span> <span class='ocrx_word' id='word_1_144' title='bbox 1063 3081 1129 3147; x_wconf 89' lang='lat' dir='ltr'>iam</span> <span class='ocrx_word' id='word_1_145' title='bbox 1155 3081 1283 3147; x_wconf 87' lang='lat' dir='ltr'>dictum</span> <span class='ocrx_word' id='word_1_146' title='bbox 1310 3092 1372 3162; x_wconf 89' lang='lat' dir='ltr'>est,</span> <span class='ocrx_word' id='word_1_147' title='bbox 1405 3083 1500 3166; x_wconf 88' lang='lat' dir='ltr'>quod</span> <span class='ocrx_word' id='word_1_148' title='bbox 1531 3081 1598 3145; x_wconf 89' lang='lat' dir='ltr'>alio</span> <span class='ocrx_word' id='word_1_149' title='bbox 1623 3082 1729 3147; x_wconf 88' lang='lat' dir='ltr'>modo</span> <span class='ocrx_word' id='word_1_150' title='bbox 1765 3103 1803 3148; x_wconf 89' lang='lat' dir='ltr'>se</span> <span class='ocrx_word' id='word_1_151' title='bbox 1827 3083 1932 3147; x_wconf 88' lang='lat' dir='ltr'>habet</span> <span class='ocrx_word' id='word_1_152' title='bbox 1964 3103 2088 3147; x_wconf 87' lang='lat' dir='ltr'>cervus</span> <span class='ocrx_word' id='word_1_153' title='bbox 2116 3083 2161 3147; x_wconf 92' lang='lat' dir='ltr'>ad</span> <span class='ocrx_word' id='word_1_154' title='bbox 2193 3103 2272 3148; x_wconf 90' lang='lat' dir='ltr'>esse</span> <span class='ocrx_word' id='word_1_155' title='bbox 2301 3081 2337 3146; x_wconf 93' lang='lat' dir='ltr'>in</span> 
     </span>
     <span class='ocr_line' id='line_1_16' title="bbox 861 3196 2335 3289; baseline -0.002 -24"><span class='ocrx_word' id='word_1_156' title='bbox 861 3220 992 3289; x_wconf 90' lang='lat' dir='ltr'>genere</span> <span class='ocrx_word' id='word_1_157' title='bbox 1017 3220 1095 3264; x_wconf 87' lang='lat' dir='ltr'>eum</span> <span class='ocrx_word' id='word_1_158' title='bbox 1130 3219 1201 3262; x_wconf 93' lang='lat' dir='ltr'>non</span> <span class='ocrx_word' id='word_1_159' title='bbox 1230 3197 1353 3277; x_wconf 88' lang='lat' dir='ltr'>existit,</span> <span class='ocrx_word' id='word_1_160' title='bbox 1386 3209 1419 3263; x_wconf 90' lang='lat' dir='ltr'>et</span> <span class='ocrx_word' id='word_1_161' title='bbox 1447 3197 1692 3263; x_wconf 85' lang='lat' dir='ltr'>hircocervus:</span> <span class='ocrx_word' id='word_1_162' title='bbox 1721 3220 1800 3262; x_wconf 90' lang='lat' dir='ltr'>nam</span> <span class='ocrx_word' id='word_1_163' title='bbox 1833 3219 1967 3277; x_wconf 85' lang='lat' dir='ltr'>cervus,</span> <span class='ocrx_word' id='word_1_164' title='bbox 2003 3219 2081 3264; x_wconf 93' lang='lat' dir='ltr'>cum</span> <span class='ocrx_word' id='word_1_165' title='bbox 2113 3220 2184 3263; x_wconf 92' lang='lat' dir='ltr'>non</span> <span class='ocrx_word' id='word_1_166' title='bbox 2213 3196 2335 3278; x_wconf 88' lang='lat' dir='ltr'>existit,</span> 
     </span>
     <span class='ocr_line' id='line_1_17' title="bbox 861 3313 2338 3399; baseline -0.001 -18"><span class='ocrx_word' id='word_1_167' title='bbox 861 3314 944 3381; x_wconf 92' lang='lat' dir='ltr'>dicit</span> <span class='ocrx_word' id='word_1_168' title='bbox 968 3325 1125 3379; x_wconf 88' lang='lat' dir='ltr'>naturam</span> <span class='ocrx_word' id='word_1_169' title='bbox 1151 3335 1241 3398; x_wconf 91' lang='lat' dir='ltr'>quae</span> <span class='ocrx_word' id='word_1_170' title='bbox 1265 3314 1459 3379; x_wconf 90' lang='lat' dir='ltr'>secundum</span> <span class='ocrx_word' id='word_1_171' title='bbox 1486 3313 1633 3397; x_wconf 87' lang='lat' dir='ltr'>aliquem</span> <span class='ocrx_word' id='word_1_172' title='bbox 1658 3315 1804 3399; x_wconf 84' lang='lat' dir='ltr'>gradum</span> <span class='ocrx_word' id='word_1_173' title='bbox 1836 3313 1987 3378; x_wconf 91' lang='lat' dir='ltr'>entitatis</span> <span class='ocrx_word' id='word_1_174' title='bbox 2016 3313 2071 3378; x_wconf 91' lang='lat' dir='ltr'>imi</span> <span class='ocrx_word' id='word_1_175' title='bbox 2093 3316 2098 3398; x_wconf 89' lang='grc' dir='ltr'>Ι</span> <span class='ocrx_word' id='word_1_176' title='bbox 2119 3316 2251 3399; x_wconf 89' lang='lat' dir='ltr'>tata[m]</span> <span class='ocrx_word' id='word_1_177' title='bbox 2285 3324 2338 3380; x_wconf 93' lang='lat' dir='ltr'>est</span> 
     </span>
     <span class='ocr_line' id='line_1_18' title="bbox 860 3428 2336 3516; baseline -0.002 -19"><span class='ocrx_word' id='word_1_178' title='bbox 860 3430 1015 3497; x_wconf 87' lang='lat' dir='ltr'>divinam</span> <span class='ocrx_word' id='word_1_179' title='bbox 1040 3428 1312 3515; x_wconf 74' lang='lat' dir='ltr'>perfectionem2</span> <span class='ocrx_word' id='word_1_180' title='bbox 1328 3430 1520 3495; x_wconf 89' lang='lat' dir='ltr'>secundum</span> <span class='ocrx_word' id='word_1_181' title='bbox 1540 3429 1689 3513; x_wconf 85' lang='lat' dir='ltr'>aliquem</span> <span class='ocrx_word' id='word_1_182' title='bbox 1712 3431 1857 3516; x_wconf 87' lang='lat' dir='ltr'>gradum</span> <span class='ocrx_word' id='word_1_183' title='bbox 1879 3429 2124 3510; x_wconf 79' lang='lat' dir='ltr'>imitabilitatiS,</span> <span class='ocrx_word' id='word_1_184' title='bbox 2141 3430 2336 3495; x_wconf 91' lang='lat' dir='ltr'>secundum</span> 
     </span>
     <span class='ocr_line' id='line_1_19' title="bbox 861 3544 2337 3633; baseline -0.001 -21"><span class='ocrx_word' id='word_1_185' title='bbox 861 3568 965 3633; x_wconf 90' lang='lat' dir='ltr'>quern</span> <span class='ocrx_word' id='word_1_186' title='bbox 993 3556 1074 3611; x_wconf 88' lang='lat' dir='ltr'>nata</span> <span class='ocrx_word' id='word_1_187' title='bbox 1099 3556 1151 3610; x_wconf 88' lang='lat' dir='ltr'>est</span> <span class='ocrx_word' id='word_1_188' title='bbox 1174 3546 1305 3610; x_wconf 89' lang='lat' dir='ltr'>habere</span> <span class='ocrx_word' id='word_1_189' title='bbox 1330 3567 1408 3610; x_wconf 87' lang='lat' dir='ltr'>esse</span> <span class='ocrx_word' id='word_1_190' title='bbox 1432 3544 1466 3609; x_wconf 92' lang='lat' dir='ltr'>in</span> <span class='ocrx_word' id='word_1_191' title='bbox 1492 3566 1605 3610; x_wconf 93' lang='lat' dir='ltr'>rerum</span> <span class='ocrx_word' id='word_1_192' title='bbox 1630 3556 1752 3610; x_wconf 90' lang='lat' dir='ltr'>natura</span> <span class='ocrx_word' id='word_1_193' title='bbox 1776 3545 1811 3609; x_wconf 92' lang='lat' dir='ltr'>in</span> <span class='ocrx_word' id='word_1_194' title='bbox 1836 3566 1874 3610; x_wconf 92' lang='lat' dir='ltr'>se</span> <span class='ocrx_word' id='word_1_195' title='bbox 1898 3545 1974 3631; x_wconf 90' lang='lat' dir='ltr'>ipsa</span> <span class='ocrx_word' id='word_1_196' title='bbox 2000 3545 2179 3611; x_wconf 86' lang='lat' dir='ltr'>actualiter</span> <span class='ocrx_word' id='word_1_197' title='bbox 2202 3545 2337 3633; x_wconf 89' lang='lat' dir='ltr'>partici-</span> 
     </span>
     <span class='ocr_line' id='line_1_20' title="bbox 860 3657 2337 3749; baseline 0 -21"><span class='ocrx_word' id='word_1_198' title='bbox 860 3662 980 3749; x_wconf 89' lang='lat' dir='ltr'>pando</span> <span class='ocrx_word' id='word_1_199' title='bbox 1008 3657 1168 3727; x_wconf 83' lang='lat' dir='ltr'>&#39;divinam</span> <span class='ocrx_word' id='word_1_200' title='bbox 1203 3660 1466 3746; x_wconf 87' lang='lat' dir='ltr'>perfectionem,</span> <span class='ocrx_word' id='word_1_201' title='bbox 1503 3670 1536 3726; x_wconf 88' lang='lat' dir='ltr'>et</span> <span class='ocrx_word' id='word_1_202' title='bbox 1571 3660 1621 3726; x_wconf 95' lang='lat' dir='ltr'>sic</span> <span class='ocrx_word' id='word_1_203' title='bbox 1656 3673 1694 3725; x_wconf 95' lang='lat' dir='ltr'>ut</span> <span class='ocrx_word' id='word_1_204' title='bbox 1733 3661 1862 3745; x_wconf 92' lang='lat' dir='ltr'>aliquid</span> <span class='ocrx_word' id='word_1_205' title='bbox 1894 3662 1989 3745; x_wconf 93' lang='lat' dir='ltr'>quod</span> <span class='ocrx_word' id='word_1_206' title='bbox 2021 3672 2140 3727; x_wconf 91' lang='lat' dir='ltr'>natum</span> <span class='ocrx_word' id='word_1_207' title='bbox 2175 3672 2228 3729; x_wconf 92' lang='lat' dir='ltr'>est</span> <span class='ocrx_word' id='word_1_208' title='bbox 2258 3670 2337 3728; x_wconf 79' lang='lat' dir='ltr'>e‘sse</span> 
     </span>
     <span class='ocr_line' id='line_1_21' title="bbox 862 3775 2338 3863; baseline -0.001 -18"><span class='ocrx_word' id='word_1_209' title='bbox 862 3779 1010 3846; x_wconf 86' lang='lat' dir='ltr'>effectus</span> <span class='ocrx_word' id='word_1_210' title='bbox 1034 3776 1172 3843; x_wconf 88' lang='lat' dir='ltr'>divinae</span> <span class='ocrx_word' id='word_1_211' title='bbox 1198 3775 1383 3841; x_wconf 90' lang='lat' dir='ltr'>voluntatis</span> <span class='ocrx_word' id='word_1_212' title='bbox 1408 3778 1602 3842; x_wconf 88' lang='lat' dir='ltr'>secundum</span> <span class='ocrx_word' id='word_1_213' title='bbox 1634 3777 1780 3842; x_wconf 84' lang='lat' dir='ltr'>formam</span> <span class='ocrx_word' id='word_1_214' title='bbox 1815 3776 1922 3841; x_wconf 88' lang='lat' dir='ltr'>divini</span> <span class='ocrx_word' id='word_1_215' title='bbox 1947 3776 2172 3863; x_wconf 89' lang='lat' dir='ltr'>exemplaris;</span> <span class='ocrx_word' id='word_1_216' title='bbox 2209 3777 2338 3843; x_wconf 92' lang='lat' dir='ltr'>—sed</span> 
     </span>
     <span class='ocr_line' id='line_1_22' title="bbox 861 3891 2339 3979; baseline -0.001 -19"><span class='ocrx_word' id='word_1_217' title='bbox 861 3893 1086 3961; x_wconf 90' lang='lat' dir='ltr'>hircocervus</span> <span class='ocrx_word' id='word_1_218' title='bbox 1111 3913 1183 3958; x_wconf 94' lang='lat' dir='ltr'>non</span> <span class='ocrx_word' id='word_1_219' title='bbox 1208 3891 1291 3957; x_wconf 89' lang='lat' dir='ltr'>dicit</span> <span class='ocrx_word' id='word_1_220' title='bbox 1315 3891 1445 3976; x_wconf 92' lang='lat' dir='ltr'>aliquid</span> <span class='ocrx_word' id='word_1_221' title='bbox 1469 3892 1571 3957; x_wconf 92' lang='lat' dir='ltr'>reale.</span> <span class='ocrx_word' id='word_1_222' title='bbox 1597 3893 1701 3958; x_wconf 91' lang='lat' dir='ltr'>Unde</span> <span class='ocrx_word' id='word_1_223' title='bbox 1735 3914 1858 3958; x_wconf 90' lang='lat' dir='ltr'>cervus</span> <span class='ocrx_word' id='word_1_224' title='bbox 1894 3892 1976 3959; x_wconf 92' lang='lat' dir='ltr'>dicit</span> <span class='ocrx_word' id='word_1_225' title='bbox 2010 3892 2140 3978; x_wconf 89' lang='lat' dir='ltr'>aliquid</span> <span class='ocrx_word' id='word_1_226' title='bbox 2175 3894 2270 3979; x_wconf 91' lang='lat' dir='ltr'>quod</span> <span class='ocrx_word' id='word_1_227' title='bbox 2297 3915 2339 3960; x_wconf 90' lang='lat' dir='ltr'>ex</span> 
     </span>
     <span class='ocr_line' id='line_1_23' title="bbox 862 4007 2339 4096; baseline -0.001 -20"><span class='ocrx_word' id='word_1_228' title='bbox 862 4019 985 4076; x_wconf 92' lang='lat' dir='ltr'>natura</span> <span class='ocrx_word' id='word_1_229' title='bbox 1017 4030 1091 4089; x_wconf 88' lang='lat' dir='ltr'>sua,</span> <span class='ocrx_word' id='word_1_230' title='bbox 1116 4007 1189 4073; x_wconf 89' lang='lat' dir='ltr'>sive</span> <span class='ocrx_word' id='word_1_231' title='bbox 1219 4007 1262 4073; x_wconf 93' lang='lat' dir='ltr'>sit</span> <span class='ocrx_word' id='word_1_232' title='bbox 1287 4007 1361 4073; x_wconf 90' lang='lat' dir='ltr'>sive</span> <span class='ocrx_word' id='word_1_233' title='bbox 1384 4029 1457 4074; x_wconf 92' lang='lat' dir='ltr'>non</span> <span class='ocrx_word' id='word_1_234' title='bbox 1489 4007 1542 4087; x_wconf 93' lang='lat' dir='ltr'>sit,</span> <span class='ocrx_word' id='word_1_235' title='bbox 1575 4020 1626 4073; x_wconf 93' lang='lat' dir='ltr'>est</span> <span class='ocrx_word' id='word_1_236' title='bbox 1662 4008 1927 4074; x_wconf 87' lang='lat' dir='ltr'>determinatum</span> <span class='ocrx_word' id='word_1_237' title='bbox 1963 4009 2007 4074; x_wconf 91' lang='lat' dir='ltr'>ad</span> <span class='ocrx_word' id='word_1_238' title='bbox 2042 4030 2156 4096; x_wconf 89' lang='lat' dir='ltr'>genus</span> <span class='ocrx_word' id='word_1_239' title='bbox 2181 4009 2339 4076; x_wconf 91' lang='lat' dir='ltr'>determi-</span> 
     </span>
     <span class='ocr_line' id='line_1_24' title="bbox 862 4123 2339 4213; baseline -0.001 -21"><span class='ocrx_word' id='word_1_240' title='bbox 862 4136 993 4206; x_wconf 89' lang='lat' dir='ltr'>natum,</span> <span class='ocrx_word' id='word_1_241' title='bbox 1033 4124 1247 4190; x_wconf 89' lang='lat' dir='ltr'>substantiae</span> <span class='ocrx_word' id='word_1_242' title='bbox 1286 4123 1428 4202; x_wconf 88' lang='lat' dir='ltr'>scilicet,</span> <span class='ocrx_word' id='word_1_243' title='bbox 1471 4135 1505 4189; x_wconf 90' lang='lat' dir='ltr'>et</span> <span class='ocrx_word' id='word_1_244' title='bbox 1543 4124 1589 4189; x_wconf 90' lang='lat' dir='ltr'>ita</span> <span class='ocrx_word' id='word_1_245' title='bbox 1628 4134 1681 4189; x_wconf 91' lang='lat' dir='ltr'>est</span> <span class='ocrx_word' id='word_1_246' title='bbox 1719 4123 1918 4189; x_wconf 92' lang='lat' dir='ltr'>huiusmodi</span> <span class='ocrx_word' id='word_1_247' title='bbox 1956 4124 2096 4213; x_wconf 89' lang='lat' dir='ltr'>generis</span> <span class='ocrx_word' id='word_1_248' title='bbox 2135 4126 2231 4209; x_wconf 91' lang='lat' dir='ltr'>quod</span> <span class='ocrx_word' id='word_1_249' title='bbox 2268 4147 2339 4191; x_wconf 94' lang='lat' dir='ltr'>non</span> 
     </span>
     <span class='ocr_line' id='line_1_25' title="bbox 862 4239 2339 4327; baseline -0.001 -19"><span class='ocrx_word' id='word_1_250' title='bbox 862 4240 1012 4321; x_wconf 79' lang='lat' dir='ltr'>alteriue,</span> <span class='ocrx_word' id='word_1_251' title='bbox 1048 4251 1084 4306; x_wconf 92' lang='lat' dir='ltr'>et</span> <span class='ocrx_word' id='word_1_252' title='bbox 1114 4240 1165 4306; x_wconf 92' lang='lat' dir='ltr'>sic</span> <span class='ocrx_word' id='word_1_253' title='bbox 1199 4251 1252 4306; x_wconf 91' lang='lat' dir='ltr'>est</span> <span class='ocrx_word' id='word_1_254' title='bbox 1287 4240 1322 4305; x_wconf 92' lang='lat' dir='ltr'>in</span> <span class='ocrx_word' id='word_1_255' title='bbox 1357 4261 1488 4327; x_wconf 87' lang='lat' dir='ltr'>genere</span> <span class='ocrx_word' id='word_1_256' title='bbox 1524 4239 1640 4324; x_wconf 89' lang='lat' dir='ltr'>aliquo</span> <span class='ocrx_word' id='word_1_257' title='bbox 1675 4241 1792 4305; x_wconf 92' lang='lat' dir='ltr'>modo.</span> <span class='ocrx_word' id='word_1_258' title='bbox 1829 4240 2062 4306; x_wconf 87' lang='lat' dir='ltr'>Hircocervus</span> <span class='ocrx_word' id='word_1_259' title='bbox 2102 4251 2217 4307; x_wconf 91' lang='lat' dir='ltr'>autem</span> <span class='ocrx_word' id='word_1_260' title='bbox 2257 4239 2339 4308; x_wconf 93' lang='lat' dir='ltr'>dicit</span> 
     </span>
     <span class='ocr_line' id='line_1_26' title="bbox 863 4355 2339 4444; baseline 0 -19"><span class='ocrx_word' id='word_1_261' title='bbox 863 4368 1074 4444; x_wconf 89' lang='lat' dir='ltr'>conceptum</span> <span class='ocrx_word' id='word_1_262' title='bbox 1099 4356 1158 4441; x_wconf 89' lang='lat' dir='ltr'>qui</span> <span class='ocrx_word' id='word_1_263' title='bbox 1190 4378 1262 4421; x_wconf 91' lang='lat' dir='ltr'>non</span> <span class='ocrx_word' id='word_1_264' title='bbox 1287 4357 1393 4422; x_wconf 87' lang='lat' dir='ltr'>habet</span> <span class='ocrx_word' id='word_1_265' title='bbox 1417 4356 1467 4422; x_wconf 89' lang='lat' dir='ltr'>sic</span> <span class='ocrx_word' id='word_1_266' title='bbox 1492 4355 1751 4421; x_wconf 86' lang='lat' dir='ltr'>imitabilitatem</span> <span class='ocrx_word' id='word_1_267' title='bbox 1785 4356 1819 4422; x_wconf 94' lang='lat' dir='ltr'>in</span> <span class='ocrx_word' id='word_1_268' title='bbox 1845 4357 1932 4437; x_wconf 91' lang='lat' dir='ltr'>De0,</span> <span class='ocrx_word' id='word_1_269' title='bbox 1957 4378 2024 4423; x_wconf 94' lang='lat' dir='ltr'>nec</span> <span class='ocrx_word' id='word_1_270' title='bbox 2054 4369 2157 4422; x_wconf 89' lang='lat' dir='ltr'>natus</span> <span class='ocrx_word' id='word_1_271' title='bbox 2183 4368 2236 4424; x_wconf 88' lang='lat' dir='ltr'>est</span> <span class='ocrx_word' id='word_1_272' title='bbox 2260 4379 2339 4425; x_wconf 89' lang='lat' dir='ltr'>esse</span> 
     </span>
     <span class='ocr_line' id='line_1_27' title="bbox 862 4464 2341 4558; baseline -0.002 -18"><span class='ocrx_word' id='word_1_273' title='bbox 862 4474 1009 4540; x_wconf 85' lang='lat' dir='ltr'>effectus</span> <span class='ocrx_word' id='word_1_274' title='bbox 1047 4471 1114 4538; x_wconf 91' lang='lat' dir='ltr'>Dei</span> <span class='ocrx_word' id='word_1_275' title='bbox 1139 4473 1333 4538; x_wconf 91' lang='lat' dir='ltr'>secundum</span> <span class='ocrx_word' id='word_1_276' title='bbox 1368 4471 1509 4555; x_wconf 90' lang='lat' dir='ltr'>aliquod</span> <span class='ocrx_word' id='word_1_277' title='bbox 1544 4493 1658 4558; x_wconf 85' lang='lat' dir='ltr'>genus</span> <span class='ocrx_word' id='word_1_278' title='bbox 1693 4464 1975 4556; x_wconf 87' lang='lat' dir='ltr'>praedicamenti,</span> <span class='ocrx_word' id='word_1_279' title='bbox 1999 4494 2066 4538; x_wconf 91' lang='lat' dir='ltr'>nec</span> <span class='ocrx_word' id='word_1_280' title='bbox 2094 4472 2341 4539; x_wconf 91' lang='lat' dir='ltr'>determinatur</span> 
     </span>
     <span class='ocr_line' id='line_1_28' title="bbox 862 4587 2339 4678; baseline 0.001 -23"><span class='ocrx_word' id='word_1_281' title='bbox 862 4610 905 4656; x_wconf 88' lang='lat' dir='ltr'>ex</span> <span class='ocrx_word' id='word_1_282' title='bbox 928 4599 1052 4653; x_wconf 86' lang='lat' dir='ltr'>natura</span> <span class='ocrx_word' id='word_1_283' title='bbox 1075 4608 1140 4653; x_wconf 90' lang='lat' dir='ltr'>sua</span> <span class='ocrx_word' id='word_1_284' title='bbox 1163 4588 1208 4652; x_wconf 89' lang='lat' dir='ltr'>ad</span> <span class='ocrx_word' id='word_1_285' title='bbox 1232 4587 1373 4672; x_wconf 87' lang='lat' dir='ltr'>aliquod</span> <span class='ocrx_word' id='word_1_286' title='bbox 1397 4608 1532 4673; x_wconf 84' lang='lat' dir='ltr'>genus;</span> <span class='ocrx_word' id='word_1_287' title='bbox 1566 4587 1670 4651; x_wconf 90' lang='lat' dir='ltr'>immo</span> <span class='ocrx_word' id='word_1_288' title='bbox 1696 4587 1812 4673; x_wconf 86' lang='lat' dir='ltr'>potius</span> <span class='ocrx_word' id='word_1_289' title='bbox 1837 4588 1988 4653; x_wconf 90' lang='lat' dir='ltr'>excludit</span> <span class='ocrx_word' id='word_1_290' title='bbox 2012 4591 2055 4654; x_wconf 88' lang='lat' dir='ltr'>ab</span> <span class='ocrx_word' id='word_1_291' title='bbox 2080 4589 2175 4654; x_wconf 93' lang='lat' dir='ltr'>omni</span> <span class='ocrx_word' id='word_1_292' title='bbox 2197 4610 2339 4678; x_wconf 90' lang='lat' dir='ltr'>genere,</span> 
     </span>
     <span class='ocr_line' id='line_1_29' title="bbox 863 4702 2340 4792; baseline 0.001 -23"><span class='ocrx_word' id='word_1_293' title='bbox 863 4704 944 4790; x_wconf 87' lang='lat' dir='ltr'>quia</span> <span class='ocrx_word' id='word_1_294' title='bbox 967 4704 1129 4790; x_wconf 89' lang='lat' dir='ltr'>importat</span> <span class='ocrx_word' id='word_1_295' title='bbox 1153 4702 1187 4768; x_wconf 94' lang='lat' dir='ltr'>id</span> <span class='ocrx_word' id='word_1_296' title='bbox 1213 4703 1307 4786; x_wconf 92' lang='lat' dir='ltr'>quod</span> <span class='ocrx_word' id='word_1_297' title='bbox 1333 4702 1535 4787; x_wconf 84' lang='lat' dir='ltr'>prohibetur</span> <span class='ocrx_word' id='word_1_298' title='bbox 1559 4724 1637 4768; x_wconf 89' lang='lat' dir='ltr'>esse</span> <span class='ocrx_word' id='word_1_299' title='bbox 1662 4713 1804 4789; x_wconf 92' lang='lat' dir='ltr'>propter</span> <span class='ocrx_word' id='word_1_300' title='bbox 1820 4704 2165 4770; x_wconf 87' lang='lat' dir='ltr'>contradictoriorum</span> <span class='ocrx_word' id='word_1_301' title='bbox 2189 4704 2340 4792; x_wconf 90' lang='lat' dir='ltr'>implica-</span> 
     </span>
     <span class='ocr_line' id='line_1_30' title="bbox 863 4817 2339 4907; baseline 0.001 -22"><span class='ocrx_word' id='word_1_302' title='bbox 863 4820 1005 4900; x_wconf 90' lang='lat' dir='ltr'>tionem,</span> <span class='ocrx_word' id='word_1_303' title='bbox 1030 4830 1064 4884; x_wconf 92' lang='lat' dir='ltr'>et</span> <span class='ocrx_word' id='word_1_304' title='bbox 1094 4818 1174 4883; x_wconf 90' lang='lat' dir='ltr'>ideo</span> <span class='ocrx_word' id='word_1_305' title='bbox 1200 4839 1265 4884; x_wconf 88' lang='lat' dir='ltr'>nec</span> <span class='ocrx_word' id='word_1_306' title='bbox 1290 4828 1343 4883; x_wconf 91' lang='lat' dir='ltr'>est</span> <span class='ocrx_word' id='word_1_307' title='bbox 1372 4840 1434 4883; x_wconf 89' lang='lat' dir='ltr'>ens</span> <span class='ocrx_word' id='word_1_308' title='bbox 1470 4817 1504 4882; x_wconf 94' lang='lat' dir='ltr'>in</span> <span class='ocrx_word' id='word_1_309' title='bbox 1541 4840 1579 4883; x_wconf 89' lang='lat' dir='ltr'>se</span> <span class='ocrx_word' id='word_1_310' title='bbox 1614 4840 1681 4884; x_wconf 92' lang='lat' dir='ltr'>nec</span> <span class='ocrx_word' id='word_1_311' title='bbox 1717 4818 1751 4883; x_wconf 94' lang='lat' dir='ltr'>in</span> <span class='ocrx_word' id='word_1_312' title='bbox 1788 4819 1860 4884; x_wconf 92' lang='lat' dir='ltr'>suis</span> <span class='ocrx_word' id='word_1_313' title='bbox 1895 4820 2021 4901; x_wconf 89' lang='lat' dir='ltr'>causis,</span> <span class='ocrx_word' id='word_1_314' title='bbox 2045 4822 2109 4887; x_wconf 91' lang='lat' dir='ltr'>sed</span> <span class='ocrx_word' id='word_1_315' title='bbox 2132 4832 2186 4886; x_wconf 92' lang='lat' dir='ltr'>est</span> <span class='ocrx_word' id='word_1_316' title='bbox 2215 4842 2339 4907; x_wconf 93' lang='lat' dir='ltr'>purum</span> 
     </span>
     <span class='ocr_line' id='line_1_31' title="bbox 862 4934 2340 5023; baseline 0.003 -24"><span class='ocrx_word' id='word_1_317' title='bbox 862 4935 1077 5023; x_wconf 87' lang='lat' dir='ltr'>figmentum.</span> <span class='ocrx_word' id='word_1_318' title='bbox 1103 4934 1306 5000; x_wconf 87' lang='lat' dir='ltr'>Secundum</span> <span class='ocrx_word' id='word_1_319' title='bbox 1332 4935 1401 4998; x_wconf 88' lang='lat' dir='ltr'>hoc</span> <span class='ocrx_word' id='word_1_320' title='bbox 1426 4955 1511 5022; x_wconf 85' lang='lat' dir='ltr'>ergo</span> <span class='ocrx_word' id='word_1_321' title='bbox 1547 4946 1663 5019; x_wconf 91' lang='lat' dir='ltr'>potest</span> <span class='ocrx_word' id='word_1_322' title='bbox 1687 4934 1766 5014; x_wconf 90' lang='lat' dir='ltr'>dici,</span> <span class='ocrx_word' id='word_1_323' title='bbox 1792 4945 1829 4999; x_wconf 92' lang='lat' dir='ltr'>ut</span> <span class='ocrx_word' id='word_1_324' title='bbox 1859 4935 1988 5000; x_wconf 90' lang='lat' dir='ltr'>dictum</span> <span class='ocrx_word' id='word_1_325' title='bbox 2014 4947 2077 5017; x_wconf 90' lang='lat' dir='ltr'>est,</span> <span class='ocrx_word' id='word_1_326' title='bbox 2106 4939 2201 5022; x_wconf 92' lang='lat' dir='ltr'>quod</span> <span class='ocrx_word' id='word_1_327' title='bbox 2225 4959 2340 5020; x_wconf 90' lang='lat' dir='ltr'>cerv0,</span> 
     </span>
     <span class='ocr_line' id='line_1_32' title="bbox 864 5048 2340 5138; baseline 0.003 -22"><span class='ocrx_word' id='word_1_328' title='bbox 864 5050 937 5117; x_wconf 87' lang='lat' dir='ltr'>sive</span> <span class='ocrx_word' id='word_1_329' title='bbox 969 5050 1014 5117; x_wconf 93' lang='lat' dir='ltr'>sit</span> <span class='ocrx_word' id='word_1_330' title='bbox 1049 5049 1122 5115; x_wconf 86' lang='lat' dir='ltr'>sive</span> <span class='ocrx_word' id='word_1_331' title='bbox 1158 5070 1231 5114; x_wconf 88' lang='lat' dir='ltr'>non</span> <span class='ocrx_word' id='word_1_332' title='bbox 1266 5048 1320 5128; x_wconf 91' lang='lat' dir='ltr'>sit,</span> <span class='ocrx_word' id='word_1_333' title='bbox 1356 5049 1522 5115; x_wconf 73' lang='lat' dir='ltr'>convenit</span> <span class='ocrx_word' id='word_1_334' title='bbox 1557 5071 1635 5114; x_wconf 90' lang='lat' dir='ltr'>esse</span> <span class='ocrx_word' id='word_1_335' title='bbox 1671 5050 1856 5132; x_wconf 86' lang='lat' dir='ltr'>essentiae,</span> <span class='ocrx_word' id='word_1_336' title='bbox 1881 5051 1961 5135; x_wconf 86' lang='lat' dir='ltr'>quia</span> <span class='ocrx_word' id='word_1_337' title='bbox 1997 5051 2160 5138; x_wconf 89' lang='lat' dir='ltr'>importat</span> <span class='ocrx_word' id='word_1_338' title='bbox 2182 5064 2340 5120; x_wconf 90' lang='lat' dir='ltr'>naturam</span> 
     </span>
     <span class='ocr_line' id='line_1_33' title="bbox 864 5161 2340 5255; baseline 0.003 -24"><span class='ocrx_word' id='word_1_339' title='bbox 864 5161 956 5251; x_wconf 88' lang='lat' dir='ltr'>quae</span> <span class='ocrx_word' id='word_1_340' title='bbox 979 5177 1061 5231; x_wconf 90' lang='lat' dir='ltr'>nata</span> <span class='ocrx_word' id='word_1_341' title='bbox 1087 5176 1243 5232; x_wconf 91' lang='lat' dir='ltr'>estesse</span> <span class='ocrx_word' id='word_1_342' title='bbox 1267 5164 1301 5229; x_wconf 94' lang='lat' dir='ltr'>in</span> <span class='ocrx_word' id='word_1_343' title='bbox 1327 5186 1365 5230; x_wconf 89' lang='lat' dir='ltr'>se</span> <span class='ocrx_word' id='word_1_344' title='bbox 1389 5165 1466 5251; x_wconf 92' lang='lat' dir='ltr'>ipsa</span> <span class='ocrx_word' id='word_1_345' title='bbox 1489 5167 1683 5231; x_wconf 90' lang='lat' dir='ltr'>secundum</span> <span class='ocrx_word' id='word_1_346' title='bbox 1719 5168 1861 5231; x_wconf 93' lang='lat' dir='ltr'>modum</span> <span class='ocrx_word' id='word_1_347' title='bbox 1886 5188 1956 5252; x_wconf 93' lang='lat' dir='ltr'>quo</span> <span class='ocrx_word' id='word_1_348' title='bbox 1981 5165 2190 5255; x_wconf 89' lang='lat' dir='ltr'>intelligitur,</span> <span class='ocrx_word' id='word_1_349' title='bbox 2216 5180 2250 5235; x_wconf 93' lang='lat' dir='ltr'>et</span> <span class='ocrx_word' id='word_1_350' title='bbox 2274 5169 2340 5235; x_wconf 92' lang='lat' dir='ltr'>iam</span> 
     </span>
     <span class='ocr_line' id='line_1_34' title="bbox 865 5280 2340 5370; baseline 0.002 -22"><span class='ocrx_word' id='word_1_351' title='bbox 865 5293 919 5348; x_wconf 91' lang='lat' dir='ltr'>est</span> <span class='ocrx_word' id='word_1_352' title='bbox 941 5280 976 5347; x_wconf 96' lang='lat' dir='ltr'>in</span> <span class='ocrx_word' id='word_1_353' title='bbox 1012 5281 1136 5348; x_wconf 87' lang='lat' dir='ltr'>virtute</span> <span class='ocrx_word' id='word_1_354' title='bbox 1173 5302 1315 5347; x_wconf 90' lang='lat' dir='ltr'>suorum</span> <span class='ocrx_word' id='word_1_355' title='bbox 1352 5281 1600 5367; x_wconf 90' lang='lat' dir='ltr'>principiorum</span> <span class='ocrx_word' id='word_1_356' title='bbox 1636 5283 1731 5367; x_wconf 90' lang='lat' dir='ltr'>quod</span> <span class='ocrx_word' id='word_1_357' title='bbox 1756 5294 1809 5348; x_wconf 90' lang='lat' dir='ltr'>est</span> <span class='ocrx_word' id='word_1_358' title='bbox 1843 5282 1954 5368; x_wconf 89' lang='lat' dir='ltr'>ipsam</span> <span class='ocrx_word' id='word_1_359' title='bbox 1991 5305 2069 5350; x_wconf 91' lang='lat' dir='ltr'>esse</span> <span class='ocrx_word' id='word_1_360' title='bbox 2103 5284 2138 5351; x_wconf 93' lang='lat' dir='ltr'>in</span> <span class='ocrx_word' id='word_1_361' title='bbox 2174 5287 2340 5370; x_wconf 90' lang='lat' dir='ltr'>potentia,</span> 
     </span>
     <span class='ocr_line' id='line_1_35' title="bbox 864 5396 2341 5481; baseline 0.002 -17"><span class='ocrx_word' id='word_1_362' title='bbox 864 5408 899 5464; x_wconf 88' lang='lat' dir='ltr'>et</span> <span class='ocrx_word' id='word_1_363' title='bbox 922 5418 965 5464; x_wconf 86' lang='lat' dir='ltr'>ex</span> <span class='ocrx_word' id='word_1_364' title='bbox 987 5399 1056 5463; x_wconf 91' lang='lat' dir='ltr'>hoc</span> <span class='ocrx_word' id='word_1_365' title='bbox 1080 5396 1183 5462; x_wconf 90' lang='lat' dir='ltr'>etiam</span> <span class='ocrx_word' id='word_1_366' title='bbox 1208 5419 1327 5462; x_wconf 82' lang='lat' dir='ltr'>verum</span> <span class='ocrx_word' id='word_1_367' title='bbox 1353 5409 1405 5462; x_wconf 89' lang='lat' dir='ltr'>est</span> <span class='ocrx_word' id='word_1_368' title='bbox 1430 5399 1525 5481; x_wconf 90' lang='lat' dir='ltr'>quod</span> <span class='ocrx_word' id='word_1_369' title='bbox 1550 5410 1603 5463; x_wconf 90' lang='lat' dir='ltr'>est</span> <span class='ocrx_word' id='word_1_370' title='bbox 1627 5421 1745 5464; x_wconf 85' lang='lat' dir='ltr'>verum</span> <span class='ocrx_word' id='word_1_371' title='bbox 1771 5398 1946 5464; x_wconf 89' lang='lat' dir='ltr'>obiectum</span> <span class='ocrx_word' id='word_1_372' title='bbox 1982 5399 2177 5466; x_wconf 90' lang='lat' dir='ltr'>intellectus</span> <span class='ocrx_word' id='word_1_373' title='bbox 2201 5400 2236 5466; x_wconf 92' lang='lat' dir='ltr'>in</span> <span class='ocrx_word' id='word_1_374' title='bbox 2261 5413 2341 5468; x_wconf 90' lang='lat' dir='ltr'>actu</span> 
     </span>
     <span class='ocr_line' id='line_1_36' title="bbox 865 5511 2342 5599; baseline 0.003 -20"><span class='ocrx_word' id='word_1_375' title='bbox 865 5515 1003 5599; x_wconf 90' lang='lat' dir='ltr'>dequo</span> <span class='ocrx_word' id='word_1_376' title='bbox 1034 5534 1116 5579; x_wconf 92' lang='lat' dir='ltr'>vere</span> <span class='ocrx_word' id='word_1_377' title='bbox 1151 5524 1205 5578; x_wconf 91' lang='lat' dir='ltr'>est</span> <span class='ocrx_word' id='word_1_378' title='bbox 1238 5511 1393 5592; x_wconf 90' lang='lat' dir='ltr'>scientia,</span> <span class='ocrx_word' id='word_1_379' title='bbox 1430 5513 1509 5578; x_wconf 92' lang='lat' dir='ltr'>licet</span> <span class='ocrx_word' id='word_1_380' title='bbox 1544 5525 1710 5598; x_wconf 91' lang='lat' dir='ltr'>quantum</span> <span class='ocrx_word' id='word_1_381' title='bbox 1748 5516 1792 5579; x_wconf 90' lang='lat' dir='ltr'>ad</span> <span class='ocrx_word' id='word_1_382' title='bbox 1826 5536 1904 5580; x_wconf 85' lang='lat' dir='ltr'>esse</span> <span class='ocrx_word' id='word_1_383' title='bbox 1939 5516 2032 5582; x_wconf 89' lang='lat' dir='ltr'>reale</span> <span class='ocrx_word' id='word_1_384' title='bbox 2067 5527 2136 5582; x_wconf 92' lang='lat' dir='ltr'>tam</span> <span class='ocrx_word' id='word_1_385' title='bbox 2168 5517 2342 5584; x_wconf 90' lang='lat' dir='ltr'>essentiae</span> 
     </span>
     <span class='ocr_line' id='line_1_37' title="bbox 864 5610 2341 5720; baseline 0.004 -26"><span class='ocrx_word' id='word_1_386' title='bbox 864 5610 968 5716; x_wconf 91' lang='lat' dir='ltr'>quam</span> <span class='ocrx_word' id='word_1_387' title='bbox 992 5628 1196 5695; x_wconf 86' lang='lat' dir='ltr'>existentiae</span> <span class='ocrx_word' id='word_1_388' title='bbox 1232 5628 1266 5693; x_wconf 93' lang='lat' dir='ltr'>in</span> <span class='ocrx_word' id='word_1_389' title='bbox 1297 5650 1335 5693; x_wconf 88' lang='lat' dir='ltr'>se</span> <span class='ocrx_word' id='word_1_390' title='bbox 1361 5628 1436 5714; x_wconf 84' lang='lat' dir='ltr'>ipsa</span> <span class='ocrx_word' id='word_1_391' title='bbox 1471 5630 1584 5694; x_wconf 88' lang='lat' dir='ltr'>solum</span> <span class='ocrx_word' id='word_1_392' title='bbox 1620 5630 1664 5694; x_wconf 89' lang='lat' dir='ltr'>sit</span> <span class='ocrx_word' id='word_1_393' title='bbox 1699 5630 1733 5694; x_wconf 91' lang='lat' dir='ltr'>in</span> <span class='ocrx_word' id='word_1_394' title='bbox 1770 5631 1936 5715; x_wconf 89' lang='lat' dir='ltr'>potentia.</span> <span class='ocrx_word' id='word_1_395' title='bbox 1963 5632 1999 5698; x_wconf 88' lang='lat' dir='ltr'>Si</span> <span class='ocrx_word' id='word_1_396' title='bbox 2024 5653 2109 5720; x_wconf 85' lang='lat' dir='ltr'>ergo</span> <span class='ocrx_word' id='word_1_397' title='bbox 2145 5656 2209 5718; x_wconf 91' lang='lat' dir='ltr'>pro</span> <span class='ocrx_word' id='word_1_398' title='bbox 2244 5645 2341 5700; x_wconf 91' lang='lat' dir='ltr'>tanto</span> 
     </span>
     <span class='ocr_line' id='line_1_38' title="bbox 865 5745 2342 5830; baseline 0.006 -19"><span class='ocrx_word' id='word_1_399' title='bbox 865 5745 999 5812; x_wconf 89' lang='lat' dir='ltr'>dicatur</span> <span class='ocrx_word' id='word_1_400' title='bbox 1032 5766 1089 5812; x_wconf 88' lang='lat' dir='ltr'>res</span> <span class='ocrx_word' id='word_1_401' title='bbox 1124 5746 1254 5810; x_wconf 86' lang='lat' dir='ltr'>habere</span> <span class='ocrx_word' id='word_1_402' title='bbox 1290 5766 1369 5810; x_wconf 83' lang='lat' dir='ltr'>esse</span> <span class='ocrx_word' id='word_1_403' title='bbox 1405 5745 1579 5811; x_wconf 89' lang='lat' dir='ltr'>essentiae</span> <span class='ocrx_word' id='word_1_404' title='bbox 1614 5758 1648 5810; x_wconf 89' lang='lat' dir='ltr'>et</span> <span class='ocrx_word' id='word_1_405' title='bbox 1684 5746 1950 5830; x_wconf 85' lang='lat' dir='ltr'>quidditativum</span> <span class='ocrx_word' id='word_1_406' title='bbox 1983 5759 2016 5813; x_wconf 88' lang='lat' dir='ltr'>et</span> <span class='ocrx_word' id='word_1_407' title='bbox 2055 5771 2133 5815; x_wconf 90' lang='lat' dir='ltr'>esse</span> <span class='ocrx_word' id='word_1_408' title='bbox 2171 5772 2251 5817; x_wconf 88' lang='lat' dir='ltr'>vere</span> <span class='ocrx_word' id='word_1_409' title='bbox 2286 5773 2342 5820; x_wconf 81' lang='lat' dir='ltr'>res</span> 
     </span>
    </p>
   </div>
   <div class='ocr_carea' id='block_1_3' title="bbox 955 5999 1909 6091">
    <p class='ocr_par' dir='ltr' id='par_1_3' title="bbox 955 5999 1909 6091">
     <span class='ocr_line' id='line_1_39' title="bbox 955 5999 1909 6091; baseline 0.006 -38"><span class='ocrx_word' id='word_1_410' title='bbox 955 6000 962 6032; x_wconf 92' lang='lat'><strong>¹</strong></span> <span class='ocrx_word' id='word_1_411' title='bbox 976 5999 1027 6091; x_wconf 81' lang='lat' dir='ltr'>qui</span> <span class='ocrx_word' id='word_1_412' title='bbox 1040 6000 1073 6053; x_wconf 88' lang='lat' dir='ltr'>V.</span> <span class='ocrx_word' id='word_1_413' title='bbox 1089 6031 1121 6040; x_wconf 87' lang='lat'><em>-</em></span> <span class='ocrx_word' id='word_1_414' title='bbox 1136 6000 1146 6032; x_wconf 75' lang='lat'><em>³</em></span> <span class='ocrx_word' id='word_1_415' title='bbox 1159 5999 1288 6054; x_wconf 86' lang='lat' dir='ltr'>divinam</span> <span class='ocrx_word' id='word_1_416' title='bbox 1304 5999 1524 6072; x_wconf 80' lang='lat' dir='ltr'>perfectionem]</span> <span class='ocrx_word' id='word_1_417' title='bbox 1539 6001 1656 6056; x_wconf 86' lang='lat' dir='ltr'>divinae</span> <span class='ocrx_word' id='word_1_418' title='bbox 1670 6000 1862 6075; x_wconf 80' lang='lat' dir='ltr'>perfectionis</span> <span class='ocrx_word' id='word_1_419' title='bbox 1875 6002 1909 6067; x_wconf 77' lang='lat' dir='ltr'>V.</span> 
     </span>
    </p>
   </div>
   <div class='ocr_carea' id='block_1_4' title="bbox 0 0 3369 7988">
    <p class='ocr_par' dir='ltr' id='par_1_4' title="bbox 0 0 3369 7988">
     <span class='ocr_line' id='line_1_40' title="bbox 0 0 3369 7988; baseline 0 0"><span class='ocrx_word' id='word_1_420' title='bbox 0 0 3369 7988; x_wconf 95' lang='lat' dir='ltr'> </span> 
     </span>
    </p>
   </div>
  </div>
 </body>
</html>
