6700 7992
1032 1434 1084 1506 tto
1395 1450 1587 1509 uactsrm
1615 1452 1835 1509 consumat
1863 1452 1915 1508 os
1945 1437 2143 1511 nouimus

1032 1632 1268 1721 Augustinurn
1296 1637 1342 1718 (l)
1388 1655 1495 1719 super
1533 1633 1686 1720 capitulo
1725 1633 1911 1701 Iohannis:
1947 1633 2073 1700 caritas
2112 1646 2264 1703 meretur
2310 1634 2431 1724 augeri
2472 1645 2510 1701 ut

1032 1760 1134 1814 aucta
1158 1759 1329 1814 mereatur
1353 1749 1482 1834 perlici.
1508 1750 1616 1815 Immo
1646 1750 1782 1816 videtur
1813 1752 1909 1836 quod
1942 1752 2135 1816 secundum
2169 1751 2318 1837 aliquem
2353 1750 2509 1817 habitum

1031 1864 1087 1931 vel
1110 1864 1309 1950 qualitatem
1337 1886 1409 1931 non
1437 1865 1548 1952 possit
1575 1867 1718 1952 aliquod
1745 1866 1940 1933 subiectum
1968 1865 2037 1932 dici
2064 1866 2176 1933 maius
2202 1868 2257 1934 vel
2283 1867 2398 1933 minus
2429 1867 2508 1948 tale,

1030 1979 1097 2046 nisi
1121 1980 1198 2066 ipsa
1225 1981 1419 2047 secundum
1444 2003 1484 2047 se
1510 1983 1638 2048 habeat
1666 2002 1745 2048 esse
1768 1981 1879 2048 maius
1907 1993 1941 2048 et
1964 1981 2090 2064 minus,
2108 1982 2198 2049 sicut
2220 2004 2288 2050 nec
2312 1983 2508 2051 secundum

1031 2095 1142 2182 ipsam
1167 2107 1220 2163 est
1243 2096 1437 2163 subiectum
1462 2098 1530 2163 tale
1554 2096 1793 2184 participans¹
1820 2098 1887 2163 nisi
1912 2097 1993 2183 quia
2016 2098 2093 2185 ipsa
2118 2110 2172 2165 est
2199 2098 2275 2165 talis
2299 2120 2363 2186 per
2389 2120 2510 2167 essen·

1031 2211 1122 2277 tiam.
1149 2213 1268 2295 Quare
1293 2224 1327 2278 et
1351 2226 1477 2280 cetera.

1121 2327 1263 2394 Contra.
1299 2328 1385 2393 Illud
1421 2329 1520 2395 cuius
1552 2329 1639 2395 ratio
1675 2340 1709 2395 et
1743 2329 1881 2416 species
1917 2329 2076 2396 consistit
2110 2329 2146 2396 in
2173 2329 2401 2397 indivisibili²
2435 2352 2509 2397 non

1031 2454 1147 2531 potest
1163 2442 1285 2532 augeri
1309 2466 1371 2530 per
1395 2445 1592 2510 essentiam.
1619 2445 1690 2512 Sed
1715 2445 1801 2512 ratio
1825 2445 1957 2532 speciei
1981 2458 2016 2512 et
2031 2447 2205 2513 essentiae
2229 2446 2508 2531 uniuscuiusque

1031 2559 1120 2626 entis
1148 2559 1308 2625 consistit
1331 2560 1366 2625 in
1393 2559 1592 2626 indivisibili
1607 2560 1627 2625 ³.
1656 2561 1745 2626 Nam
1773 2563 1967 2628 secundum
1997 2562 2248 2648 Philosophum
2265 2565 2322 2646 (2),
2349 2562 2505 2630 octavo⁴

1008 2675 1302 2762 ‘Metaphysicae
1333 2676 1471 2762 species
1503 2687 1537 2742 et
1571 2676 1745 2743 essentiae
1776 2698 1889 2743 rerum
1920 2678 2074 2744 numeris
2115 2689 2382 2764 comparantur;
2421 2676 2508 2744 ratio

1031 2802 1146 2858 autem
1164 2791 1348 2858 cuiuslibet
1365 2792 1499 2857 numeri
1516 2792 1674 2858 consistit
1698 2792 1732 2857 in
1758 2792 1888 2858 unitate
1912 2793 2048 2859 formali
2065 2815 2085 2859 a
2101 2814 2170 2879 qua
2194 2793 2299 2860 sitiat
2323 2793 2507 2860 diminutio

1030 2908 1085 2974 vel
1117 2907 1249 2973 additio
1276 2907 1428 2973 variatur
1451 2908 1604 2974 essentia
1628 2920 1661 2974 et
1685 2908 1832 2994 species.
1865 2909 1960 2997 Ergo
1992 2909 2145 2976 similiter
2176 2909 2263 2976 ratio
2293 2922 2328 2976 et
2355 2908 2510 2977 essentia

1031 3023 1162 3110 speciei
1202 3023 1478 3108 uniuscuiusque
1507 3023 1646 3089 habitus
1677 3024 1837 3091 consistit
1868 3025 1903 3090 in
1935 3024 2134 3091 indivisibili
2153 3025 2175 3107 ⁵,
2214 3026 2261 3093 ita
2300 3026 2396 3110 quod
2434 3024 2510 3113 ipsa

1031 3151 1194 3205 manente
1220 3141 1342 3205 eadem
1367 3141 1561 3205 secundum
1586 3140 1773 3206 essentiam
1799 3161 1871 3205 non
1896 3140 2022 3226 poterit
2046 3140 2190 3207 diminui
2217 3142 2271 3208 vel
2295 3140 2425 3229 augeri.

1120 3256 1333 3341 Respondeo
1359 3255 1546 3321 dicendum
1571 3256 1666 3340 quod
1692 3256 1782 3321 sicut
1807 3256 1945 3342 species
1969 3256 2155 3323 cuiuslibet
2187 3257 2322 3323 numeri
2350 3255 2510 3323 consistit

1030 3371 1065 3437 in
1090 3370 1296 3457 potentiali⁰
1328 3371 1556 3452 multitudine,
1590 3382 1626 3436 ut
1653 3393 1716 3437 sex
1743 3393 1816 3436 non
1845 3382 1898 3437 est
1925 3372 1978 3437 bis
2011 3383 2080 3438 tres
2109 3373 2172 3438 sed
2207 3373 2316 3438 semel
2351 3370 2440 3438 sex⁷
2475 3383 2509 3438 et

1030 3489 1060 3554 si
1094 3487 1207 3575 magis
1238 3488 1292 3554 vel
1327 3486 1479 3552 minus⁸
1512 3486 1725 3573 accipiamus
1757 3509 1829 3554 non
1862 3488 2070 3554 habebimus
2101 3487 2256 3574 speciem
2288 3487 2426 3569 senarii,
2459 3487 2510 3553 sic

1032 3602 1185 3670 essentia
1216 3601 1401 3669 cuiuslibet
1435 3604 1567 3669 formae
1602 3614 1770 3687 quantum
1798 3604 1843 3669 ad
1867 3605 1998 3691 gradus
2015 3604 2188 3670 essentiae
2205 3614 2258 3670 est
2275 3602 2473 3689 potentialis
2487 3601 2509 3667 ⁰.

844 3700 1009 3829 ῐοῖῗξέθνν,
1032 3719 1075 3785 Et
1097 3718 1178 3786 ideo
1206 3718 1235 3784 si
1263 3718 1296 3783 in
1326 3719 1435 3784 forma
1460 3719 1655 3784 secundum
1688 3741 1726 3784 se
1755 3719 1967 3805 accipiamus
1999 3723 2004 3803 Ι
2036 3719 2148 3807 magis
2179 3730 2212 3785 et
2252 3719 2367 3784 minus
2401 3717 2510 3784 varia·

1031 3834 1145 3901 bimus
1170 3834 1334 3921 speciem.
1360 3833 1452 3918 Quia
1469 3823 1554 3922 ergo
1576 3835 1751 3920 quaelibet
1775 3835 1887 3900 forma
1911 3834 2078 3921 specifica
2103 3846 2156 3902 est
2179 3837 2291 3901 forma
2314 3834 2509 3901 secundum

1031 3973 1070 4017 se
1094 3972 1164 4017 una
1181 3951 1376 4017 secundum
1393 3949 1523 4035 aliquid
1546 3949 1652 4016 fixum
1678 3960 1712 4017 et
1728 3960 1826 4016 stans
1844 3960 1878 4016 et
1904 3950 2122 4032 indivisibile,
2147 3950 2287 4017 sortitur
2309 3949 2511 4016 huiusmodi

1031 4067 1197 4133 unitatem
1225 4066 1436 4152 specificam,
1461 4077 1495 4132 et
1518 4087 1761 4152 quaecumque
1789 4067 1834 4132 ad
1857 4066 1940 4131 illud
1957 4066 1982 4102 ¹⁰
2016 4067 2190 4155 attingunt
2214 4068 2280 4132 sub
2309 4065 2366 4131 illa
2390 4064 2511 4152 specie

1032 4182 1262 4250 continentur.
1294 4183 1396 4268 Quae
1423 4194 1538 4250 autem
1566 4184 1735 4249 recedunt
1764 4183 1808 4247 ab
1839 4181 1897 4248 illo
1922 4183 1975 4248 vel
2004 4182 2039 4247 in
2067 4183 2145 4268 plus
2172 4183 2229 4248 vel
2256 4182 2292 4248 in
2319 4181 2434 4247 minus
2463 4182 2509 4247 ad

1031 4299 1132 4365 aliam
1156 4299 1311 4386 speciem
1342 4298 1517 4384 pertinent
1548 4298 1791 4383 perfectiorem
1825 4299 1880 4363 vel
1912 4298 2211 4385 imperfectiorem.
2245 4297 2288 4363 Et
2312 4297 2392 4364 ideo
2417 4297 2511 4363 nulla

1032 4417 1144 4482 forma
1171 4415 1337 4502 specifica
1364 4414 1560 4481 secundum
1593 4436 1631 4480 se
1665 4425 1783 4501 potest
1812 4413 1968 4500 recipere
2001 4415 2113 4502 magis
2145 4424 2179 4480 et
2211 4412 2335 4479 minus
2365 4453 2405 4461 —
2438 4411 2511 4479 Sed

1032 4533 1143 4598 forma
1166 4531 1317 4619 generis,
1350 4530 1431 4615 quia
1453 4551 1527 4596 non
1559 4541 1612 4596 est
1640 4552 1712 4595 una
1736 4530 1796 4611 sic,
1821 4529 1901 4596 ideo
1926 4541 2042 4616 potest
2059 4530 2263 4619 contingere
2286 4528 2379 4596 circa
2399 4528 2511 4615 ipsam

1031 4646 1109 4713 talis
1136 4646 1290 4712 variatio
1319 4646 1525 4734 intelligitur
1555 4645 1646 4711 enirn
1680 4656 1774 4711 totus
1798 4647 1885 4712 ordo
1918 4646 2048 4712 entium
2079 4648 2189 4712 fluere
2217 4668 2236 4711 a
2275 4644 2387 4732 primo
2419 4655 2510 4712 ente.

1027 4763 1131 4830 Sicut
1157 4774 1252 4829 totus
1280 4763 1367 4828 ordo
1391 4783 1614 4827 numerorum
1631 4761 1707 4827 lluit
1732 4763 1775 4826 ab
1805 4761 1948 4843 unitate,
1964 4773 2108 4848 propter
2131 4762 2227 4847 quod
2251 4783 2323 4829 non
2339 4770 2422 4828 sunt
2443 4760 2511 4827 nisi

1032 4881 1102 4945 duo
1134 4879 1268 4945 numeri
1300 4878 1512 4944 diversarum
1544 4877 1740 4964 specierum
1774 4877 1962 4962 aequaliter
1995 4880 2039 4942 ab
2068 4878 2199 4944 unitate
2227 4887 2261 4944 et
2288 4880 2333 4943 ab
2361 4877 2511 4944 invicem

1032 4995 1212 5076 distantes
1247 4995 1294 5061 ita
1329 4993 1465 5060 videtur
1499 4995 1594 5078 quod
1630 5015 1703 5059 non
1738 4992 1807 5058 sint
1842 4994 1933 5060 duae
1968 4993 2106 5080 species
2142 4993 2177 5059 in
2212 5014 2344 5082 genere
2381 4992 2510 5060 entium

1032 5111 1224 5196 aequaliter
1251 5111 1339 5177 inter
1374 5130 1413 5176 se
1441 5119 1475 5176 et
1501 5131 1523 5175 a
1549 5109 1661 5196 primo
1692 5109 1887 5175 secundum
1919 5111 2050 5198 gradus
2074 5109 2299 5197 perfectionis
2331 5109 2510 5176 distantes.

1122 5450 1130 5484 ¹
1152 5451 1211 5506 tale
1233 5446 1424 5523 participans]
1445 5445 1505 5504 tale
1523 5444 1729 5522 participatem
1749 5440 1904 5528 (pticipafe
1923 5448 1977 5517 V);
1995 5442 2201 5521 participatern
2221 5443 2280 5504 tale
2300 5444 2331 5504 Ρ.
2351 5480 2385 5489 -
2405 5445 2416 5480 ¹
2437 5441 2511 5502 divi·

1030 5535 1108 5595 sibili
1127 5539 1158 5593 P.
1178 5571 1211 5579 —
1231 5540 1242 5571 ⁸
1261 5537 1399 5593 divisibili
1419 5539 1450 5593 P.
1471 5570 1504 5577 —
1524 5542 1534 5570 ⁴
1554 5538 1656 5610 quinto
1675 5538 1707 5592 P.
1727 5571 1761 5578 —
1781 5541 1792 5570 ⁶
1811 5537 1950 5592 divisibili
1969 5538 2000 5592 P.
2020 5569 2053 5577 -
2073 5539 2084 5569 ⁰
2102 5545 2251 5609 potestate
2270 5537 2302 5591 P.
2321 5568 2355 5577 -
2376 5536 2386 5567 ¹
2404 5535 2457 5590 sed
2476 5562 2510 5576 -

1031 5629 1092 5696 sex]
1107 5644 1162 5681 om.
1176 5627 1207 5681 P.
1226 5659 1260 5666 —
1280 5627 1291 5657 ⁸
1309 5644 1365 5679 om.
1385 5626 1415 5679 Ρ.
1436 5658 1468 5666 -
1483 5627 1494 5656 ⁹
1507 5625 1627 5697 pluralis
1645 5626 1677 5690 P,
1696 5625 1866 5698 potentialis
1885 5644 1983 5698 inarg.
2003 5639 2037 5678 κα
2057 5643 2095 5678 m.
2114 5625 2145 5679 P.
2166 5657 2199 5664 -
2221 5626 2242 5657 ¹⁰
2254 5624 2284 5678 id
2304 5623 2335 5678 P.

1120 5897 1160 5965 (l)
1179 5889 1372 5967 Augustini
1386 5892 1418 5950 in
1432 5892 1577 5951 Iohannis
1590 5891 1708 5970 Evang.
1722 5897 1808 5951 tract.
1822 5892 1950 5965 LXXIV,
1963 5900 1981 5952 2
1994 5894 2036 5964 (P.
2050 5891 2091 5965 L.,
2104 5890 2162 5951 vol.
2175 5893 2219 5965 35,
2232 5915 2260 5969 p.
2275 5890 2364 5964 laet).
2381 5918 2392 5946 ι
2408 5888 2511 5951 Restat

1032 5998 1103 6056 ergo
1125 5992 1157 6039 ut
1178 5983 1376 6055 intelligamus
1398 5983 1539 6056 Spiritum
1562 5985 1704 6040 Sanctum
1727 5985 1836 6039 habere
1860 5985 1910 6056 qui
1932 5978 2036 6056 diligit,
2058 5991 2088 6038 et
2109 5984 2247 6040 habendo
2270 5983 2376 6039 mereri
2394 5991 2426 6039 ut
2443 5984 2511 6056 plu·

1031 6071 1148 6139 habeat,
1167 6079 1196 6126 et
1215 6072 1282 6143 plus
1296 6070 1434 6125 habendo
1453 6072 1520 6143 plus
1539 6072 1677 6147 diligat.»
1694 6105 1726 6112 —
1741 6076 1781 6140 (2)
1795 6071 1855 6127 cfr.
1868 6090 1896 6144 p.
1912 6076 1971 6140 102,
1983 6090 2011 6125 n.
2026 6075 2074 6139 (1).
