6700 7992
879 2761 944 2817 cod.
955 2762 979 2816 P

848 2833 899 2888 tol.
911 2835 962 2890 137
971 2834 1013 2888 Rb

878 3304 944 3360 cod.
955 3303 979 3355 V

842 3376 892 3433 iol.
906 3380 960 3432 aba
972 3373 1013 3426 va

1041 1407 1072 1457 14
1403 1405 1594 1461 MAGISTRI
1623 1405 1843 1461 GODEFRIDI
1872 1406 1924 1461 DE
1951 1406 2150 1464 FONTIBUS

1039 1583 1184 1651 alicuius
1204 1585 1423 1670 inquantum
1442 1583 1619 1650 ¹infinitas
1641 1596 1695 1651 est
1718 1584 1783 1651 sibi
1808 1608 1955 1666 annexa,
1973 1598 2139 1652 ettamen
2164 1587 2220 1651 illa
2244 1586 2389 1653 scientia
2414 1587 2514 1655 ratio·

1038 1721 1119 1766 nem
1135 1699 1313 1766 infinitatis
1329 1721 1401 1766 non
1418 1701 1669 1786 apprehendat,
1687 1701 1734 1766 ita
1751 1701 1845 1787 quod
1862 1702 1975 1767 solum
1992 1705 2234 1788 apprehendat
2250 1703 2344 1788 quod
2361 1703 2514 1770 infinitas

1038 1825 1092 1882 est
1122 1815 1157 1881 in
1190 1817 1278 1894 Deo,
1311 1816 1374 1881 sed
1404 1815 1516 1901 qualis
1548 1826 1602 1883 est
1632 1838 1705 1882 non
1738 1828 1942 1906 cognoscat.
1971 1816 2032 1884 Sic
2059 1817 2150 1883 enim
2179 1840 2249 1884 non
2280 1830 2514 1907 cognosceret

1037 1929 1242 1998 infinitatem
1270 1931 1347 2012 Dei,
1378 1951 1446 1998 nec
1478 1942 1515 1997 ut
1545 1931 1716 1998 rationem
1748 1932 1973 2018 principalem
2006 1933 2145 2011 obiecti,
2177 1955 2244 2000 nec
2275 1946 2312 1999 ut
2343 1934 2513 2001 rationem

1038 2068 1209 2113 annexam
1226 2046 1282 2127 illi,
1298 2047 1362 2113 sed
1379 2057 1513 2113 tantum
1530 2047 1634 2115 sciret
1651 2049 1746 2133 quod
1764 2060 1816 2114 est
1832 2047 1898 2113 sibi
1915 2070 2091 2114 annexum
2110 2060 2143 2114 et
2160 2048 2242 2134 q'uid
2259 2049 2303 2115 sit
2320 2049 2512 2137 ignoraret;

1037 2163 1131 2248 quod
1156 2175 1209 2229 est
1232 2162 1485 2230 inconveniens
1509 2184 1599 2243 cum,
1624 2174 1662 2229 ut
1686 2163 1815 2230 dictum
1833 2175 1896 2244 est,
1914 2163 1990 2249 ipse
2007 2166 2105 2230 Deus
2122 2186 2194 2230 non
2215 2165 2259 2230 sit
2277 2165 2342 2230 nisi
2360 2165 2513 2231 infinitas

1037 2278 1220 2364 quaedam,
1237 2299 1304 2345 nee
1327 2278 1480 2344 infinitas
1496 2300 1603 2365 super
1619 2278 1807 2345 essentiam
1825 2278 1976 2345 divinam
1994 2279 2123 2364 aliquid
2140 2282 2232 2346 reale
2249 2281 2365 2346 addat.
2383 2282 2513 2366 Impos-

1036 2393 1136 2460 sibile
1152 2405 1207 2459 est
1223 2394 1318 2479 quod
1335 2394 1459 2460 videns
1476 2415 1549 2460 non
1566 2395 1681 2459 solum
1698 2396 1793 2480 quod
1810 2396 1908 2461 Deus
1926 2406 1988 2474 est,
2005 2397 2068 2461 sed
2091 2395 2194 2461 etiam
2219 2395 2301 2481 quid
2327 2407 2380 2462 est
2403 2397 2512 2476 Deus,

1037 2520 1071 2576 et
1094 2509 1205 2595 qualis
1231 2521 1293 2589 est,
1318 2531 1390 2574 non
1415 2509 1531 2575 videat
1555 2509 1657 2576 etiam
1683 2531 1754 2575 non
1772 2510 1884 2575 solum
1909 2511 2005 2595 quod
2022 2510 2057 2575 in
2082 2512 2160 2576 Deo
2185 2523 2238 2577 est
2262 2511 2423 2590 infinitas
2449 2513 2512 2578 sed

1036 2624 1121 2710 quid
1136 2637 1199 2705 est,
1217 2636 1251 2691 et
1268 2625 1379 2710 qualis
1396 2637 1449 2691 est
1465 2624 1522 2690 illa
1537 2625 1711 2690 infinitas.-

1124 2740 1168 2806 Et
1194 2740 1275 2807 ideo
1292 2740 1428 2806 videtur
1444 2740 1631 2807 dicendum
1649 2741 1742 2826 quod
1760 2741 1858 2806 Deus
1882 2741 2083 2826 simpliciter
2099 2755 2133 2807 et
2149 2745 2310 2808 absolute
2347 2749 2350 2824 l
2387 2744 2453 2807 sub
2471 2764 2513 2808 ea

1036 2856 1170 2922 ratione
1193 2856 1348 2942 generali
1364 2858 1430 2922 suh
1448 2878 1517 2942 qua
1533 2855 1688 2922 omnium
1706 2858 2037 2945 cognoscendorum
2055 2879 2075 2922 a
2091 2857 2185 2923 fideli
2202 2859 2246 2922 ad
2264 2859 2378 2943 ipsum
2397 2870 2514 2944 potest

1035 2972 1108 3039 fieri
1125 2971 1312 3051 attributio,
1330 2971 1404 3037 sive
1420 2972 1614 3037 secundum
1632 2971 1727 3056 quod
1744 2972 1975 3057 apprehendit
1992 2994 2116 3038 omnes
2141 2973 2293 3040 rationes
2317 2976 2510 3040 secundum

1036 3111 1123 3175 quas
1148 3100 1265 3175 potest
1288 3087 1409 3153 haberi
1433 3087 1478 3153 de
1502 3086 1579 3172 ipso
1603 3086 1759 3175 cognitio
1784 3109 1805 3151 a
1828 3088 1932 3167 fideli,
1957 3089 2062 3153 debet
2086 3088 2154 3154 dici
2180 3090 2374 3156 subiectum
2393 3091 2427 3155 in
2446 3093 2512 3157 hac

1036 3204 1201 3284 scientia;
1226 3203 1316 3271 sicut
1339 3204 1441 3270 etiam
1467 3224 1487 3267 a
1512 3202 1724 3288 ponentibus
1749 3204 1864 3270 Deum
1888 3225 1967 3270 esse
1991 3205 2187 3270 subiectum
2213 3205 2245 3270 in
2272 3207 2511 3292 metaphysica

1037 3320 1162 3387 dicitur
1190 3334 1195 3406 ι
1225 3319 1320 3405 quod
1337 3340 1407 3384 non
1433 3320 1499 3384 sul)
1523 3317 1658 3384 ratione
1683 3318 1797 3402 aliqua
1821 3319 1964 3404 speciali
1989 3331 2042 3385 est
2065 3321 2270 3401 subiectum,
2296 3323 2358 3387 sed
2384 3322 2512 3407 simpli·

1036 3436 1122 3503 citer
1145 3449 1179 3502 et
1202 3437 1362 3502 absolute
1385 3436 1451 3500 sub
1475 3455 1517 3500 ea
1540 3433 1674 3500 ratione
1699 3435 1853 3522 generali
1880 3447 1913 3500 et
1937 3436 2097 3501 absoluta
2122 3439 2188 3501 sub
2209 3459 2277 3521 qua
2295 3458 2511 3521 cognoscen-

1036 3555 1159 3618 dorum
1177 3550 1330 3617 omnium
1355 3551 1503 3616 naturali
1527 3549 1756 3637 intelligentia
1781 3551 1825 3615 ad
1850 3550 1961 3635 ipsum
1988 3562 2104 3636 potest
2129 3552 2201 3617 fieri
2226 3552 2412 3620 attributio,
2437 3553 2511 3619 sive

1035 3668 1228 3734 secundum
1265 3667 1361 3751 quod
1397 3664 1663 3751 comprehendit
1699 3686 1822 3730 omnes
1856 3664 2007 3732 rationes
2038 3668 2232 3732 secundum
2276 3689 2363 3752 quas
2396 3681 2510 3753 potest

1035 3782 1154 3850 haberi
1175 3784 1219 3849 de
1238 3782 1316 3867 ipso
1341 3781 1497 3869 cognitio
1521 3779 1695 3846 naturalis.
1721 3781 1824 3847 Unde
1848 3793 1882 3846 et
1905 3781 2058 3847 similiter
2082 3784 2274 3848 secundum
2300 3784 2369 3848 hoc
2393 3783 2510 3849 dicen-

1036 3899 1117 3964 dum
1151 3898 1246 3983 quod
1273 3897 1467 3963 subiectum
1496 3895 1663 3962 scientiae
1691 3896 1901 3984 theologiae,
1929 3897 2129 3982 simpliciter
2156 3899 2334 3981 loquendo
2363 3899 2406 3964 de
2434 3900 2511 3984 ipsa

1035 4013 1191 4094 scientia,
1220 4025 1273 4080 est
1296 4015 1393 4079 Deus
1418 4011 1619 4097 simpliciter
1643 4011 1717 4077 sive
1741 4012 1834 4077 suh⁹
1858 4014 2017 4078 absoluta
2042 4013 2185 4092 ratione,
2211 4013 2244 4077 id
2269 4027 2321 4079 est
2346 4037 2418 4079 non
2443 4017 2508 4080 sub

1036 4130 1151 4215 aliqua
1168 4150 1237 4195 una
1254 4127 1481 4195 determinata
1498 4149 1561 4213 per
1576 4149 1680 4212 quam
1705 4127 1793 4192 aliae
1817 4129 2054 4193 excludantur.
2074 4130 2162 4193 Cum
2181 4129 2272 4194 enim
2293 4130 2373 4194 fidei
2392 4131 2509 4217 aenig-
2581 4203 2583 4206 ,

1036 4245 1184 4312 maticae
1215 4244 1394 4323 viatorum,
1423 4243 1522 4310 cuius
1550 4243 1726 4309 obiectum
1754 4254 1808 4308 est
1835 4244 1943 4322 Deus,
1972 4245 2139 4308 succedat
2167 4244 2255 4309 visio
2283 4257 2403 4329 aperta
2430 4248 2509 4311 hea-

1035 4372 1149 4428 torum
1164 4382 1171 4441 ;
1189 4382 1261 4427 non
1285 4361 1391 4426 debet
1414 4369 1529 4424 autem
1555 4358 1622 4424 dici
1648 4359 1744 4443 quod
1768 4360 1866 4423 Deus
1890 4361 1956 4424 suh
1981 4358 2095 4444 aliqua
2121 4360 2350 4425 determinata
2375 4361 2510 4427 ratione

1035 4477 1194 4544 videatur
1209 4499 1229 4542 a
1245 4475 1366 4555 beatiS,
1384 4475 1447 4541 sed
1465 4474 1660 4540 secundum
1685 4495 1724 4540 se
1749 4485 1782 4540 et
1807 4475 1975 4553 absolute,
2001 4475 2074 4540 sive
2099 4477 2164 4540 sub
2190 4476 2323 4542 ratione
2348 4478 2509 4543 absoluta

1036 4593 1070 4658 in
1095 4614 1165 4678 qua
1187 4591 1351 4678 implicite
1375 4589 1598 4656 continentur
1615 4611 1739 4656 omnes
1756 4590 1908 4656 rationes
1924 4591 2095 4675 speciales
2113 4592 2178 4655 sub
2196 4592 2322 4675 quibus
2343 4594 2440 4657 Deus
2458 4605 2509 4657 est

1035 4707 1282 4797 cognoscibilis
1299 4706 1334 4771 in
1350 4705 1479 4791 seips0,
1498 4704 1678 4790 (quoniam
1699 4705 1728 4769 si
1752 4726 1824 4770 non
1849 4718 2123 4793 cognosceretur
2147 4708 2244 4772 Dens
2270 4729 2289 4771 a
2315 4709 2417 4773 heato
2443 4707 2508 4773 nisi

1034 4827 1100 4890 sub
1132 4823 1247 4908 aliqua
1276 4821 1410 4888 ratione
1441 4820 1669 4887 determinata
1701 4832 1734 4886 et
1768 4833 1962 4886 remaneret
1993 4820 2194 4910 incognitus
2228 4825 2293 4886 sub
2327 4822 2403 4902 alia,
2436 4845 2507 4887 non

1035 4951 1155 5025 posset
1179 4938 1373 5005 intellectus
1397 4937 1431 5002 in
1455 4938 1525 5003 hoc
1549 4935 1705 5021 quietari,
1724 4935 1818 5020 quod
1843 4948 1896 5001 est
1920 4947 2043 5001 contra
2059 4937 2229 5002 rationem
2248 4938 2508 5023 beatitudinis);

1033 5055 1139 5121 immo
1167 5075 1245 5120 cum
1275 5075 1398 5120 omnes
1425 5051 1626 5117 huiusmodi
1653 5051 1805 5117 rationes
1834 5053 1899 5116 sub
1927 5051 2054 5136 quihus
2083 5054 2180 5117 Deus
2209 5053 2334 5119 dicitur
2358 5075 2508 5141 cognos-

1034 5169 1145 5238 cibilis
1161 5154 1396 5258 intelligantur
1411 5179 1448 5232 ut
1472 5167 1643 5252 quaedam
1669 5165 1906 5252 perfectiones
1930 5166 2022 5233 circa
2047 5167 2197 5233 divinam
2223 5180 2392 5247 naturam,
2418 5191 2508 5253 quae

1033 5307 1105 5353 non
1130 5285 1252 5351 dicunt
1274 5306 1346 5350 rem
1371 5283 1472 5349 aliam
1496 5284 1541 5348 ab
1566 5282 1642 5368 ipsa
1659 5281 1811 5349 essentia
1828 5281 1955 5362 divina,
1973 5284 2036 5348 sed
2053 5296 2090 5349 ut
2107 5284 2151 5348 ad
2169 5284 2282 5348 Deum
2300 5285 2507 5363 referuntur,

1034 5401 1198 5467 differunt
1213 5399 1347 5465 ratione
1363 5400 1492 5478 solum;
1510 5409 1545 5464 et
1561 5418 1781 5485 cognoscere
1798 5398 1912 5462 Deum
1929 5399 2123 5464 secundum
2148 5399 2183 5463 id
2198 5399 2210 5431 ³
2233 5400 2328 5483 quod
2353 5410 2406 5464 est
2430 5399 2508 5464 sim·

1033 5516 1167 5602 pliciter
1191 5526 1225 5582 et
1249 5515 1409 5582 absolute
1422 5526 1471 5580 .ut
1494 5512 1721 5602 cognoscitur
1748 5535 1768 5577 a
1795 5513 1907 5579 beatis
1935 5525 1988 5578 est
2015 5513 2117 5578 etiam
2146 5535 2365 5602 cognoscere
2394 5514 2507 5599 ipsum

1033 5633 1099 5698 sub
1115 5633 1242 5699 talibus
1258 5629 1533 5718 perfectionibus
1547 5650 1554 5709 ;
1572 5668 1613 5676 —
1631 5629 1713 5694 ideo
1729 5628 1822 5694 beati
1839 5639 2099 5717 cognoscentes
2115 5630 2229 5694 Deum
2255 5650 2318 5714 per
2341 5629 2507 5714 speciem,

1034 5746 1168 5814 visione
1199 5757 1334 5833 aperta,
1367 5746 1480 5832 ipsum
1514 5746 1579 5810 sub
1619 5743 1694 5818 istis
1730 5744 1923 5810 rationibus
1959 5743 2061 5812 etiarn
2097 5743 2257 5813 distincte
2289 5756 2323 5811 et
2354 5747 2508 5839 perfecte

1125 6011 1246 6069 ¹om.P.
1267 6009 1646 6070 -2mn.P.-⁸i11um1³‚
