6700 7992
1437 1397 1628 1454 MAGISTRI
1666 1398 1886 1455 GODEFRIDI
1914 1401 1966 1455 DE
1996 1401 2193 1457 FONTIBUS

1641 1763 1909 1834 Quaes'rlo
1948 1766 1997 1819 iv

1739 1926 1901 1983 (Bnnvffii.

1138 2118 1255 2181 Uirtuti,
1274 2119 1302 2171 si
1320 2117 1402 2171 Deus
1417 2122 1516 2189 posset
1529 2117 1637 2187 facere
1655 2119 1798 2190 angelum
1814 2118 2028 2189 perfectiorem
2047 2119 2176 2189 ‹preolibet
2194 2121 2265 2173 doto
2284 2120 2314 2173 in
2335 2120 2499 2192 infinitum,

1080 2220 1228 2287 oporteret
1251 2215 1408 2286 quemlibet
1431 2233 1535 2269 eorum
1559 2217 1713 2288 pertinere
1734 2217 1776 2269 nil
1799 2218 1935 2287 aliquam
1962 2217 2165 2271 hierarchiam
2191 2236 2272 2271 rirrnc
2297 2219 2486 2273 existentium
2509 2225 2558 2288 (l).

1168 2484 1275 2538 Postea
1306 2485 1503 2555 quaerebatur
1532 2484 1611 2538 circa
1636 2493 1769 2537 naturam
1802 2484 1965 2554 angelicam
1998 2502 2095 2547 unum,
2126 2493 2221 2538 utrum
2247 2485 2362 2540 scilicet
2394 2485 2443 2540 si¹
2476 2488 2558 2541 Deus

1079 2590 1181 2653 posset
1209 2580 1308 2636 lacere
1337 2584 1474 2653 angelum
1500 2581 1708 2654 perfectiorem
1729 2581 1861 2652 quolibet
1889 2581 1959 2635 dato
1984 2581 2013 2635 in
2039 2581 2191 2650 infinitum,
2220 2576 2379 2654 oporteret⁴
2397 2584 2558 2655 quemlibet

1078 2697 1179 2733 eorum
1200 2681 1346 2750 pertinere
1366 2680 1404 2734 ad
1424 2680 1550 2752 aliquam
1570 2680 1763 2734 hierarchiam
1782 2697 1858 2733 nunc
1880 2679 2076 2733 existentium.
2097 2680 2132 2734 Et
2152 2680 2283 2752 arguitur
2302 2681 2382 2752 quod
2401 2700 2468 2749 non,
2489 2682 2558 2754 quia

1079 2778 1107 2831 in
1137 2778 1186 2831 illo
1216 2778 1295 2849 quod
1324 2779 1411 2832 certis
1436 2778 1576 2832 limitibus
1602 2778 1748 2832 clauditur
1773 2796 1832 2831 non
1859 2786 1958 2849 potest
1983 2796 2049 2832 esse
2075 2796 2233 2850 processus
2263 2780 2290 2833 in
2319 2779 2472 2834 inlinitum.
2497 2781 2558 2835 Sed

1080 2876 1229 2946 quaelibet
1258 2877 1420 2931 hierarchia
1446 2878 1534 2931 certis
1565 2877 1706 2930 limitibus
1731 2876 1884 2930 clauditur.
1911 2876 1989 2948 Ergo
2016 2877 2039 2931 si
2067 2877 2242 2948 possibilis²
2270 2887 2315 2933 est
2343 2896 2501 2948 processus
2529 2880 2559 2932 in

1081 2973 1223 3027 infinitum
1243 2974 1272 3028 in
1293 2976 1415 3047 angelis,
1433 2993 1492 3030 non
1511 2985 1635 3046 possunt
1654 2992 1758 3029 omnes
1777 2975 1874 3046 angeli
1903 2975 2061 3046 possibiles
2087 2981 2090 3042 ι
2115 2975 2178 3028 fieri
2201 2975 2348 3048 pertinere
2373 2976 2411 3030 ad
2430 2977 2558 3048 aliquam

1085 3073 1278 3128 hierarchiam
1297 3091 1375 3127 nune
1393 3073 1587 3127 existentium.
1912 3130 1914 3134 ,

1169 3172 1287 3226 Contra.
1316 3172 1347 3225 Si
1372 3180 1451 3226 esset
1480 3170 1629 3243 possibilis
1657 3188 1815 3242 processus
1843 3170 1872 3223 in
1900 3169 2043 3224 infinitum
2070 3170 2098 3224 in
2125 3154 2293 3225 viventibus
2324 3173 2525 3227 materialibus
2539 3174 2558 3236 ¹,

1077 3280 1228 3342 oporteret
1252 3280 1350 3324 tamen
1376 3269 1472 3323 omnia
1493 3268 1621 3323 viventia
1642 3268 1795 3340 possibilia
1820 3268 1883 3322 lieri
1909 3268 2056 3337 pertinere
2082 3270 2118 3323 ad
2144 3270 2273 3341 aliquem
2292 3270 2379 3324 trium
2402 3271 2558 3325 modorum

1079 3369 1275 3426 communium
1305 3368 1536 3432 vitae,xscilicet
1565 3368 1602 3421 ad
1636 3367 1838 3438 vegetativum
1868 3368 1913 3421 vel
1946 3367 2117 3421 sensitivum
2147 3368 2194 3422 vel
2225 3368 2366 3422 motivum
2394 3368 2556 3424 secundum

1078 3470 1184 3523 locum.
1204 3468 1283 3538 Ergo
1303 3484 1320 3519 a
1339 3465 1426 3520 simili
1452 3465 1549 3537 posito
1575 3482 1717 3536 processu
1742 3464 1771 3518 in
1798 3465 1939 3519 infinitum
1967 3468 1994 3519 in
2021 3465 2134 3535 angelis
2158 3483 2261 3520 omnes
2280 3467 2378 3538 angeli
2397 3468 2557 3538 possibiles

1080 3566 1142 3621 steri
1163 3565 1309 3638 pertinent
1328 3565 1366 3618 ad
1386 3565 1514 3637 aliquam
1534 3563 1785 3618 hierarchiarum¹
1805 3581 1882 3618 nunc
1903 3564 2098 3618 existentium.

1168 3663 1347 3735 Respondeo
1377 3663 1532 3717 dicendum
1563 3662 1642 3733 quod
1669 3679 1829 3733 processus
1858 3663 1886 3715 in
1915 3661 2116 3716 inlinitum.in
2146 3663 2283 3733 angelis⁵
2308 3663 2556 3736 potest-intelligi

1080 3761 1245 3832 dupliciter,
1264 3780 1323 3815 uno
1343 3762 1431 3815 modo
1454 3769 1593 3831 quantum
1620 3760 1657 3813 ad
1679 3761 1815 3830 gratuita,
1829 3767 1859 3813 et
1877 3760 1900 3813 si
1924 3768 2083 3830 poneretur
2101 3761 2143 3814 sic
2158 3762 2169 3791 ¹
2187 3778 2345 3832 processus
2365 3762 2393 3814 in
2413 3761 2556 3816 inlinitum

1079 3861 1109 3914 in
1129 3860 1251 3931 angelis,
1276 3860 1371 3913 adhuc
1393 3859 1569 3912 manerent¹
1588 3857 1663 3911 infra
1688 3857 1806 3912 ordines
1829 3867 1860 3929 et
1878 3857 2057 3912 hierarchias
2080 3876 2156 3912 nunc
2183 3860 2352 3925 existentes
2375 3859 2451 3914 sicut
2475 3868 2557 3931 patet

1081 3959 1119 4013 de
1150 3958 1316 4013 hominibus
1348 3957 1396 4029 qui
1429 3965 1568 4027 quantum
1600 3956 1637 4010 ad
1669 3957 1796 4027 gratuita
1830 3959 2041 4009 assumuntur¹¹
2072 3956 2109 4010 ad
2143 3957 2352 4028 aequalitatem
2384 3957 2556 4028 angelorum

1081 4057 1291 4126 cuiuscumque
1319 4054 1501 4109 hierarchiae
1526 4056 1573 4108 vel
1602 4053 1713 4108 ordinis
1742 4056 1796 4107 et⁹
1824 4062 1921 4107 tamen
1947 4063 2065 4108 manent
2094 4055 2169 4109 intra
2186 4057 2206 4086 ¹⁰
2233 4056 2363 4126 speciem
2392 4056 2557 4109 humanam.

1078 4154 1148 4210 Alio
1177 4154 1266 4208 modo
1291 4161 1391 4225 potest
1419 4151 1541 4223 intelligi
1568 4169 1726 4224 processus
1750 4152 1778 4205 in
1808 4150 1950 4205 infinitum
1977 4153 2005 4205 in
2032 4153 2145 4224 angelis
2160 4155 2189 4220 ¹¹,
2214 4153 2329 4207 scilicet
2354 4161 2493 4224 quantum
2520 4153 2557 4208 ad

1079 4252 1231 4319 naturalia,
1251 4259 1281 4305 et
1306 4268 1371 4305 cum
1398 4250 1448 4305 tali
1479 4267 1621 4322 processu
1641 4249 1668 4303 in
1689 4250 1832 4304 infinitum
1853 4249 2035 4322 impossibile
2060 4259 2105 4304 est
2128 4259 2206 4305 stare
2229 4251 2309 4322 quod
2333 4268 2436 4305 omnes
2460 4251 2556 4324 angeli

1080 4350 1238 4423 possibiles
1264 4349 1327 4403 fieri
1347 4349 1512 4420 pertineant
1538 4348 1575 4402 ad
1594 4347 1774 4402 hierarchias
1794 4356 1823 4401 et
1842 4347 1961 4401 ordines
1980 4366 2057 4402 nunc
2077 4349 2245 4403 existentes.
2273 4350 2365 4403 Immo
2389 4350 2556 4404 necessario

1080 4456 1253 4520 sequeretur
1273 4465 1429 4518 processus
1449 4446 1477 4500 in
1498 4446 1648 4500 ordinibus
1661 4454 1691 4499 et
1704 4445 1875 4499 hierarchiis
1889 4445 1917 4498 in
1931 4445 2074 4499 infinitum
2092 4447 2113 4478 ¹¹
2131 4447 2195 4500 sive
2215 4455 2342 4517 ponatur
2355 4464 2556 4519 quoscumque

1080 4547 1154 4601 duos
1174 4546 1295 4617 angelos
1311 4547 1331 4577 ¹¹
1350 4562 1407 4598 non
1434 4545 1527 4598 solum
1554 4544 1671 4597 differre
1691 4545 1792 4615 specie
1817 4543 1870 4596 sed
1893 4544 1981 4597 etiam
2001 4562 2110 4614 genere
2129 4545 2295 4616 propinquo
2318 4544 2381 4599 sive
2401 4563 2468 4612 non,
2488 4546 2557 4616 quia

1079 4662 1144 4699 curn
1174 4644 1247 4697 ordo
1276 4642 1423 4714 generalis
1452 4642 1579 4697 omnium
1596 4645 1616 4674 ¹¹
1645 4643 1763 4707 entium,
1791 4649 1823 4695 ut
1848 4659 1936 4712 supra
1965 4642 2075 4695 dictum
2101 4651 2154 4707 est,
2179 4644 2309 4713 requirat
2332 4660 2501 4714 supremum
2527 4651 2557 4697 et

1078 4743 1218 4810 infimum,
1247 4742 1338 4795 multo
1368 4742 1433 4812 plus
1461 4757 1536 4794 unus
1564 4741 1637 4794 ordo
1667 4741 1837 4809 angelorum
1867 4741 1959 4811 exigit
1984 4740 2063 4810 quod
2093 4741 2122 4794 in
2147 4740 2196 4795 illo
2222 4741 2325 4795 ordine
2353 4741 2391 4795 sit
2419 4741 2460 4794 ita
2485 4740 2556 4795 dare

1079 4840 1209 4894 infimum
1239 4840 1312 4893 citra
1341 4857 1426 4911 quem
1455 4856 1514 4892 non
1543 4838 1637 4910 possit
1663 4838 1726 4892 dari
1752 4838 1873 4910 angelus
1898 4838 2049 4911 pertinens
2074 4839 2112 4893 ad
2143 4838 2222 4892 illum
2251 4839 2383 4892 ordinem
2409 4847 2439 4893 et
2466 4839 2556 4893 multo

1077 4941 1143 5010 plus
1163 4938 1252 4992 etiam
1277 4945 1414 5009 oporteat
1439 4936 1509 4990 dare
1535 4953 1702 5007 supremum
1722 4937 1798 4989 ultra
1824 4954 1910 5007 quem
1937 4937 2033 4990 nullus
2059 4937 2219 5008 pertineret
2245 4936 2282 4990 ad
2309 4936 2387 4990 illum
2415 4936 2557 4991 ordinem.

1078 5036 1141 5090 Nisi
1161 5036 1238 5089 enim
1259 5036 1343 5089 detur
1362 5036 1403 5089 sic
1423 5052 1592 5106 supremum
1610 5042 1640 5088 et
1659 5033 1799 5100 infimum,
1818 5052 1876 5089 non
1897 5035 1952 5089 erit
1971 5035 2044 5088 ordo
2065 5034 2240 5089 essentialis.
2265 5035 2326 5089 Sed
2345 5035 2373 5088 in
2399 5034 2521 5105 infinitis
2536 5036 2557 5066 ¹⁵

1168 5305 1285 5356 ¹utrum
1305 5334 1338 5341 —
1358 5302 1393 5372 si]
1414 5301 1527 5356 scilicet
1546 5310 1642 5356 utrum
1662 5301 1695 5357 C.
1723 5333 1757 5341 -
1789 5302 1799 5333 ¹
1820 5310 1919 5373 potest
1939 5301 1972 5356 C.
1992 5335 2026 5341 -
2045 5304 2056 5334 ³
2078 5319 2236 5374 processus
2250 5334 2283 5342 —
2297 5301 2506 5371 materialibus]
2526 5301 2556 5356 in

1078 5390 1223 5445 infinitum
1242 5389 1272 5443 in
1284 5389 1452 5445 viventibus
1471 5389 1671 5444 materialibus
1691 5406 1849 5461 processus
1869 5389 1902 5444 C.
1922 5421 1956 5430 -
1976 5389 2192 5444 ¹hierarchiam
2212 5389 2245 5444 C.
2265 5422 2298 5430 —
2319 5389 2371 5442 ¹in
2385 5421 2418 5429 -
2433 5387 2555 5460 angelis]

1076 5479 1107 5533 in
1135 5478 1248 5551 angelis
1277 5479 1306 5531 in
1334 5477 1477 5532 infinitum
1498 5477 1531 5532 C.
1560 5509 1593 5516 -
1622 5478 1633 5508 ¹
1654 5485 1813 5549 poneretur
1840 5477 1893 5546 sic]
1922 5476 1966 5531 sic
1994 5485 2154 5549 poneretur
2173 5477 2205 5532 C.
2225 5509 2259 5518 —
2281 5478 2441 5531 ¹maneret
2460 5476 2492 5532 C.
2522 5507 2555 5516 -

1078 5569 1288 5623 'assumantur
1307 5566 1339 5621 C.
1360 5598 1393 5607 -
1413 5568 1493 5619 ⁰om.
1513 5565 1546 5620 C.
1567 5595 1601 5603 -
1622 5566 1643 5597 ¹⁰
1655 5564 1732 5618 inira
1750 5563 1831 5619 SPC.
1851 5597 1884 5604 —
1915 5567 1935 5597 ¹¹
1948 5564 1978 5619 in
1991 5596 2025 5604 —
2039 5565 2163 5636 angelis]
2182 5564 2211 5619 in
2231 5565 2345 5637 angelis
2363 5563 2393 5618 in
2411 5563 2555 5618 infinitum

1079 5655 1112 5711 C.
1132 5687 1165 5696 -
1187 5655 1207 5686 ¹¹
1220 5654 1249 5708 in
1264 5653 1416 5708 ordinibus
1430 5685 1463 5692 -
1476 5651 1631 5722 infinitum]
1650 5651 1681 5706 in
1693 5650 1838 5706 infinitum
1851 5651 1880 5706 in
1895 5651 2047 5707 ordinibus
2061 5659 2091 5706 et
2104 5652 2275 5707 hierarchiis
2294 5651 2327 5706 C.
2347 5682 2381 5691 -
2396 5652 2418 5684 ¹⁸
2429 5658 2556 5723 ponatur

1078 5775 1111 5782 -
1125 5742 1257 5814 angelos]
1276 5749 1479 5814 proponantur
1499 5739 1675 5811 quicumque
1690 5739 1749 5794 duo
1768 5739 1867 5811 angeli
1880 5739 1914 5795 C.
1933 5771 1967 5779 —
1988 5742 2010 5773 ¹¹
2022 5757 2077 5794 om.
2091 5740 2125 5808 S3
2138 5740 2208 5795 add.
2221 5753 2256 5793 aa
2270 5756 2307 5794 m.
2322 5739 2351 5794 S.
2372 5771 2404 5779 —
2428 5740 2449 5772 ¹¹
2460 5737 2555 5793 intini-

1076 5839 1138 5886 tum
1158 5829 1191 5886 C.

1165 6012 1205 6077 (ι)
1225 6007 1285 6064 cfr.
1304 6024 1354 6080 pp.
1373 6009 1499 6063 eir-250.
