<?xml version="1.0" encoding="UTF-8"?>
<!DOCTYPE html PUBLIC "-//W3C//DTD XHTML 1.0 Transitional//EN"
    "http://www.w3.org/TR/xhtml1/DTD/xhtml1-transitional.dtd">
<html xmlns="http://www.w3.org/1999/xhtml" xml:lang="en" lang="en">
 <head>
  <title>
</title>
<meta http-equiv="Content-Type" content="text/html;charset=utf-8" />
  <meta name='ocr-system' content='tesseract 3.04.00' />
  <meta name='ocr-capabilities' content='ocr_page ocr_carea ocr_par ocr_line ocrx_word'/>
</head>
<body>
  <div class='ocr_page' id='page_1' title='image "./lesquatrepremie00wulfgoog_0261.png"; bbox 0 0 6700 7992; ppageno 0'>
   <div class='ocr_carea' id='block_1_1' title="bbox 1261 1436 2321 1529">
    <p class='ocr_par' dir='ltr' id='par_1_1' title="bbox 1261 1436 2321 1529">
     <span class='ocr_line' id='line_1_1' title="bbox 1261 1436 2321 1529; baseline -0.003 -16"><span class='ocrx_word' id='word_1_1' title='bbox 1261 1456 1457 1529; x_wconf 79' lang='lat' dir='ltr'><strong>Qunxrun</strong></span> <span class='ocrx_word' id='word_1_2' title='bbox 1486 1455 1785 1527; x_wconf 78' lang='lat' dir='ltr'><strong>Quonimarun,</strong></span> <span class='ocrx_word' id='word_1_3' title='bbox 1813 1456 1850 1528; x_wconf 80' lang='lat' dir='ltr'><strong>Q.</strong></span> <span class='ocrx_word' id='word_1_4' title='bbox 1878 1449 1907 1510; x_wconf 87' lang='lat'><strong>11</strong></span> <span class='ocrx_word' id='word_1_5' title='bbox 2268 1436 2321 1510; x_wconf 73' lang='lat' dir='ltr'><strong>aas</strong></span> 
     </span>
    </p>
   </div>
   <div class='ocr_carea' id='block_1_2' title="bbox 843 1635 2370 6024">
    <p class='ocr_par' dir='ltr' id='par_1_2' title="bbox 843 1635 2370 6024">
     <span class='ocr_line' id='line_1_2' title="bbox 844 1635 2321 1706; baseline -0.001 -1"><span class='ocrx_word' id='word_1_6' title='bbox 844 1635 961 1706; x_wconf 91' lang='lat' dir='ltr'><strong>dinem</strong></span> <span class='ocrx_word' id='word_1_7' title='bbox 986 1660 1065 1706; x_wconf 90' lang='lat' dir='ltr'><strong>esse</strong></span> <span class='ocrx_word' id='word_1_8' title='bbox 1089 1638 1293 1704; x_wconf 82' lang='lat' dir='ltr'><strong>existentiae</strong></span> <span class='ocrx_word' id='word_1_9' title='bbox 1317 1640 1362 1703; x_wconf 90' lang='lat' dir='ltr'><strong>ad</strong></span> <span class='ocrx_word' id='word_1_10' title='bbox 1390 1637 1577 1704; x_wconf 83' lang='lat' dir='ltr'><strong>essentiam</strong></span> <span class='ocrx_word' id='word_1_11' title='bbox 1605 1637 1679 1703; x_wconf 86' lang='lat' dir='ltr'><strong>sive</strong></span> <span class='ocrx_word' id='word_1_12' title='bbox 1708 1638 1752 1702; x_wconf 89' lang='lat' dir='ltr'><strong>ad</strong></span> <span class='ocrx_word' id='word_1_13' title='bbox 1781 1658 1860 1703; x_wconf 89' lang='lat' dir='ltr'><strong>esse</strong></span> <span class='ocrx_word' id='word_1_14' title='bbox 1888 1636 2061 1703; x_wconf 85' lang='lat' dir='ltr'><strong>essentiae</strong></span> <span class='ocrx_word' id='word_1_15' title='bbox 2086 1648 2139 1703; x_wconf 91' lang='lat' dir='ltr'><strong>est</strong></span> <span class='ocrx_word' id='word_1_16' title='bbox 2163 1636 2321 1703; x_wconf 87' lang='lat' dir='ltr'><strong>diversus</strong></span> 
     </span>
     <span class='ocr_line' id='line_1_3' title="bbox 843 1752 2321 1843; baseline -0.001 -22"><span class='ocrx_word' id='word_1_17' title='bbox 843 1756 969 1821; x_wconf 89' lang='lat' dir='ltr'><strong>modus</strong></span> <span class='ocrx_word' id='word_1_18' title='bbox 1006 1754 1171 1843; x_wconf 91' lang='lat' dir='ltr'><strong>ponendi.</strong></span> <span class='ocrx_word' id='word_1_19' title='bbox 1207 1755 1297 1820; x_wconf 92' lang='lat' dir='ltr'><strong>Nam</strong></span> <span class='ocrx_word' id='word_1_20' title='bbox 1329 1754 1470 1839; x_wconf 92' lang='lat' dir='ltr'><strong>quidam</strong></span> <span class='ocrx_word' id='word_1_21' title='bbox 1502 1753 1623 1819; x_wconf 90' lang='lat' dir='ltr'><strong>dicunt</strong></span> <span class='ocrx_word' id='word_1_22' title='bbox 1651 1753 1747 1839; x_wconf 92' lang='lat' dir='ltr'><strong>quod</strong></span> <span class='ocrx_word' id='word_1_23' title='bbox 1783 1775 1861 1819; x_wconf 90' lang='lat' dir='ltr'><strong>esse</strong></span> <span class='ocrx_word' id='word_1_24' title='bbox 1893 1752 2030 1819; x_wconf 87' lang='lat' dir='ltr'><strong>realiter</strong></span> <span class='ocrx_word' id='word_1_25' title='bbox 2065 1765 2117 1819; x_wconf 89' lang='lat' dir='ltr'><strong>est</strong></span> <span class='ocrx_word' id='word_1_26' title='bbox 2149 1754 2242 1819; x_wconf 90' lang='lat' dir='ltr'><strong>aliud</strong></span> <span class='ocrx_word' id='word_1_27' title='bbox 2277 1756 2321 1819; x_wconf 90' lang='lat' dir='ltr'><strong>ab</strong></span> 
     </span>
     <span class='ocr_line' id='line_1_4' title="bbox 845 1868 2322 1956; baseline -0.002 -18"><span class='ocrx_word' id='word_1_28' title='bbox 845 1871 1007 1952; x_wconf 82' lang='lat' dir='ltr'><strong>essentia,</strong></span> <span class='ocrx_word' id='word_1_29' title='bbox 1043 1872 1170 1937; x_wconf 92' lang='lat' dir='ltr'><strong>realem</strong></span> <span class='ocrx_word' id='word_1_30' title='bbox 1206 1869 1497 1955; x_wconf 87' lang='lat' dir='ltr'><strong>compositionem</strong></span> <span class='ocrx_word' id='word_1_31' title='bbox 1530 1869 1664 1935; x_wconf 83' lang='lat' dir='ltr'><strong>faciens</strong></span> <span class='ocrx_word' id='word_1_32' title='bbox 1689 1890 1769 1935; x_wconf 90' lang='lat' dir='ltr'><strong>cum</strong></span> <span class='ocrx_word' id='word_1_33' title='bbox 1794 1868 1880 1956; x_wconf 91' lang='lat' dir='ltr'><strong>ipsa.</strong></span> <span class='ocrx_word' id='word_1_34' title='bbox 1917 1870 2104 1953; x_wconf 85' lang='lat' dir='ltr'><strong>Nunquam</strong></span> <span class='ocrx_word' id='word_1_35' title='bbox 2129 1880 2244 1935; x_wconf 88' lang='lat' dir='ltr'><strong>tamen</strong></span> <span class='ocrx_word' id='word_1_36' title='bbox 2270 1881 2322 1936; x_wconf 90' lang='lat' dir='ltr'><strong>est</strong></span> 
     </span>
     <span class='ocr_line' id='line_1_5' title="bbox 844 1986 2322 2074; baseline -0.001 -21"><span class='ocrx_word' id='word_1_37' title='bbox 844 2010 952 2054; x_wconf 91' lang='lat' dir='ltr'><strong>unum</strong></span> <span class='ocrx_word' id='word_1_38' title='bbox 979 1986 1174 2074; x_wconf 85' lang='lat' dir='ltr'><strong>separabile</strong></span> <span class='ocrx_word' id='word_1_39' title='bbox 1199 1988 1243 2051; x_wconf 88' lang='lat' dir='ltr'><strong>ab</strong></span> <span class='ocrx_word' id='word_1_40' title='bbox 1267 1987 1346 2066; x_wconf 91' lang='lat' dir='ltr'><strong>ali0,</strong></span> <span class='ocrx_word' id='word_1_41' title='bbox 1372 1986 1418 2051; x_wconf 89' lang='lat' dir='ltr'><strong>ita</strong></span> <span class='ocrx_word' id='word_1_42' title='bbox 1450 1987 1545 2070; x_wconf 90' lang='lat' dir='ltr'><strong>quod</strong></span> <span class='ocrx_word' id='word_1_43' title='bbox 1570 2006 1649 2051; x_wconf 93' lang='lat' dir='ltr'><strong>cum</strong></span> <span class='ocrx_word' id='word_1_44' title='bbox 1674 2007 1730 2050; x_wconf 89' lang='lat' dir='ltr'><strong>res</strong></span> <span class='ocrx_word' id='word_1_45' title='bbox 1754 2006 1826 2050; x_wconf 94' lang='lat' dir='ltr'><strong>non</strong></span> <span class='ocrx_word' id='word_1_46' title='bbox 1858 1986 1964 2051; x_wconf 90' lang='lat' dir='ltr'><strong>habet</strong></span> <span class='ocrx_word' id='word_1_47' title='bbox 1999 2007 2079 2051; x_wconf 90' lang='lat' dir='ltr'><strong>esse</strong></span> <span class='ocrx_word' id='word_1_48' title='bbox 2116 1986 2322 2052; x_wconf 85' lang='lat' dir='ltr'><strong>existentiae</strong></span> 
     </span>
     <span class='ocr_line' id='line_1_6' title="bbox 844 2101 2321 2182; baseline -0.003 -12"><span class='ocrx_word' id='word_1_49' title='bbox 844 2105 1046 2170; x_wconf 92' lang='lat' dir='ltr'><strong>nonhabet</strong></span> <span class='ocrx_word' id='word_1_50' title='bbox 1077 2124 1155 2169; x_wconf 90' lang='lat' dir='ltr'><strong>esse</strong></span> <span class='ocrx_word' id='word_1_51' title='bbox 1187 2102 1370 2168; x_wconf 89' lang='lat' dir='ltr'><strong>essentiae.</strong></span> <span class='ocrx_word' id='word_1_52' title='bbox 1396 2101 1495 2168; x_wconf 88' lang='lat' dir='ltr'><strong>Sicut</strong></span> <span class='ocrx_word' id='word_1_53' title='bbox 1519 2101 1621 2166; x_wconf 89' lang='lat' dir='ltr'><strong>etiam</strong></span> <span class='ocrx_word' id='word_1_54' title='bbox 1646 2101 1789 2167; x_wconf 91' lang='lat' dir='ltr'><strong>materia</strong></span> <span class='ocrx_word' id='word_1_55' title='bbox 1813 2101 1928 2167; x_wconf 84' lang='lat' dir='ltr'><strong>differt</strong></span> <span class='ocrx_word' id='word_1_56' title='bbox 1951 2123 1971 2165; x_wconf 89' lang='lat' dir='ltr'><strong>a</strong></span> <span class='ocrx_word' id='word_1_57' title='bbox 1994 2102 2116 2182; x_wconf 87' lang='lat' dir='ltr'><strong>forma,</strong></span> <span class='ocrx_word' id='word_1_58' title='bbox 2142 2102 2169 2167; x_wconf 89' lang='lat' dir='ltr'><strong>si</strong></span> <span class='ocrx_word' id='word_1_59' title='bbox 2206 2113 2321 2168; x_wconf 89' lang='lat' dir='ltr'><strong>tamen</strong></span> 
     </span>
     <span class='ocr_line' id='line_1_7' title="bbox 847 2216 2322 2301; baseline -0.001 -17"><span class='ocrx_word' id='word_1_60' title='bbox 847 2218 987 2285; x_wconf 89' lang='lat' dir='ltr'><strong>materia</strong></span> <span class='ocrx_word' id='word_1_61' title='bbox 1012 2230 1128 2285; x_wconf 91' lang='lat' dir='ltr'><strong>careat</strong></span> <span class='ocrx_word' id='word_1_62' title='bbox 1152 2218 1247 2283; x_wconf 93' lang='lat' dir='ltr'><strong>omni</strong></span> <span class='ocrx_word' id='word_1_63' title='bbox 1271 2218 1392 2298; x_wconf 88' lang='lat' dir='ltr'><strong>forma,</strong></span> <span class='ocrx_word' id='word_1_64' title='bbox 1410 2218 1604 2296; x_wconf 82' lang='lat' dir='ltr'><strong>secundum</strong></span> <span class='ocrx_word' id='word_1_65' title='bbox 1629 2216 1765 2301; x_wconf 91' lang='lat' dir='ltr'><strong>aliquos</strong></span> <span class='ocrx_word' id='word_1_66' title='bbox 1787 2216 1888 2281; x_wconf 87' lang='lat' dir='ltr'><strong>etiam</strong></span> <span class='ocrx_word' id='word_1_67' title='bbox 1914 2216 2040 2282; x_wconf 83' lang='lat' dir='ltr'><strong>desinit</strong></span> <span class='ocrx_word' id='word_1_68' title='bbox 2064 2239 2143 2284; x_wconf 89' lang='lat' dir='ltr'><strong>esse</strong></span> <span class='ocrx_word' id='word_1_69' title='bbox 2168 2218 2322 2283; x_wconf 82' lang='lat' dir='ltr'><strong>omnino</strong></span> 
     </span>
     <span class='ocr_line' id='line_1_8' title="bbox 846 2333 2323 2418; baseline -0.001 -19"><span class='ocrx_word' id='word_1_70' title='bbox 846 2374 888 2383; x_wconf 88' lang='lat'>-</span> <span class='ocrx_word' id='word_1_71' title='bbox 912 2334 981 2400; x_wconf 86' lang='lat' dir='ltr'><strong>Alii</strong></span> <span class='ocrx_word' id='word_1_72' title='bbox 1006 2345 1121 2400; x_wconf 92' lang='lat' dir='ltr'><strong>autem</strong></span> <span class='ocrx_word' id='word_1_73' title='bbox 1145 2334 1266 2400; x_wconf 92' lang='lat' dir='ltr'><strong>dicunt</strong></span> <span class='ocrx_word' id='word_1_74' title='bbox 1301 2333 1396 2418; x_wconf 93' lang='lat' dir='ltr'><strong>quod</strong></span> <span class='ocrx_word' id='word_1_75' title='bbox 1432 2334 1521 2398; x_wconf 89' lang='lat' dir='ltr'><strong>haec</strong></span> <span class='ocrx_word' id='word_1_76' title='bbox 1556 2344 1636 2398; x_wconf 89' lang='lat' dir='ltr'><strong>sunt</strong></span> <span class='ocrx_word' id='word_1_77' title='bbox 1673 2355 1780 2398; x_wconf 91' lang='lat' dir='ltr'><strong>unum</strong></span> <span class='ocrx_word' id='word_1_78' title='bbox 1816 2345 1849 2398; x_wconf 91' lang='lat' dir='ltr'><strong>et</strong></span> <span class='ocrx_word' id='word_1_79' title='bbox 1884 2333 1975 2397; x_wconf 90' lang='lat' dir='ltr'><strong>idem</strong></span> <span class='ocrx_word' id='word_1_80' title='bbox 2012 2334 2205 2399; x_wconf 90' lang='lat' dir='ltr'><strong>secundum</strong></span> <span class='ocrx_word' id='word_1_81' title='bbox 2240 2356 2323 2414; x_wconf 88' lang='lat' dir='ltr'><strong>rem,</strong></span> 
     </span>
     <span class='ocr_line' id='line_1_9' title="bbox 846 2448 2326 2540; baseline 0 -24"><span class='ocrx_word' id='word_1_82' title='bbox 846 2452 909 2517; x_wconf 89' lang='lat' dir='ltr'><strong>sed</strong></span> <span class='ocrx_word' id='word_1_83' title='bbox 934 2450 1097 2517; x_wconf 85' lang='lat' dir='ltr'><strong>differunt</strong></span> <span class='ocrx_word' id='word_1_84' title='bbox 1131 2450 1334 2530; x_wconf 91' lang='lat' dir='ltr'><strong>intentione,</strong></span> <span class='ocrx_word' id='word_1_85' title='bbox 1371 2461 1405 2514; x_wconf 93' lang='lat' dir='ltr'><strong>et</strong></span> <span class='ocrx_word' id='word_1_86' title='bbox 1436 2451 1482 2514; x_wconf 90' lang='lat' dir='ltr'><strong>ob</strong></span> <span class='ocrx_word' id='word_1_87' title='bbox 1513 2451 1583 2515; x_wconf 93' lang='lat' dir='ltr'><strong>hoc</strong></span> <span class='ocrx_word' id='word_1_88' title='bbox 1607 2448 1739 2540; x_wconf 82' lang='lat' dir='ltr'><strong>faciunt</strong></span> <span class='ocrx_word' id='word_1_89' title='bbox 1769 2448 1919 2531; x_wconf 87' lang='lat' dir='ltr'><strong>aliquam</strong></span> <span class='ocrx_word' id='word_1_90' title='bbox 1955 2448 2258 2533; x_wconf 75' lang='lat' dir='ltr'><strong>compositionem,</strong></span> <span class='ocrx_word' id='word_1_91' title='bbox 2292 2463 2326 2516; x_wconf 91' lang='lat' dir='ltr'><strong>et</strong></span> 
     </span>
     <span class='ocr_line' id='line_1_10' title="bbox 848 2564 2325 2652; baseline -0.001 -18"><span class='ocrx_word' id='word_1_92' title='bbox 848 2589 926 2634; x_wconf 92' lang='lat' dir='ltr'><strong>cum</strong></span> <span class='ocrx_word' id='word_1_93' title='bbox 962 2589 1018 2633; x_wconf 91' lang='lat' dir='ltr'><strong>res</strong></span> <span class='ocrx_word' id='word_1_94' title='bbox 1053 2566 1284 2652; x_wconf 89' lang='lat' dir='ltr'><strong>corrumpitur</strong></span> <span class='ocrx_word' id='word_1_95' title='bbox 1320 2566 1514 2631; x_wconf 92' lang='lat' dir='ltr'><strong>secundum</strong></span> <span class='ocrx_word' id='word_1_96' title='bbox 1555 2585 1634 2629; x_wconf 90' lang='lat' dir='ltr'><strong>esse</strong></span> <span class='ocrx_word' id='word_1_97' title='bbox 1674 2564 1878 2630; x_wconf 86' lang='lat' dir='ltr'><strong>existentiae</strong></span> <span class='ocrx_word' id='word_1_98' title='bbox 1914 2564 1990 2650; x_wconf 85' lang='lat' dir='ltr'><strong>ipsa</strong></span> <span class='ocrx_word' id='word_1_99' title='bbox 2030 2565 2183 2631; x_wconf 89' lang='lat' dir='ltr'><strong>essentia</strong></span> <span class='ocrx_word' id='word_1_100' title='bbox 2222 2567 2325 2632; x_wconf 89' lang='lat' dir='ltr'><strong>etiam</strong></span> 
     </span>
     <span class='ocr_line' id='line_1_11' title="bbox 848 2679 2326 2769; baseline 0 -20"><span class='ocrx_word' id='word_1_101' title='bbox 848 2684 899 2750; x_wconf 91' lang='lat' dir='ltr'><strong>sic</strong></span> <span class='ocrx_word' id='word_1_102' title='bbox 923 2682 1153 2769; x_wconf 92' lang='lat' dir='ltr'><strong>corrumpitur</strong></span> <span class='ocrx_word' id='word_1_103' title='bbox 1177 2683 1272 2766; x_wconf 91' lang='lat' dir='ltr'><strong>quod</strong></span> <span class='ocrx_word' id='word_1_104' title='bbox 1297 2702 1369 2746; x_wconf 92' lang='lat' dir='ltr'><strong>non</strong></span> <span class='ocrx_word' id='word_1_105' title='bbox 1394 2692 1510 2746; x_wconf 93' lang='lat' dir='ltr'><strong>manet</strong></span> <span class='ocrx_word' id='word_1_106' title='bbox 1539 2681 1574 2745; x_wconf 95' lang='lat' dir='ltr'><strong>in</strong></span> <span class='ocrx_word' id='word_1_107' title='bbox 1603 2702 1641 2746; x_wconf 91' lang='lat' dir='ltr'><strong>se</strong></span> <span class='ocrx_word' id='word_1_108' title='bbox 1666 2679 1744 2767; x_wconf 87' lang='lat' dir='ltr'><strong>ipsa</strong></span> <span class='ocrx_word' id='word_1_109' title='bbox 1772 2692 1808 2745; x_wconf 87' lang='lat' dir='ltr'><strong>nt</strong></span> <span class='ocrx_word' id='word_1_110' title='bbox 1835 2680 1886 2745; x_wconf 90' lang='lat' dir='ltr'><strong>sic</strong></span> <span class='ocrx_word' id='word_1_111' title='bbox 1913 2681 2049 2746; x_wconf 89' lang='lat' dir='ltr'><strong>habens</strong></span> <span class='ocrx_word' id='word_1_112' title='bbox 2077 2682 2218 2767; x_wconf 89' lang='lat' dir='ltr'><strong>aliquod</strong></span> <span class='ocrx_word' id='word_1_113' title='bbox 2247 2704 2326 2750; x_wconf 90' lang='lat' dir='ltr'><strong>esse</strong></span> 
     </span>
     <span class='ocr_line' id='line_1_12' title="bbox 848 2795 2326 2884; baseline 0 -19"><span class='ocrx_word' id='word_1_114' title='bbox 848 2802 941 2865; x_wconf 90' lang='lat' dir='ltr'><strong>reale</strong></span> <span class='ocrx_word' id='word_1_115' title='bbox 965 2810 1061 2864; x_wconf 88' lang='lat' dir='ltr'><strong>extra</strong></span> <span class='ocrx_word' id='word_1_116' title='bbox 1085 2798 1296 2864; x_wconf 90' lang='lat' dir='ltr'><strong>intellectum</strong></span> <span class='ocrx_word' id='word_1_117' title='bbox 1322 2798 1375 2862; x_wconf 92' lang='lat' dir='ltr'><strong>vel</strong></span> <span class='ocrx_word' id='word_1_118' title='bbox 1399 2807 1494 2863; x_wconf 87' lang='lat' dir='ltr'><strong>extra</strong></span> <span class='ocrx_word' id='word_1_119' title='bbox 1519 2796 1689 2883; x_wconf 90' lang='lat' dir='ltr'><strong>principia</strong></span> <span class='ocrx_word' id='word_1_120' title='bbox 1712 2796 1822 2882; x_wconf 86' lang='lat' dir='ltr'><strong>ipsius</strong></span> <span class='ocrx_word' id='word_1_121' title='bbox 1847 2795 1906 2876; x_wconf 88' lang='lat' dir='ltr'><strong>rei,</strong></span> <span class='ocrx_word' id='word_1_122' title='bbox 1931 2808 1968 2861; x_wconf 92' lang='lat' dir='ltr'><strong>ut</strong></span> <span class='ocrx_word' id='word_1_123' title='bbox 1999 2797 2110 2881; x_wconf 89' lang='lat' dir='ltr'><strong>possit</strong></span> <span class='ocrx_word' id='word_1_124' title='bbox 2138 2798 2205 2863; x_wconf 93' lang='lat' dir='ltr'><strong>dici</strong></span> <span class='ocrx_word' id='word_1_125' title='bbox 2230 2802 2326 2884; x_wconf 91' lang='lat' dir='ltr'><strong>quod</strong></span> 
     </span>
     <span class='ocr_line' id='line_1_13' title="bbox 848 2911 2327 3001; baseline 0 -20"><span class='ocrx_word' id='word_1_126' title='bbox 848 2915 926 3001; x_wconf 88' lang='lat' dir='ltr'><strong>ipsa</strong></span> <span class='ocrx_word' id='word_1_127' title='bbox 965 2914 1117 2981; x_wconf 87' lang='lat' dir='ltr'><strong>essentia</strong></span> <span class='ocrx_word' id='word_1_128' title='bbox 1155 2925 1208 2979; x_wconf 90' lang='lat' dir='ltr'><strong>est</strong></span> <span class='ocrx_word' id='word_1_129' title='bbox 1247 2913 1484 2999; x_wconf 88' lang='lat' dir='ltr'><strong>praedicando</strong></span> <span class='ocrx_word' id='word_1_130' title='bbox 1520 2913 1715 2978; x_wconf 90' lang='lat' dir='ltr'><strong>secundum</strong></span> <span class='ocrx_word' id='word_1_131' title='bbox 1755 2911 1930 2988; x_wconf 86' lang='lat' dir='ltr'><strong>adiacens,</strong></span> <span class='ocrx_word' id='word_1_132' title='bbox 1971 2923 2086 2979; x_wconf 89' lang='lat' dir='ltr'><strong>tamen</strong></span> <span class='ocrx_word' id='word_1_133' title='bbox 2126 2927 2241 2981; x_wconf 89' lang='lat' dir='ltr'><strong>manet</strong></span> <span class='ocrx_word' id='word_1_134' title='bbox 2277 2916 2327 2981; x_wconf 89' lang='lat' dir='ltr'><strong>sic</strong></span> 
     </span>
     <span class='ocr_line' id='line_1_14' title="bbox 848 3028 2328 3119; baseline 0 -21"><span class='ocrx_word' id='word_1_135' title='bbox 848 3032 1044 3098; x_wconf 86' lang='lat' dir='ltr'><strong>secundum</strong></span> <span class='ocrx_word' id='word_1_136' title='bbox 1069 3032 1163 3116; x_wconf 92' lang='lat' dir='ltr'><strong>quod</strong></span> <span class='ocrx_word' id='word_1_137' title='bbox 1187 3030 1264 3117; x_wconf 89' lang='lat' dir='ltr'><strong>ipsa</strong></span> <span class='ocrx_word' id='word_1_138' title='bbox 1288 3040 1340 3096; x_wconf 92' lang='lat' dir='ltr'><strong>est</strong></span> <span class='ocrx_word' id='word_1_139' title='bbox 1372 3029 1513 3114; x_wconf 90' lang='lat' dir='ltr'><strong>aliquod</strong></span> <span class='ocrx_word' id='word_1_140' title='bbox 1537 3050 1601 3094; x_wconf 89' lang='lat' dir='ltr'><strong>ens</strong></span> <span class='ocrx_word' id='word_1_141' title='bbox 1636 3049 1755 3093; x_wconf 90' lang='lat' dir='ltr'><strong>verum</strong></span> <span class='ocrx_word' id='word_1_142' title='bbox 1792 3028 1971 3114; x_wconf 89' lang='lat' dir='ltr'><strong>pertinens</strong></span> <span class='ocrx_word' id='word_1_143' title='bbox 1996 3031 2039 3094; x_wconf 89' lang='lat' dir='ltr'><strong>ad</strong></span> <span class='ocrx_word' id='word_1_144' title='bbox 2070 3051 2189 3095; x_wconf 84' lang='lat' dir='ltr'><strong>verum</strong></span> <span class='ocrx_word' id='word_1_145' title='bbox 2213 3052 2328 3119; x_wconf 87' lang='lat' dir='ltr'><strong>genus</strong></span> 
     </span>
     <span class='ocr_line' id='line_1_15' title="bbox 851 3146 2329 3234; baseline 0.001 -23"><span class='ocrx_word' id='word_1_146' title='bbox 851 3148 906 3215; x_wconf 90' lang='lat' dir='ltr'><strong>vel</strong></span> <span class='ocrx_word' id='word_1_147' title='bbox 941 3146 1271 3234; x_wconf 89' lang='lat' dir='ltr'><strong>praedicamentum,</strong></span> <span class='ocrx_word' id='word_1_148' title='bbox 1306 3156 1339 3211; x_wconf 91' lang='lat' dir='ltr'><strong>et</strong></span> <span class='ocrx_word' id='word_1_149' title='bbox 1374 3148 1444 3211; x_wconf 92' lang='lat' dir='ltr'><strong>hoc</strong></span> <span class='ocrx_word' id='word_1_150' title='bbox 1478 3146 1584 3210; x_wconf 92' lang='lat' dir='ltr'><strong>modo</strong></span> <span class='ocrx_word' id='word_1_151' title='bbox 1617 3165 1672 3209; x_wconf 91' lang='lat' dir='ltr'><strong>res</strong></span> <span class='ocrx_word' id='word_1_152' title='bbox 1709 3165 1787 3210; x_wconf 90' lang='lat' dir='ltr'><strong>cum</strong></span> <span class='ocrx_word' id='word_1_153' title='bbox 1823 3166 1895 3208; x_wconf 91' lang='lat' dir='ltr'><strong>non</strong></span> <span class='ocrx_word' id='word_1_154' title='bbox 1931 3156 1984 3209; x_wconf 90' lang='lat' dir='ltr'><strong>est</strong></span> <span class='ocrx_word' id='word_1_155' title='bbox 2019 3148 2213 3212; x_wconf 90' lang='lat' dir='ltr'><strong>secundum</strong></span> <span class='ocrx_word' id='word_1_156' title='bbox 2249 3170 2329 3216; x_wconf 90' lang='lat' dir='ltr'><strong>esse</strong></span> 
     </span>
     <span class='ocr_line' id='line_1_16' title="bbox 851 3259 2329 3346; baseline 0.001 -16"><span class='ocrx_word' id='word_1_157' title='bbox 851 3262 1064 3342; x_wconf 88' lang='lat' dir='ltr'><strong>existentiae,</strong></span> <span class='ocrx_word' id='word_1_158' title='bbox 1104 3273 1310 3327; x_wconf 80' lang='lat' dir='ltr'><strong>esttamen</strong></span> <span class='ocrx_word' id='word_1_159' title='bbox 1347 3262 1542 3326; x_wconf 91' lang='lat' dir='ltr'><strong>secundum</strong></span> <span class='ocrx_word' id='word_1_160' title='bbox 1574 3282 1653 3326; x_wconf 90' lang='lat' dir='ltr'><strong>esse</strong></span> <span class='ocrx_word' id='word_1_161' title='bbox 1693 3259 1878 3340; x_wconf 89' lang='lat' dir='ltr'><strong>essentiae,</strong></span> <span class='ocrx_word' id='word_1_162' title='bbox 1918 3270 1952 3325; x_wconf 93' lang='lat' dir='ltr'><strong>et</strong></span> <span class='ocrx_word' id='word_1_163' title='bbox 1994 3271 2110 3346; x_wconf 92' lang='lat' dir='ltr'><strong>potest</strong></span> <span class='ocrx_word' id='word_1_164' title='bbox 2145 3285 2225 3331; x_wconf 86' lang='lat' dir='ltr'><strong>vere</strong></span> <span class='ocrx_word' id='word_1_165' title='bbox 2260 3267 2329 3333; x_wconf 90' lang='lat' dir='ltr'><strong>dici</strong></span> 
     </span>
     <span class='ocr_line' id='line_1_17' title="bbox 850 3375 2328 3464; baseline 0.002 -19"><span class='ocrx_word' id='word_1_166' title='bbox 850 3379 927 3445; x_wconf 91' lang='lat' dir='ltr'><strong>talis</strong></span> <span class='ocrx_word' id='word_1_167' title='bbox 958 3400 1013 3444; x_wconf 93' lang='lat' dir='ltr'><strong>res</strong></span> <span class='ocrx_word' id='word_1_168' title='bbox 1048 3400 1129 3444; x_wconf 87' lang='lat' dir='ltr'><strong>vere</strong></span> <span class='ocrx_word' id='word_1_169' title='bbox 1164 3399 1242 3445; x_wconf 91' lang='lat' dir='ltr'><strong>esse</strong></span> <span class='ocrx_word' id='word_1_170' title='bbox 1276 3376 1470 3442; x_wconf 88' lang='lat' dir='ltr'><strong>substantia</strong></span> <span class='ocrx_word' id='word_1_171' title='bbox 1507 3377 1561 3441; x_wconf 89' lang='lat' dir='ltr'><strong>vel</strong></span> <span class='ocrx_word' id='word_1_172' title='bbox 1604 3375 1731 3440; x_wconf 91' lang='lat' dir='ltr'><strong>animal</strong></span> <span class='ocrx_word' id='word_1_173' title='bbox 1764 3377 1818 3440; x_wconf 92' lang='lat' dir='ltr'><strong>vel</strong></span> <span class='ocrx_word' id='word_1_174' title='bbox 1843 3375 2053 3457; x_wconf 89' lang='lat' dir='ltr'><strong>huiusmodi,</strong></span> <span class='ocrx_word' id='word_1_175' title='bbox 2090 3380 2328 3464; x_wconf 89' lang='lat' dir='ltr'><strong>praedicando</strong></span> 
     </span>
     <span class='ocr_line' id='line_1_18' title="bbox 851 3491 2329 3579; baseline 0.003 -19"><span class='ocrx_word' id='word_1_176' title='bbox 851 3506 984 3561; x_wconf 90' lang='lat' dir='ltr'><strong>tantum</strong></span> <span class='ocrx_word' id='word_1_177' title='bbox 1009 3494 1185 3560; x_wconf 90' lang='lat' dir='ltr'><strong>adiacens.</strong></span> <span class='ocrx_word' id='word_1_178' title='bbox 1222 3494 1311 3558; x_wconf 91' lang='lat' dir='ltr'><strong>Cum</strong></span> <span class='ocrx_word' id='word_1_179' title='bbox 1344 3492 1436 3558; x_wconf 90' lang='lat' dir='ltr'><strong>enim</strong></span> <span class='ocrx_word' id='word_1_180' title='bbox 1472 3491 1618 3558; x_wconf 88' lang='lat' dir='ltr'><strong>scientia</strong></span> <span class='ocrx_word' id='word_1_181' title='bbox 1642 3513 1715 3556; x_wconf 93' lang='lat' dir='ltr'><strong>non</strong></span> <span class='ocrx_word' id='word_1_182' title='bbox 1747 3491 1790 3556; x_wconf 92' lang='lat' dir='ltr'><strong>sit</strong></span> <span class='ocrx_word' id='word_1_183' title='bbox 1825 3492 1892 3556; x_wconf 89' lang='lat' dir='ltr'><strong>nisi</strong></span> <span class='ocrx_word' id='word_1_184' title='bbox 1928 3492 2057 3558; x_wconf 93' lang='lat' dir='ltr'><strong>entium</strong></span> <span class='ocrx_word' id='word_1_185' title='bbox 2093 3506 2128 3560; x_wconf 90' lang='lat' dir='ltr'><strong>et</strong></span> <span class='ocrx_word' id='word_1_186' title='bbox 2158 3518 2329 3579; x_wconf 89' lang='lat' dir='ltr'><strong>verorum,</strong></span> 
     </span>
     <span class='ocr_line' id='line_1_19' title="bbox 852 3608 2330 3680; baseline 0.002 -3"><span class='ocrx_word' id='word_1_187' title='bbox 852 3623 886 3678; x_wconf 91' lang='lat' dir='ltr'><strong>et</strong></span> <span class='ocrx_word' id='word_1_188' title='bbox 926 3612 970 3676; x_wconf 90' lang='lat' dir='ltr'><strong>de</strong></span> <span class='ocrx_word' id='word_1_189' title='bbox 1009 3612 1114 3676; x_wconf 91' lang='lat' dir='ltr'><strong>rebus</strong></span> <span class='ocrx_word' id='word_1_190' title='bbox 1154 3631 1232 3675; x_wconf 91' lang='lat' dir='ltr'><strong>cum</strong></span> <span class='ocrx_word' id='word_1_191' title='bbox 1272 3631 1344 3675; x_wconf 92' lang='lat' dir='ltr'><strong>non</strong></span> <span class='ocrx_word' id='word_1_192' title='bbox 1376 3609 1444 3673; x_wconf 89' lang='lat' dir='ltr'><strong>sint</strong></span> <span class='ocrx_word' id='word_1_193' title='bbox 1484 3608 1679 3673; x_wconf 86' lang='lat' dir='ltr'><strong>secundum</strong></span> <span class='ocrx_word' id='word_1_194' title='bbox 1715 3629 1794 3673; x_wconf 88' lang='lat' dir='ltr'><strong>esse</strong></span> <span class='ocrx_word' id='word_1_195' title='bbox 1826 3608 2028 3675; x_wconf 86' lang='lat' dir='ltr'><strong>existentiae</strong></span> <span class='ocrx_word' id='word_1_196' title='bbox 2062 3612 2210 3677; x_wconf 88' lang='lat' dir='ltr'><strong>habetur</strong></span> <span class='ocrx_word' id='word_1_197' title='bbox 2248 3635 2330 3680; x_wconf 91' lang='lat' dir='ltr'><strong>vere</strong></span> 
     </span>
     <span class='ocr_line' id='line_1_20' title="bbox 852 3723 2329 3811; baseline 0.002 -18"><span class='ocrx_word' id='word_1_198' title='bbox 852 3726 1000 3794; x_wconf 90' lang='lat' dir='ltr'><strong>scientia</strong></span> <span class='ocrx_word' id='word_1_199' title='bbox 1024 3727 1068 3791; x_wconf 91' lang='lat' dir='ltr'><strong>ab</strong></span> <span class='ocrx_word' id='word_1_200' title='bbox 1093 3726 1268 3792; x_wconf 90' lang='lat' dir='ltr'><strong>intellectu</strong></span> <span class='ocrx_word' id='word_1_201' title='bbox 1293 3725 1392 3790; x_wconf 92' lang='lat' dir='ltr'><strong>cuius</strong></span> <span class='ocrx_word' id='word_1_202' title='bbox 1410 3724 1585 3791; x_wconf 92' lang='lat' dir='ltr'><strong>obiectum</strong></span> <span class='ocrx_word' id='word_1_203' title='bbox 1609 3734 1663 3789; x_wconf 91' lang='lat' dir='ltr'><strong>est</strong></span> <span class='ocrx_word' id='word_1_204' title='bbox 1694 3744 1776 3788; x_wconf 87' lang='lat' dir='ltr'><strong>vera</strong></span> <span class='ocrx_word' id='word_1_205' title='bbox 1810 3723 1984 3808; x_wconf 89' lang='lat' dir='ltr'><strong>quidditas</strong></span> <span class='ocrx_word' id='word_1_206' title='bbox 2021 3737 2055 3791; x_wconf 91' lang='lat' dir='ltr'><strong>et</strong></span> <span class='ocrx_word' id='word_1_207' title='bbox 2087 3729 2239 3794; x_wconf 84' lang='lat' dir='ltr'><strong>essentia</strong></span> <span class='ocrx_word' id='word_1_208' title='bbox 2270 3730 2329 3811; x_wconf 88' lang='lat' dir='ltr'><strong>rei,</strong></span> 
     </span>
     <span class='ocr_line' id='line_1_21' title="bbox 852 3839 2330 3925; baseline 0.003 -17"><span class='ocrx_word' id='word_1_209' title='bbox 852 3844 897 3909; x_wconf 93' lang='lat' dir='ltr'><strong>de</strong></span> <span class='ocrx_word' id='word_1_210' title='bbox 934 3842 1061 3907; x_wconf 86' lang='lat' dir='ltr'><strong>talibus</strong></span> <span class='ocrx_word' id='word_1_211' title='bbox 1100 3863 1172 3907; x_wconf 94' lang='lat' dir='ltr'><strong>non</strong></span> <span class='ocrx_word' id='word_1_212' title='bbox 1219 3852 1313 3907; x_wconf 88' lang='lat' dir='ltr'><strong>esset</strong></span> <span class='ocrx_word' id='word_1_213' title='bbox 1357 3862 1438 3906; x_wconf 90' lang='lat' dir='ltr'><strong>vere</strong></span> <span class='ocrx_word' id='word_1_214' title='bbox 1485 3839 1631 3905; x_wconf 89' lang='lat' dir='ltr'><strong>scientia</strong></span> <span class='ocrx_word' id='word_1_215' title='bbox 1677 3839 1744 3905; x_wconf 91' lang='lat' dir='ltr'><strong>nisi</strong></span> <span class='ocrx_word' id='word_1_216' title='bbox 1790 3840 1991 3925; x_wconf 89' lang='lat' dir='ltr'><strong>praedicata</strong></span> <span class='ocrx_word' id='word_1_217' title='bbox 2036 3844 2234 3910; x_wconf 87' lang='lat' dir='ltr'><strong>essentialia</strong></span> <span class='ocrx_word' id='word_1_218' title='bbox 2281 3846 2330 3912; x_wconf 93' lang='lat' dir='ltr'><strong>eis</strong></span> 
     </span>
     <span class='ocr_line' id='line_1_22' title="bbox 853 3955 2332 4044; baseline 0.003 -20"><span class='ocrx_word' id='word_1_219' title='bbox 853 3958 1131 4025; x_wconf 87' lang='lat' dir='ltr'><strong>attribuerentur.</strong></span> <span class='ocrx_word' id='word_1_220' title='bbox 1157 3958 1260 4024; x_wconf 87' lang='lat' dir='ltr'><strong>Unde</strong></span> <span class='ocrx_word' id='word_1_221' title='bbox 1294 3957 1412 4043; x_wconf 90' lang='lat' dir='ltr'><strong>pluvia</strong></span> <span class='ocrx_word' id='word_1_222' title='bbox 1435 3978 1508 4021; x_wconf 92' lang='lat' dir='ltr'><strong>non</strong></span> <span class='ocrx_word' id='word_1_223' title='bbox 1533 3956 1703 4022; x_wconf 87' lang='lat' dir='ltr'><strong>existente</strong></span> <span class='ocrx_word' id='word_1_224' title='bbox 1737 3955 1844 4021; x_wconf 91' lang='lat' dir='ltr'><strong>scitur</strong></span> <span class='ocrx_word' id='word_1_225' title='bbox 1878 3967 2003 4021; x_wconf 89' lang='lat' dir='ltr'><strong>natura</strong></span> <span class='ocrx_word' id='word_1_226' title='bbox 2037 3958 2175 4044; x_wconf 89' lang='lat' dir='ltr'><strong>pluviae</strong></span> <span class='ocrx_word' id='word_1_227' title='bbox 2200 3972 2237 4026; x_wconf 92' lang='lat' dir='ltr'><strong>ut</strong></span> <span class='ocrx_word' id='word_1_228' title='bbox 2259 3962 2332 4028; x_wconf 91' lang='lat' dir='ltr'><strong>veri</strong></span> 
     </span>
     <span class='ocr_line' id='line_1_23' title="bbox 854 4071 2333 4161; baseline 0.003 -20"><span class='ocrx_word' id='word_1_229' title='bbox 854 4074 943 4141; x_wconf 89' lang='lat' dir='ltr'><strong>entis</strong></span> <span class='ocrx_word' id='word_1_230' title='bbox 982 4096 1099 4140; x_wconf 92' lang='lat' dir='ltr'><strong>veram</strong></span> <span class='ocrx_word' id='word_1_231' title='bbox 1139 4073 1366 4159; x_wconf 88' lang='lat' dir='ltr'><strong>quidditatem</strong></span> <span class='ocrx_word' id='word_1_232' title='bbox 1406 4071 1634 4158; x_wconf 77' lang='lat' dir='ltr'><strong>importantiS‚</strong></span> <span class='ocrx_word' id='word_1_233' title='bbox 1671 4083 1706 4138; x_wconf 90' lang='lat' dir='ltr'><strong>et</strong></span> <span class='ocrx_word' id='word_1_234' title='bbox 1743 4093 1825 4137; x_wconf 89' lang='lat' dir='ltr'><strong>vere</strong></span> <span class='ocrx_word' id='word_1_235' title='bbox 1860 4071 1985 4137; x_wconf 92' lang='lat' dir='ltr'><strong>dicitur</strong></span> <span class='ocrx_word' id='word_1_236' title='bbox 2020 4076 2114 4158; x_wconf 92' lang='lat' dir='ltr'><strong>quod</strong></span> <span class='ocrx_word' id='word_1_237' title='bbox 2150 4098 2241 4161; x_wconf 92' lang='lat' dir='ltr'><strong>aqua</strong></span> <span class='ocrx_word' id='word_1_238' title='bbox 2279 4091 2333 4145; x_wconf 90' lang='lat' dir='ltr'><strong>est</strong></span> 
     </span>
     <span class='ocr_line' id='line_1_24' title="bbox 853 4187 2332 4278; baseline 0.003 -23"><span class='ocrx_word' id='word_1_239' title='bbox 853 4190 971 4277; x_wconf 91' lang='lat' dir='ltr'><strong>pluvia</strong></span> <span class='ocrx_word' id='word_1_240' title='bbox 1009 4189 1169 4278; x_wconf 86' lang='lat' dir='ltr'><strong>guttatim</strong></span> <span class='ocrx_word' id='word_1_241' title='bbox 1205 4191 1346 4256; x_wconf 85' lang='lat' dir='ltr'><strong>cadens</strong></span> <span class='ocrx_word' id='word_1_242' title='bbox 1380 4189 1423 4253; x_wconf 89' lang='lat' dir='ltr'><strong>Et</strong></span> <span class='ocrx_word' id='word_1_243' title='bbox 1457 4188 1508 4254; x_wconf 91' lang='lat' dir='ltr'><strong>sic</strong></span> <span class='ocrx_word' id='word_1_244' title='bbox 1547 4188 1741 4254; x_wconf 89' lang='lat' dir='ltr'><strong>secundum</strong></span> <span class='ocrx_word' id='word_1_245' title='bbox 1780 4187 1916 4272; x_wconf 91' lang='lat' dir='ltr'><strong>aliquos</strong></span> <span class='ocrx_word' id='word_1_246' title='bbox 1953 4210 2009 4254; x_wconf 91' lang='lat' dir='ltr'><strong>res</strong></span> <span class='ocrx_word' id='word_1_247' title='bbox 2045 4190 2170 4257; x_wconf 90' lang='lat' dir='ltr'><strong>dicitur</strong></span> <span class='ocrx_word' id='word_1_248' title='bbox 2202 4195 2332 4261; x_wconf 88' lang='lat' dir='ltr'><strong>habere</strong></span> 
     </span>
     <span class='ocr_line' id='line_1_25' title="bbox 854 4305 2330 4393; baseline 0.003 -20"><span class='ocrx_word' id='word_1_249' title='bbox 854 4328 933 4374; x_wconf 91' lang='lat' dir='ltr'><strong>esse</strong></span> <span class='ocrx_word' id='word_1_250' title='bbox 960 4306 1009 4373; x_wconf 91' lang='lat' dir='ltr'><strong>rei</strong></span> <span class='ocrx_word' id='word_1_251' title='bbox 1033 4305 1276 4392; x_wconf 90' lang='lat' dir='ltr'><strong>praedicabilis</strong></span> <span class='ocrx_word' id='word_1_252' title='bbox 1301 4317 1336 4370; x_wconf 93' lang='lat' dir='ltr'><strong>et</strong></span> <span class='ocrx_word' id='word_1_253' title='bbox 1360 4326 1439 4371; x_wconf 87' lang='lat' dir='ltr'><strong>esse</strong></span> <span class='ocrx_word' id='word_1_254' title='bbox 1463 4310 1498 4370; x_wconf 94' lang='lat' dir='ltr'><strong>in</strong></span> <span class='ocrx_word' id='word_1_255' title='bbox 1522 4325 1653 4393; x_wconf 84' lang='lat' dir='ltr'><strong>genere</strong></span> <span class='ocrx_word' id='word_1_256' title='bbox 1677 4305 1871 4370; x_wconf 90' lang='lat' dir='ltr'><strong>secundum</strong></span> <span class='ocrx_word' id='word_1_257' title='bbox 1897 4326 1976 4370; x_wconf 88' lang='lat' dir='ltr'><strong>esse</strong></span> <span class='ocrx_word' id='word_1_258' title='bbox 2000 4307 2173 4373; x_wconf 88' lang='lat' dir='ltr'><strong>essentiae</strong></span> <span class='ocrx_word' id='word_1_259' title='bbox 2202 4321 2235 4376; x_wconf 90' lang='lat' dir='ltr'><strong>et</strong></span> <span class='ocrx_word' id='word_1_260' title='bbox 2259 4332 2330 4377; x_wconf 92' lang='lat' dir='ltr'><strong>non</strong></span> 
     </span>
     <span class='ocr_line' id='line_1_26' title="bbox 855 4420 2332 4505; baseline 0.003 -16"><span class='ocrx_word' id='word_1_261' title='bbox 855 4444 933 4491; x_wconf 89' lang='lat' dir='ltr'><strong>esse</strong></span> <span class='ocrx_word' id='word_1_262' title='bbox 969 4421 1184 4488; x_wconf 88' lang='lat' dir='ltr'><strong>existentiae.</strong></span> <span class='ocrx_word' id='word_1_263' title='bbox 1221 4421 1293 4487; x_wconf 87' lang='lat' dir='ltr'><strong>Sed</strong></span> <span class='ocrx_word' id='word_1_264' title='bbox 1332 4420 1416 4486; x_wconf 92' lang='lat' dir='ltr'><strong>mihi</strong></span> <span class='ocrx_word' id='word_1_265' title='bbox 1451 4420 1587 4485; x_wconf 91' lang='lat' dir='ltr'><strong>videtur</strong></span> <span class='ocrx_word' id='word_1_266' title='bbox 1622 4420 1718 4505; x_wconf 92' lang='lat' dir='ltr'><strong>quod</strong></span> <span class='ocrx_word' id='word_1_267' title='bbox 1753 4441 1832 4485; x_wconf 89' lang='lat' dir='ltr'><strong>csse</strong></span> <span class='ocrx_word' id='word_1_268' title='bbox 1872 4420 2076 4488; x_wconf 88' lang='lat' dir='ltr'><strong>existentiae</strong></span> <span class='ocrx_word' id='word_1_269' title='bbox 2112 4434 2147 4489; x_wconf 91' lang='lat' dir='ltr'><strong>et</strong></span> <span class='ocrx_word' id='word_1_270' title='bbox 2180 4428 2332 4493; x_wconf 88' lang='lat' dir='ltr'><strong>essentia</strong></span> 
     </span>
     <span class='ocr_line' id='line_1_27' title="bbox 856 4535 2332 4609; baseline 0.003 -5"><span class='ocrx_word' id='word_1_271' title='bbox 856 4538 999 4604; x_wconf 93' lang='lat' dir='ltr'><strong>omnino</strong></span> <span class='ocrx_word' id='word_1_272' title='bbox 1024 4537 1093 4602; x_wconf 93' lang='lat' dir='ltr'><strong>sint</strong></span> <span class='ocrx_word' id='word_1_273' title='bbox 1116 4537 1208 4603; x_wconf 89' lang='lat' dir='ltr'><strong>idem</strong></span> <span class='ocrx_word' id='word_1_274' title='bbox 1233 4537 1428 4602; x_wconf 90' lang='lat' dir='ltr'><strong>secundum</strong></span> <span class='ocrx_word' id='word_1_275' title='bbox 1457 4557 1528 4602; x_wconf 89' lang='lat' dir='ltr'><strong>rem</strong></span> <span class='ocrx_word' id='word_1_276' title='bbox 1555 4545 1588 4601; x_wconf 94' lang='lat' dir='ltr'><strong>et</strong></span> <span class='ocrx_word' id='word_1_277' title='bbox 1612 4535 1776 4600; x_wconf 89' lang='lat' dir='ltr'><strong>differunt</strong></span> <span class='ocrx_word' id='word_1_278' title='bbox 1807 4536 1919 4600; x_wconf 89' lang='lat' dir='ltr'><strong>solum</strong></span> <span class='ocrx_word' id='word_1_279' title='bbox 1943 4539 2138 4605; x_wconf 90' lang='lat' dir='ltr'><strong>secundum</strong></span> <span class='ocrx_word' id='word_1_280' title='bbox 2163 4541 2332 4609; x_wconf 90' lang='lat' dir='ltr'><strong>rationem</strong></span> 
     </span>
     <span class='ocr_line' id='line_1_28' title="bbox 855 4651 2333 4741; baseline 0.002 -20"><span class='ocrx_word' id='word_1_281' title='bbox 855 4665 889 4721; x_wconf 90' lang='lat' dir='ltr'><strong>et</strong></span> <span class='ocrx_word' id='word_1_282' title='bbox 913 4654 1056 4719; x_wconf 92' lang='lat' dir='ltr'><strong>modum</strong></span> <span class='ocrx_word' id='word_1_283' title='bbox 1080 4652 1294 4740; x_wconf 89' lang='lat' dir='ltr'><strong>intelligendi</strong></span> <span class='ocrx_word' id='word_1_284' title='bbox 1319 4663 1352 4717; x_wconf 93' lang='lat' dir='ltr'><strong>et</strong></span> <span class='ocrx_word' id='word_1_285' title='bbox 1376 4651 1608 4741; x_wconf 89' lang='lat' dir='ltr'><strong>significandi,</strong></span> <span class='ocrx_word' id='word_1_286' title='bbox 1632 4672 1681 4716; x_wconf 92' lang='lat' dir='ltr'><strong>nu</strong></span> <span class='ocrx_word' id='word_1_287' title='bbox 1713 4653 1717 4734; x_wconf 90' lang='grc' dir='ltr'>Ι</span> <span class='ocrx_word' id='word_1_288' title='bbox 1748 4651 1828 4715; x_wconf 91' lang='lat' dir='ltr'><strong>llam</strong></span> <span class='ocrx_word' id='word_1_289' title='bbox 1864 4652 2007 4718; x_wconf 90' lang='lat' dir='ltr'><strong>omnino</strong></span> <span class='ocrx_word' id='word_1_290' title='bbox 2041 4657 2333 4741; x_wconf 86' lang='lat' dir='ltr'><strong>compositionem</strong></span> 
     </span>
     <span class='ocr_line' id='line_1_29' title="bbox 856 4766 2334 4857; baseline 0.003 -22"><span class='ocrx_word' id='word_1_291' title='bbox 856 4768 1029 4850; x_wconf 79' lang='lat' dir='ltr'><strong>facientia,</strong></span> <span class='ocrx_word' id='word_1_292' title='bbox 1044 4769 1135 4835; x_wconf 90' lang='lat' dir='ltr'><strong>sicut</strong></span> <span class='ocrx_word' id='word_1_293' title='bbox 1157 4789 1225 4834; x_wconf 92' lang='lat' dir='ltr'><strong>nec</strong></span> <span class='ocrx_word' id='word_1_294' title='bbox 1249 4789 1387 4834; x_wconf 91' lang='lat' dir='ltr'><strong>currere</strong></span> <span class='ocrx_word' id='word_1_295' title='bbox 1412 4778 1446 4834; x_wconf 95' lang='lat' dir='ltr'><strong>et</strong></span> <span class='ocrx_word' id='word_1_296' title='bbox 1462 4789 1585 4833; x_wconf 89' lang='lat' dir='ltr'><strong>cursus</strong></span> <span class='ocrx_word' id='word_1_297' title='bbox 1611 4767 1665 4831; x_wconf 90' lang='lat' dir='ltr'><strong>vel</strong></span> <span class='ocrx_word' id='word_1_298' title='bbox 1689 4766 1899 4831; x_wconf 90' lang='lat' dir='ltr'><strong>huiusmodi.</strong></span> <span class='ocrx_word' id='word_1_299' title='bbox 1924 4768 1968 4832; x_wconf 90' lang='lat' dir='ltr'><strong>Et</strong></span> <span class='ocrx_word' id='word_1_300' title='bbox 1991 4768 2082 4850; x_wconf 89' lang='lat' dir='ltr'><strong>ide0,</strong></span> <span class='ocrx_word' id='word_1_301' title='bbox 2107 4771 2142 4837; x_wconf 91' lang='lat' dir='ltr'><strong>in</strong></span> <span class='ocrx_word' id='word_1_302' title='bbox 2166 4784 2334 4857; x_wconf 89' lang='lat' dir='ltr'><strong>quantum</strong></span> 
     </span>
     <span class='ocr_line' id='line_1_30' title="bbox 856 4882 2334 4958; baseline 0.004 -6"><span class='ocrx_word' id='word_1_303' title='bbox 856 4897 974 4952; x_wconf 89' lang='lat' dir='ltr'><strong>manet</strong></span> <span class='ocrx_word' id='word_1_304' title='bbox 1019 4907 1075 4951; x_wconf 88' lang='lat' dir='ltr'><strong>res</strong></span> <span class='ocrx_word' id='word_1_305' title='bbox 1121 4886 1315 4951; x_wconf 87' lang='lat' dir='ltr'><strong>secundum</strong></span> <span class='ocrx_word' id='word_1_306' title='bbox 1356 4905 1434 4950; x_wconf 92' lang='lat' dir='ltr'><strong>esse</strong></span> <span class='ocrx_word' id='word_1_307' title='bbox 1481 4882 1654 4949; x_wconf 88' lang='lat' dir='ltr'><strong>essentiae</strong></span> <span class='ocrx_word' id='word_1_308' title='bbox 1701 4893 1819 4948; x_wconf 88' lang='lat' dir='ltr'><strong>manet</strong></span> <span class='ocrx_word' id='word_1_309' title='bbox 1864 4883 1966 4948; x_wconf 91' lang='lat' dir='ltr'><strong>etiam</strong></span> <span class='ocrx_word' id='word_1_310' title='bbox 2013 4888 2208 4953; x_wconf 90' lang='lat' dir='ltr'><strong>secundum</strong></span> <span class='ocrx_word' id='word_1_311' title='bbox 2254 4912 2334 4958; x_wconf 91' lang='lat' dir='ltr'><strong>esse</strong></span> 
     </span>
     <span class='ocr_line' id='line_1_31' title="bbox 857 4998 2336 5094; baseline 0.002 -25"><span class='ocrx_word' id='word_1_312' title='bbox 857 5001 1060 5069; x_wconf 90' lang='lat' dir='ltr'><strong>existentiae</strong></span> <span class='ocrx_word' id='word_1_313' title='bbox 1090 5012 1124 5066; x_wconf 93' lang='lat' dir='ltr'><strong>et</strong></span> <span class='ocrx_word' id='word_1_314' title='bbox 1148 5022 1167 5067; x_wconf 99' lang='lat' dir='ltr'><strong>e</strong></span> <span class='ocrx_word' id='word_1_315' title='bbox 1195 5022 1376 5081; x_wconf 86' lang='lat' dir='ltr'><strong>converso,</strong></span> <span class='ocrx_word' id='word_1_316' title='bbox 1406 5010 1439 5065; x_wconf 93' lang='lat' dir='ltr'><strong>et</strong></span> <span class='ocrx_word' id='word_1_317' title='bbox 1466 4999 1502 5064; x_wconf 93' lang='lat' dir='ltr'><strong>in</strong></span> <span class='ocrx_word' id='word_1_318' title='bbox 1529 5011 1697 5084; x_wconf 87' lang='lat' dir='ltr'><strong>quantum</strong></span> <span class='ocrx_word' id='word_1_319' title='bbox 1733 4998 1933 5086; x_wconf 80' lang='lat' dir='ltr'><strong>intelligitur</strong></span> <span class='ocrx_word' id='word_1_320' title='bbox 1960 5001 2005 5065; x_wconf 93' lang='lat' dir='ltr'><strong>de</strong></span> <span class='ocrx_word' id='word_1_321' title='bbox 2032 5023 2103 5067; x_wconf 93' lang='lat' dir='ltr'><strong>uno</strong></span> <span class='ocrx_word' id='word_1_322' title='bbox 2133 5003 2336 5094; x_wconf 89' lang='lat' dir='ltr'><strong>intelligitur</strong></span> 
     </span>
     <span class='ocr_line' id='line_1_32' title="bbox 857 5113 2336 5204; baseline 0.003 -20"><span class='ocrx_word' id='word_1_323' title='bbox 857 5119 902 5184; x_wconf 89' lang='lat' dir='ltr'><strong>de</strong></span> <span class='ocrx_word' id='word_1_324' title='bbox 941 5117 1008 5192; x_wconf 86' lang='lat' dir='ltr'><strong>alio</strong></span> <span class='ocrx_word' id='word_1_325' title='bbox 1045 5129 1080 5184; x_wconf 93' lang='lat' dir='ltr'><strong>et</strong></span> <span class='ocrx_word' id='word_1_326' title='bbox 1115 5139 1134 5183; x_wconf 91' lang='lat' dir='ltr'><strong>e</strong></span> <span class='ocrx_word' id='word_1_327' title='bbox 1170 5137 1352 5196; x_wconf 87' lang='lat' dir='ltr'><strong>converso,</strong></span> <span class='ocrx_word' id='word_1_328' title='bbox 1388 5116 1563 5182; x_wconf 92' lang='lat' dir='ltr'><strong>intellectu</strong></span> <span class='ocrx_word' id='word_1_329' title='bbox 1600 5113 1747 5203; x_wconf 90' lang='lat' dir='ltr'><strong>simplici</strong></span> <span class='ocrx_word' id='word_1_330' title='bbox 1782 5135 1854 5178; x_wconf 89' lang='lat' dir='ltr'><strong>non</strong></span> <span class='ocrx_word' id='word_1_331' title='bbox 1885 5128 2120 5201; x_wconf 91' lang='lat' dir='ltr'><strong>componente</strong></span> <span class='ocrx_word' id='word_1_332' title='bbox 2155 5123 2250 5204; x_wconf 92' lang='lat' dir='ltr'><strong>quod</strong></span> <span class='ocrx_word' id='word_1_333' title='bbox 2282 5134 2336 5188; x_wconf 90' lang='lat' dir='ltr'><strong>est</strong></span> 
     </span>
     <span class='ocr_line' id='line_1_33' title="bbox 857 5230 2335 5320; baseline 0.003 -20"><span class='ocrx_word' id='word_1_334' title='bbox 857 5255 937 5300; x_wconf 89' lang='lat' dir='ltr'><strong>esse</strong></span> <span class='ocrx_word' id='word_1_335' title='bbox 961 5233 1166 5299; x_wconf 91' lang='lat' dir='ltr'><strong>diminutum</strong></span> <span class='ocrx_word' id='word_1_336' title='bbox 1184 5234 1377 5299; x_wconf 89' lang='lat' dir='ltr'><strong>secundum</strong></span> <span class='ocrx_word' id='word_1_337' title='bbox 1407 5233 1502 5317; x_wconf 92' lang='lat' dir='ltr'><strong>quod</strong></span> <span class='ocrx_word' id='word_1_338' title='bbox 1527 5230 1652 5297; x_wconf 90' lang='lat' dir='ltr'><strong>dicitur</strong></span> <span class='ocrx_word' id='word_1_339' title='bbox 1675 5231 1770 5315; x_wconf 90' lang='lat' dir='ltr'><strong>quod</strong></span> <span class='ocrx_word' id='word_1_340' title='bbox 1795 5241 1848 5295; x_wconf 89' lang='lat' dir='ltr'><strong>est</strong></span> <span class='ocrx_word' id='word_1_341' title='bbox 1872 5253 1943 5295; x_wconf 91' lang='lat' dir='ltr'><strong>uno</strong></span> <span class='ocrx_word' id='word_1_342' title='bbox 1968 5234 2073 5298; x_wconf 94' lang='lat' dir='ltr'><strong>modo</strong></span> <span class='ocrx_word' id='word_1_343' title='bbox 2097 5238 2335 5320; x_wconf 90' lang='lat' dir='ltr'><strong>praedicatum</strong></span> 
     </span>
     <span class='ocr_line' id='line_1_34' title="bbox 858 5327 2334 5435; baseline 0.003 -19"><span class='ocrx_word' id='word_1_344' title='bbox 858 5350 1073 5417; x_wconf 90' lang='lat' dir='ltr'><strong>accidentale</strong></span> <span class='ocrx_word' id='word_1_345' title='bbox 1109 5349 1312 5429; x_wconf 90' lang='lat' dir='ltr'><strong>accidentis,</strong></span> <span class='ocrx_word' id='word_1_346' title='bbox 1353 5348 1420 5414; x_wconf 90' lang='lat' dir='ltr'><strong>alio</strong></span> <span class='ocrx_word' id='word_1_347' title='bbox 1460 5349 1566 5413; x_wconf 94' lang='lat' dir='ltr'><strong>modo</strong></span> <span class='ocrx_word' id='word_1_348' title='bbox 1605 5346 1747 5435; x_wconf 90' lang='lat' dir='ltr'><strong>generis</strong></span> <span class='ocrx_word' id='word_1_349' title='bbox 1782 5347 1837 5412; x_wconf 94' lang='lat' dir='ltr'><strong>vel</strong></span> <span class='ocrx_word' id='word_1_350' title='bbox 1874 5327 2070 5414; x_wconf 81' lang='lat' dir='ltr'><strong>essentiale.</strong></span> <span class='ocrx_word' id='word_1_351' title='bbox 2108 5351 2205 5417; x_wconf 93' lang='lat' dir='ltr'><strong>Licet</strong></span> <span class='ocrx_word' id='word_1_352' title='bbox 2243 5355 2334 5420; x_wconf 91' lang='lat' dir='ltr'><strong>enim</strong></span> 
     </span>
     <span class='ocr_line' id='line_1_35' title="bbox 856 5462 2370 5554; baseline 0.003 -22"><span class='ocrx_word' id='word_1_353' title='bbox 856 5466 1085 5554; x_wconf 90' lang='lat' dir='ltr'><strong>intelligendo</strong></span> <span class='ocrx_word' id='word_1_354' title='bbox 1133 5477 1290 5530; x_wconf 88' lang='lat' dir='ltr'><strong>naturam</strong></span> <span class='ocrx_word' id='word_1_355' title='bbox 1338 5464 1494 5532; x_wconf 87' lang='lat' dir='ltr'><strong>Socratis</strong></span> <span class='ocrx_word' id='word_1_356' title='bbox 1540 5463 1594 5529; x_wconf 91' lang='lat' dir='ltr'><strong>vel</strong></span> <span class='ocrx_word' id='word_1_357' title='bbox 1639 5462 1791 5528; x_wconf 87' lang='lat' dir='ltr'><strong>hominis</strong></span> <span class='ocrx_word' id='word_1_358' title='bbox 1834 5464 2027 5529; x_wconf 91' lang='lat' dir='ltr'><strong>secundum</strong></span> <span class='ocrx_word' id='word_1_359' title='bbox 2075 5488 2114 5532; x_wconf 92' lang='lat' dir='ltr'><strong>se</strong></span> <span class='ocrx_word' id='word_1_360' title='bbox 2159 5467 2370 5537; x_wconf 45' lang='lat' dir='ltr'><strong>intellectu*</strong></span> 
     </span>
     <span class='ocr_line' id='line_1_36' title="bbox 857 5579 2337 5669; baseline 0.003 -20"><span class='ocrx_word' id='word_1_361' title='bbox 857 5582 1089 5669; x_wconf 91' lang='lat' dir='ltr'><strong>incomplexo,</strong></span> <span class='ocrx_word' id='word_1_362' title='bbox 1118 5603 1190 5647; x_wconf 89' lang='lat' dir='ltr'><strong>non</strong></span> <span class='ocrx_word' id='word_1_363' title='bbox 1219 5581 1408 5668; x_wconf 89' lang='lat' dir='ltr'><strong>intelligam</strong></span> <span class='ocrx_word' id='word_1_364' title='bbox 1438 5602 1517 5645; x_wconf 89' lang='lat' dir='ltr'><strong>eum</strong></span> <span class='ocrx_word' id='word_1_365' title='bbox 1557 5601 1636 5645; x_wconf 89' lang='lat' dir='ltr'><strong>esse</strong></span> <span class='ocrx_word' id='word_1_366' title='bbox 1674 5579 1728 5643; x_wconf 87' lang='lat' dir='ltr'><strong>vel</strong></span> <span class='ocrx_word' id='word_1_367' title='bbox 1768 5599 1841 5642; x_wconf 92' lang='lat' dir='ltr'><strong>non</strong></span> <span class='ocrx_word' id='word_1_368' title='bbox 1869 5600 1948 5644; x_wconf 91' lang='lat' dir='ltr'><strong>esse</strong></span> <span class='ocrx_word' id='word_1_369' title='bbox 1986 5592 2089 5665; x_wconf 94' lang='lat' dir='ltr'><strong>prout</strong></span> <span class='ocrx_word' id='word_1_370' title='bbox 2123 5584 2192 5650; x_wconf 91' lang='lat' dir='ltr'><strong>hoc</strong></span> <span class='ocrx_word' id='word_1_371' title='bbox 2216 5586 2337 5653; x_wconf 90' lang='lat' dir='ltr'><strong>dicunt</strong></span> 
     </span>
     <span class='ocr_line' id='line_1_37' title="bbox 858 5693 2336 5788; baseline 0.003 -23"><span class='ocrx_word' id='word_1_372' title='bbox 858 5710 1053 5786; x_wconf 90' lang='lat' dir='ltr'><strong>conceptus</strong></span> <span class='ocrx_word' id='word_1_373' title='bbox 1091 5697 1218 5764; x_wconf 90' lang='lat' dir='ltr'><strong>mentis</strong></span> <span class='ocrx_word' id='word_1_374' title='bbox 1257 5698 1343 5763; x_wconf 88' lang='lat' dir='ltr'><strong>tales</strong></span> <span class='ocrx_word' id='word_1_375' title='bbox 1389 5696 1556 5762; x_wconf 87' lang='lat' dir='ltr'><strong>terminos</strong></span> <span class='ocrx_word' id='word_1_376' title='bbox 1596 5693 1855 5781; x_wconf 79' lang='lat' dir='ltr'><strong>coniungentiS,</strong></span> <span class='ocrx_word' id='word_1_377' title='bbox 1902 5705 2017 5760; x_wconf 90' lang='lat' dir='ltr'><strong>tamen</strong></span> <span class='ocrx_word' id='word_1_378' title='bbox 2061 5697 2215 5788; x_wconf 89' lang='lat' dir='ltr'><strong>intelligo</strong></span> <span class='ocrx_word' id='word_1_379' title='bbox 2262 5702 2336 5770; x_wconf 91' lang='lat' dir='ltr'><strong>eius</strong></span> 
     </span>
     <span class='ocr_line' id='line_1_38' title="bbox 859 5808 2336 5903; baseline 0.001 -21"><span class='ocrx_word' id='word_1_380' title='bbox 859 5814 1078 5882; x_wconf 88' lang='lat' dir='ltr'><strong>existentiam</strong></span> <span class='ocrx_word' id='word_1_381' title='bbox 1103 5835 1194 5899; x_wconf 87' lang='lat' dir='ltr'><strong>quae</strong></span> <span class='ocrx_word' id='word_1_382' title='bbox 1217 5835 1289 5879; x_wconf 91' lang='lat' dir='ltr'><strong>non</strong></span> <span class='ocrx_word' id='word_1_383' title='bbox 1315 5823 1368 5878; x_wconf 90' lang='lat' dir='ltr'><strong>est</strong></span> <span class='ocrx_word' id='word_1_384' title='bbox 1395 5812 1462 5877; x_wconf 90' lang='lat' dir='ltr'><strong>alia</strong></span> <span class='ocrx_word' id='word_1_385' title='bbox 1488 5832 1545 5877; x_wconf 90' lang='lat' dir='ltr'><strong>res</strong></span> <span class='ocrx_word' id='word_1_386' title='bbox 1569 5833 1589 5876; x_wconf 92' lang='lat' dir='ltr'><strong>a</strong></span> <span class='ocrx_word' id='word_1_387' title='bbox 1617 5832 1682 5876; x_wconf 89' lang='lat' dir='ltr'><strong>sua</strong></span> <span class='ocrx_word' id='word_1_388' title='bbox 1706 5808 1878 5887; x_wconf 79' lang='lat' dir='ltr'><strong>essentia3</strong></span> <span class='ocrx_word' id='word_1_389' title='bbox 1907 5821 1943 5875; x_wconf 92' lang='lat' dir='ltr'><strong>et</strong></span> <span class='ocrx_word' id='word_1_390' title='bbox 1965 5833 2028 5895; x_wconf 93' lang='lat' dir='ltr'><strong>pro</strong></span> <span class='ocrx_word' id='word_1_391' title='bbox 2052 5825 2183 5897; x_wconf 90' lang='lat' dir='ltr'><strong>quanto</strong></span> <span class='ocrx_word' id='word_1_392' title='bbox 2207 5818 2336 5903; x_wconf 90' lang='lat' dir='ltr'><strong>aliquid</strong></span> 
     </span>
     <span class='ocr_line' id='line_1_39' title="bbox 859 5927 2336 6024; baseline 0.003 -26"><span class='ocrx_word' id='word_1_393' title='bbox 859 5942 913 5998; x_wconf 90' lang='lat' dir='ltr'><strong>est</strong></span> <span class='ocrx_word' id='word_1_394' title='bbox 939 5952 995 5998; x_wconf 91' lang='lat' dir='ltr'><strong>res</strong></span> <span class='ocrx_word' id='word_1_395' title='bbox 1024 5929 1269 6017; x_wconf 89' lang='lat' dir='ltr'><strong>praedicabilis</strong></span> <span class='ocrx_word' id='word_1_396' title='bbox 1294 5940 1328 5995; x_wconf 92' lang='lat' dir='ltr'><strong>et</strong></span> <span class='ocrx_word' id='word_1_397' title='bbox 1354 5930 1460 5994; x_wconf 92' lang='lat' dir='ltr'><strong>habet</strong></span> <span class='ocrx_word' id='word_1_398' title='bbox 1487 5949 1566 5994; x_wconf 88' lang='lat' dir='ltr'><strong>esse</strong></span> <span class='ocrx_word' id='word_1_399' title='bbox 1597 5927 1631 5992; x_wconf 94' lang='lat' dir='ltr'><strong>in</strong></span> <span class='ocrx_word' id='word_1_400' title='bbox 1663 5946 1795 6015; x_wconf 90' lang='lat' dir='ltr'><strong>genere</strong></span> <span class='ocrx_word' id='word_1_401' title='bbox 1818 5927 2012 5992; x_wconf 93' lang='lat' dir='ltr'><strong>secundum</strong></span> <span class='ocrx_word' id='word_1_402' title='bbox 2043 5950 2122 5997; x_wconf 90' lang='lat' dir='ltr'><strong>esse</strong></span> <span class='ocrx_word' id='word_1_403' title='bbox 2153 5935 2336 6024; x_wconf 89' lang='lat' dir='ltr'><strong>essentiae,</strong></span> 
     </span>
    </p>
   </div>
   <div class='ocr_carea' id='block_1_3' title="bbox 0 0 3380 7988">
    <p class='ocr_par' dir='ltr' id='par_1_3' title="bbox 0 0 3380 7988">
     <span class='ocr_line' id='line_1_40' title="bbox 0 0 3380 7988; baseline 0 0"><span class='ocrx_word' id='word_1_404' title='bbox 0 0 3380 7988; x_wconf 95' lang='lat' dir='ltr'><strong> </strong></span> 
     </span>
    </p>
   </div>
  </div>
 </body>
</html>
