6700 7992
1106 1415 1302 1495 urrunnun
1331 1392 1630 1495 Quouussnrun
1660 1422 1696 1493 o.
1725 1413 1794 1475 xrv
2135 1386 2187 1474 ru

711 1605 806 1691 quod
838 1606 986 1693 amplius
1026 1606 1230 1683 declaretur,
1267 1616 1326 1669 aut
1365 1615 1686 1688 quantumcumque
1733 1603 1776 1668 sit
1818 1612 1912 1668 certa
1958 1599 2188 1666 communiter

709 1720 993 1803 intelligentibus,
1019 1720 1048 1785 si
1065 1732 1179 1784 tamen
1209 1721 1254 1784 ob
1279 1718 1441 1783 malitiam
1467 1718 1570 1801 aliqui
1595 1718 1760 1783 resistunt
1785 1726 1818 1781 et
1843 1715 2087 1781 contradicunt
2111 1714 2187 1800 ipsi,

711 1837 868 1918 debe[n]t
884 1857 960 1899 eam
986 1835 1141 1919 recipere
1168 1846 1201 1900 et
1226 1845 1327 1919 prout
1352 1832 1478 1918 poterit
1505 1833 1692 1908 declarare,
1711 1843 1745 1896 et
1763 1843 1798 1895 ut
1823 1829 2021 1896 testimonio
2038 1829 2187 1915 plurium

709 1950 836 2016 veritas
861 1952 1051 2026 roboretur,
1085 1948 1176 2014 illam
1203 1962 1333 2033 partem
1367 1970 1470 2031 quam
1503 1947 1624 2011 viderit
1656 1946 1824 2010 veriorem
1853 1944 1993 2010 firmiter
2021 1965 2187 2022 asserere,

710 2085 776 2130 nec
800 2077 944 2150 propter
969 2065 1171 2128 scandalum
1197 2063 1248 2128 sic
1273 2063 1377 2127 debet
1402 2061 1569 2141 omittere,
1595 2060 1662 2125 nisi
1686 2061 1793 2124 modu
1818 2058 2008 2144 praedicto.

1231 2523 1538 2607 Quuasrro
1582 2522 1678 2587 xrv

1357 2686 1541 2755 (LONGA).

717 2898 861 2974 Uirum
892 2896 952 2971 illi
993 2896 1063 2999 qni
1090 2896 1315 2970 arnrm'nuti
1353 2901 1389 2970 et
1425 2895 1536 2970 electi
1570 2923 1595 2969 u
1636 2896 1755 2970 cerlis
1791 2896 1978 2995 personis
2018 2896 2191 2971 habeant

758 3037 993 3130 potestatam
1017 3030 1292 3129 praedicuri-ili
1319 3056 1366 3103 ea·
1394 3029 1612 3131 privilegio
1641 3030 1701 3104 vel
1734 3029 1994 3130 delegatione,
2024 3029 2191 3103 (lebennl

766 3164 892 3263 recipi
919 3166 974 3238 uu'
996 3163 1322 3263 praedicundum
1356 3163 1398 3237 iu
1426 3163 1524 3238 locis
1563 3162 1840 3262 pr'ueluiormu
1871 3163 2187 3237 ordinariorum.

800 3470 927 3533 Postea
962 3488 1044 3532 vero
1073 3468 1305 3551 quaerebatur
1337 3466 1429 3531 aliud
1462 3466 1640 3551 pertinens
1676 3466 1721 3531 ad
1753 3466 2023 3552 praedicatores
2056 3466 2190 3533 scilicet

711 3597 823 3650 utrum
849 3583 895 3648 illi
920 3582 978 3668 qui
1007 3582 1192 3648 examinati
1221 3595 1254 3647 et
1282 3583 1383 3648 electi
1414 3605 1433 3646 a
1462 3582 1564 3648 certis
1600 3582 1761 3668 personis
1795 3583 1948 3649 habeant
1979 3593 2188 3669 potestatem

709 3700 935 3787 praedicandi
960 3722 1001 3765 ex
1019 3698 1198 3787 privilegio
1222 3701 1277 3764 vel
1294 3699 1526 3784 delegatione,
1544 3699 1697 3764 debeant
1720 3698 1829 3785 recipi
1845 3698 1890 3763 ad
1914 3699 2187 3785 praedicandum

710 3816 745 3882 in
775 3816 863 3882 locis
898 3815 1132 3901 praelatorum
1156 3814 1418 3895 ordinariorum,
1444 3814 1510 3879 nisi
1535 3816 1686 3880 doceant
1717 3814 1768 3881 sic
1799 3836 1837 3880 se
1869 3814 2085 3881 examinatos
2110 3837 2189 3881 esse

711 3943 744 3998 et
778 3933 909 3998 electos
946 3944 980 3998 et
1015 3932 1151 3997 missos.
1183 3931 1225 3996 Et
1257 3931 1392 3996 videtur
1424 3931 1519 4015 quod
1551 3953 1633 4011 non,
1659 3930 1741 4016 quia
1773 3931 1897 3997 dicitur
1927 3931 2032 3995 Extra
2050 3935 2107 4015 (l),
2144 3932 2189 3997 de

711 4048 829 4114 officio
865 4048 989 4114 iudicis
1021 4047 1183 4136 delegati,
1209 4047 1362 4134 capitulo
1388 4049 1477 4112 Cum
1510 4047 1544 4112 in
1578 4047 1661 4127 iure,
1695 4048 1790 4131 quod
1822 4068 1901 4113 cum
1934 4046 2057 4132 aliquis
2085 4046 2189 4112 iudex

710 4164 852 4229 mandat
883 4166 938 4230 vel
970 4163 1140 4249 praecipit
1172 4162 1273 4228 alicui
1309 4163 1484 4229 sacerdoti
1520 4164 1616 4247 quod
1652 4162 1835 4229 denuntiet
1866 4163 2017 4247 aliquem
2050 4183 2188 4229 excom·

710 4279 934 4359 municatum,
952 4280 1048 4364 quod
1072 4280 1239 4345 sacerdos
1264 4302 1334 4344 non
1364 4290 1500 4344 tenetur
1526 4280 1595 4345 hoc
1620 4281 1746 4356 facere,
1772 4279 1837 4344 nisi
1865 4277 2058 4344 constiterit
2086 4279 2117 4345 ei
2144 4280 2188 4343 de

710 4397 876 4461 mandato
902 4407 935 4461 et
967 4396 1172 4461 auctoritate
1208 4395 1308 4461 cuius
1344 4395 1427 4460 dicit
1459 4417 1497 4459 se
1532 4397 1601 4460 boc
1636 4397 1813 4460 mandare.
1846 4395 1940 4482 Ergo
1975 4393 2129 4460 similiter
2153 4395 2187 4460 in

711 4512 902 4598 proposito.

800 4629 837 4692 ln
863 4627 1072 4694 contrarium
1098 4637 1150 4692 est
1182 4629 1423 4708 consuetud03
1460 4650 1539 4693 nani
1564 4630 1650 4693 tales
1686 4629 1819 4712 absque
1851 4627 1908 4692 tali
1941 4627 2189 4694 certificatione

711 4743 818 4830 recipi
842 4755 1103 4810 consueverunt
1127 4756 1160 4809 et
1185 4754 1310 4809 cetera.

800 4860 1014 4946 Respondeo
1039 4860 1228 4925 dicendum
1252 4860 1347 4945 quod
1372 4860 1431 4944 qui
1455 4859 1538 4926 dicit
1562 4883 1600 4925 se
1625 4860 1779 4942 missum,
1805 4872 1864 4926 aut
1899 4872 1952 4926 est
1976 4860 2188 4948 incognitus

711 4987 745 5042 et
774 4987 858 5042 tunc
885 4978 1110 5042 scrutandum
1136 4988 1188 5042 est
1212 4976 1284 5041 sive
1309 4976 1577 5041 examinandum
1602 4999 1645 5041 an
1673 4976 1720 5043 ita
1744 4977 1787 5043 sit
1811 4989 1848 5043 ut
1871 4978 2020 5042 habetur
2043 4978 2189 5061 quadra·

711 5092 845 5181 gesima
862 5094 1029 5173 secunda,
1047 5092 1270 5159 distinctione
1290 5095 1450 5173 secundo,
1466 5093 1618 5179 capitulo
1636 5093 1870 5176 Quiescamus
1888 5097 1956 5177 (2):
1982 5094 2011 5159 si
2035 5092 2069 5159 in
2094 5093 2188 5159 clero

711 5209 859 5275 electum
884 5230 922 5274 se
947 5230 1025 5275 esse
1053 5208 1156 5289 dicat,
1181 5209 1209 5273 si
1235 5210 1454 5275 sacerdotem
1483 5231 1521 5274 se
1545 5209 1712 5289 nominat,
1741 5222 1916 5291 scrutare3
1941 5210 2035 5276 circa
2058 5210 2189 5276 maiora

710 5323 902 5410 periculum
934 5325 1084 5405 vertitur,
1113 5336 1148 5390 et
1175 5325 1366 5391 centesima
1394 5324 1628 5407 distinctione,
1657 5327 1789 5391 Contra
1819 5348 1950 5392 morem
1979 5330 2037 5411 (3),
2065 5327 2190 5393 dieitur

711 5442 807 5525 quod
832 5440 988 5529 allegans
1013 5440 1194 5528 privilegio
1219 5440 1286 5506 sibi
1310 5440 1439 5527 aliquid
1464 5451 1674 5527 competere,
1692 5444 1797 5509 debet
1821 5445 1890 5509 boc
1914 5444 2121 5523 ostendere3
2147 5483 2188 5491 -

712 5568 771 5622 aut
791 5557 864 5642 ipse
880 5562 930 5622 est
946 5557 954 5592 ¹
978 5578 1131 5643 persona
1148 5568 1230 5623 nota
1254 5568 1419 5642 tanquam
1435 5557 1551 5645 gravis
1568 5570 1602 5623 et
1617 5560 1764 5624 honesta
1782 5571 1816 5625 et
1835 5560 1993 5626 ordinata
2012 5563 2188 5647 [persona]

802 5796 809 5825 ¹
825 5792 886 5865 ipse
900 5796 950 5863 est]
966 5794 1030 5866 ipsa
1044 5795 1077 5848 V.

801 5942 841 6006 ql)
854 5956 878 5994 c.
892 5942 934 5994 31.
949 5940 983 5993 X.
999 5940 1035 5993 de
1049 5939 1097 5993 off.
1113 5949 1142 5993 et
1155 5948 1262 6012 potest.
1277 5940 1363 5994 iudic.
1378 5940 1473 6012 deleg.
1488 5941 1509 5995 l.
1523 5944 1565 5995 ⁸2).
1582 5973 1614 5981 —-
1630 5946 1668 6009 (2)
1686 5960 1709 5996 c.
1724 5946 1748 5997 2.
1764 5944 1797 5997 D.
1816 5945 1903 5998 XLII.
1920 5977 1952 5985 -
1973 5949 2012 6014 (3)
2026 5964 2051 6001 c.
2064 5950 2089 6001 8.
2104 5948 2139 6002 D.
2155 5948 2188 6003 C.

2072 6074 2107 6127 36
