<?xml version="1.0" encoding="UTF-8"?>
<!DOCTYPE html PUBLIC "-//W3C//DTD XHTML 1.0 Transitional//EN"
    "http://www.w3.org/TR/xhtml1/DTD/xhtml1-transitional.dtd">
<html xmlns="http://www.w3.org/1999/xhtml" xml:lang="en" lang="en">
 <head>
  <title>
</title>
<meta http-equiv="Content-Type" content="text/html;charset=utf-8" />
  <meta name='ocr-system' content='tesseract 3.04.00' />
  <meta name='ocr-capabilities' content='ocr_page ocr_carea ocr_par ocr_line ocrx_word'/>
</head>
<body>
  <div class='ocr_page' id='page_1' title='image "./lesquatrepremie00wulfgoog_0276.png"; bbox 0 0 6700 7992; ppageno 0'>
   <div class='ocr_carea' id='block_1_1' title="bbox 995 1447 2111 1505">
    <p class='ocr_par' dir='ltr' id='par_1_1' title="bbox 995 1447 2111 1505">
     <span class='ocr_line' id='line_1_1' title="bbox 995 1447 2111 1505; baseline -0.001 -2"><span class='ocrx_word' id='word_1_1' title='bbox 995 1453 1047 1504; x_wconf 88' lang='grc'>250</span> <span class='ocrx_word' id='word_1_2' title='bbox 1363 1449 1554 1504; x_wconf 81' lang='lat' dir='ltr'><strong>MAGISTRI</strong></span> <span class='ocrx_word' id='word_1_3' title='bbox 1583 1449 1804 1505; x_wconf 87' lang='lat' dir='ltr'>GODEFRIDI</span> <span class='ocrx_word' id='word_1_4' title='bbox 1833 1450 1885 1503; x_wconf 87' lang='lat' dir='ltr'>DE</span> <span class='ocrx_word' id='word_1_5' title='bbox 1913 1447 2111 1504; x_wconf 88' lang='lat' dir='ltr'>FONTlBUS</span> 
     </span>
    </p>
   </div>
   <div class='ocr_carea' id='block_1_2' title="bbox 997 1627 2482 4823">
    <p class='ocr_par' dir='ltr' id='par_1_2' title="bbox 997 1627 2475 2293">
     <span class='ocr_line' id='line_1_2' title="bbox 998 1627 2474 1716; baseline -0.002 -21"><span class='ocrx_word' id='word_1_6' title='bbox 998 1631 1123 1695; x_wconf 92' lang='lat' dir='ltr'>modos</span> <span class='ocrx_word' id='word_1_7' title='bbox 1140 1629 1278 1695; x_wconf 89' lang='lat' dir='ltr'>vivendi</span> <span class='ocrx_word' id='word_1_8' title='bbox 1304 1652 1373 1694; x_wconf 91' lang='lat' dir='ltr'>non</span> <span class='ocrx_word' id='word_1_9' title='bbox 1392 1629 1444 1695; x_wconf 91' lang='lat' dir='ltr'>sic</span> <span class='ocrx_word' id='word_1_10' title='bbox 1468 1629 1651 1694; x_wconf 91' lang='lat' dir='ltr'>manifeste</span> <span class='ocrx_word' id='word_1_11' title='bbox 1668 1628 1821 1716; x_wconf 87' lang='lat' dir='ltr'>implicat</span> <span class='ocrx_word' id='word_1_12' title='bbox 1845 1628 2118 1695; x_wconf 88' lang='lat' dir='ltr'>contradictoria</span> <span class='ocrx_word' id='word_1_13' title='bbox 2141 1627 2216 1694; x_wconf 89' lang='lat' dir='ltr'>sive</span> <span class='ocrx_word' id='word_1_14' title='bbox 2235 1627 2474 1714; x_wconf 89' lang='lat' dir='ltr'>impossibilia,</span> 
     </span>
     <span class='ocr_line' id='line_1_3' title="bbox 998 1742 2475 1833; baseline -0.001 -24"><span class='ocrx_word' id='word_1_15' title='bbox 998 1747 1085 1830; x_wconf 84' lang='lat' dir='ltr'>[sed]</span> <span class='ocrx_word' id='word_1_16' title='bbox 1111 1746 1210 1831; x_wconf 91' lang='lat' dir='ltr'>ponit</span> <span class='ocrx_word' id='word_1_17' title='bbox 1234 1757 1349 1811; x_wconf 91' lang='lat' dir='ltr'>tamen</span> <span class='ocrx_word' id='word_1_18' title='bbox 1379 1745 1461 1830; x_wconf 90' lang='lat' dir='ltr'>quid</span> <span class='ocrx_word' id='word_1_19' title='bbox 1487 1744 1631 1811; x_wconf 93' lang='lat' dir='ltr'>omnino</span> <span class='ocrx_word' id='word_1_20' title='bbox 1656 1767 1728 1810; x_wconf 92' lang='lat' dir='ltr'>non</span> <span class='ocrx_word' id='word_1_21' title='bbox 1753 1744 1980 1833; x_wconf 83' lang='lat' dir='ltr'>intelligibile,</span> <span class='ocrx_word' id='word_1_22' title='bbox 2006 1744 2087 1829; x_wconf 89' lang='lat' dir='ltr'>quia</span> <span class='ocrx_word' id='word_1_23' title='bbox 2110 1743 2169 1829; x_wconf 93' lang='lat' dir='ltr'>qui</span> <span class='ocrx_word' id='word_1_24' title='bbox 2193 1743 2353 1832; x_wconf 87' lang='lat' dir='ltr'>intelligit</span> <span class='ocrx_word' id='word_1_25' title='bbox 2370 1742 2475 1809; x_wconf 91' lang='lat' dir='ltr'>alium</span> 
     </span>
     <span class='ocr_line' id='line_1_4' title="bbox 998 1860 2475 1949; baseline -0.002 -22"><span class='ocrx_word' id='word_1_26' title='bbox 998 1863 1138 1927; x_wconf 90' lang='lat' dir='ltr'>modum</span> <span class='ocrx_word' id='word_1_27' title='bbox 1178 1861 1317 1926; x_wconf 88' lang='lat' dir='ltr'>vivendi</span> <span class='ocrx_word' id='word_1_28' title='bbox 1358 1884 1460 1946; x_wconf 89' lang='lat' dir='ltr'>quam</span> <span class='ocrx_word' id='word_1_29' title='bbox 1501 1860 1746 1949; x_wconf 90' lang='lat' dir='ltr'>vegetativum,</span> <span class='ocrx_word' id='word_1_30' title='bbox 1787 1860 1993 1927; x_wconf 88' lang='lat' dir='ltr'>sensitivurn</span> <span class='ocrx_word' id='word_1_31' title='bbox 2039 1861 2091 1926; x_wconf 91' lang='lat' dir='ltr'>vel</span> <span class='ocrx_word' id='word_1_32' title='bbox 2134 1860 2381 1926; x_wconf 91' lang='lat' dir='ltr'>intellectivum</span> <span class='ocrx_word' id='word_1_33' title='bbox 2420 1860 2475 1926; x_wconf 89' lang='lat' dir='ltr'>vel</span> 
     </span>
     <span class='ocr_line' id='line_1_5' title="bbox 997 1975 2475 2068; baseline 0.001 -27"><span class='ocrx_word' id='word_1_34' title='bbox 997 1977 1196 2042; x_wconf 87' lang='lat' dir='ltr'>huiusmodi</span> <span class='ocrx_word' id='word_1_35' title='bbox 1228 1977 1311 2041; x_wconf 89' lang='lat' dir='ltr'>nihil</span> <span class='ocrx_word' id='word_1_36' title='bbox 1336 1977 1495 2064; x_wconf 88' lang='lat' dir='ltr'>intelligit</span> <span class='ocrx_word' id='word_1_37' title='bbox 1527 1987 1561 2042; x_wconf 90' lang='lat' dir='ltr'>et</span> <span class='ocrx_word' id='word_1_38' title='bbox 1592 1989 1718 2056; x_wconf 92' lang='lat' dir='ltr'>cetera,</span> <span class='ocrx_word' id='word_1_39' title='bbox 1744 1976 1810 2041; x_wconf 92' lang='lat' dir='ltr'>nisi</span> <span class='ocrx_word' id='word_1_40' title='bbox 1834 1977 1903 2068; x_wconf 77' lang='lat' dir='ltr'>sint</span> <span class='ocrx_word' id='word_1_41' title='bbox 1934 1975 2030 2042; x_wconf 94' lang='lat' dir='ltr'>modi</span> <span class='ocrx_word' id='word_1_42' title='bbox 2053 1976 2193 2042; x_wconf 90' lang='lat' dir='ltr'>vivendi</span> <span class='ocrx_word' id='word_1_43' title='bbox 2225 1976 2475 2043; x_wconf 83' lang='lat' dir='ltr'>intellectuales</span> 
     </span>
     <span class='ocr_line' id='line_1_6' title="bbox 999 2091 2475 2180; baseline 0 -24"><span class='ocrx_word' id='word_1_44' title='bbox 999 2094 1116 2178; x_wconf 84' lang='lat' dir='ltr'>plures</span> <span class='ocrx_word' id='word_1_45' title='bbox 1147 2094 1225 2178; x_wconf 90' lang='lat' dir='ltr'>plus</span> <span class='ocrx_word' id='word_1_46' title='bbox 1257 2093 1457 2157; x_wconf 83' lang='lat' dir='ltr'>differentes</span> <span class='ocrx_word' id='word_1_47' title='bbox 1490 2114 1592 2177; x_wconf 91' lang='lat' dir='ltr'>quarn</span> <span class='ocrx_word' id='word_1_48' title='bbox 1630 2091 1844 2171; x_wconf 83' lang='lat' dir='ltr'>sensitivam,</span> <span class='ocrx_word' id='word_1_49' title='bbox 1876 2091 2121 2180; x_wconf 88' lang='lat' dir='ltr'>vegetativum,</span> <span class='ocrx_word' id='word_1_50' title='bbox 2158 2104 2192 2157; x_wconf 92' lang='lat' dir='ltr'>et</span> <span class='ocrx_word' id='word_1_51' title='bbox 2223 2102 2391 2176; x_wconf 87' lang='lat' dir='ltr'>quantum</span> <span class='ocrx_word' id='word_1_52' title='bbox 2430 2091 2475 2156; x_wconf 91' lang='lat' dir='ltr'>ad</span> 
     </span>
     <span class='ocr_line' id='line_1_7' title="bbox 1000 2207 2474 2293; baseline -0.001 -20"><span class='ocrx_word' id='word_1_53' title='bbox 1000 2210 1114 2273; x_wconf 83' lang='lat' dir='ltr'>Deum</span> <span class='ocrx_word' id='word_1_54' title='bbox 1154 2220 1291 2274; x_wconf 90' lang='lat' dir='ltr'>constat</span> <span class='ocrx_word' id='word_1_55' title='bbox 1330 2210 1423 2293; x_wconf 89' lang='lat' dir='ltr'>quod</span> <span class='ocrx_word' id='word_1_56' title='bbox 1464 2230 1548 2273; x_wconf 90' lang='lat' dir='ltr'>suus</span> <span class='ocrx_word' id='word_1_57' title='bbox 1587 2210 1713 2274; x_wconf 91' lang='lat' dir='ltr'>modus</span> <span class='ocrx_word' id='word_1_58' title='bbox 1753 2208 1843 2273; x_wconf 88' lang='lat' dir='ltr'>vitae</span> <span class='ocrx_word' id='word_1_59' title='bbox 1882 2207 2124 2274; x_wconf 88' lang='lat' dir='ltr'>intellectualis</span> <span class='ocrx_word' id='word_1_60' title='bbox 2164 2210 2308 2273; x_wconf 94' lang='lat' dir='ltr'>multum</span> <span class='ocrx_word' id='word_1_61' title='bbox 2352 2207 2474 2273; x_wconf 88' lang='lat' dir='ltr'>differt.</span> 
     </span>
    </p>

    <p class='ocr_par' dir='ltr' id='par_1_3' title="bbox 998 2323 2481 4032">
     <span class='ocr_line' id='line_1_8' title="bbox 1090 2323 2475 2411; baseline 0.001 -21"><span class='ocrx_word' id='word_1_62' title='bbox 1090 2325 1188 2390; x_wconf 83' lang='lat' dir='ltr'>Sicut</span> <span class='ocrx_word' id='word_1_63' title='bbox 1217 2347 1302 2411; x_wconf 87' lang='lat' dir='ltr'>ergo</span> <span class='ocrx_word' id='word_1_64' title='bbox 1335 2325 1370 2388; x_wconf 93' lang='lat' dir='ltr'>in</span> <span class='ocrx_word' id='word_1_65' title='bbox 1402 2346 1533 2411; x_wconf 79' lang='lat' dir='ltr'>genere</span> <span class='ocrx_word' id='word_1_66' title='bbox 1565 2323 1753 2389; x_wconf 92' lang='lat' dir='ltr'>viventium</span> <span class='ocrx_word' id='word_1_67' title='bbox 1785 2345 1923 2409; x_wconf 86' lang='lat' dir='ltr'>semper</span> <span class='ocrx_word' id='word_1_68' title='bbox 1954 2326 1998 2389; x_wconf 92' lang='lat' dir='ltr'>de</span> <span class='ocrx_word' id='word_1_69' title='bbox 2029 2324 2144 2389; x_wconf 85' lang='lat' dir='ltr'>minus</span> <span class='ocrx_word' id='word_1_70' title='bbox 2177 2325 2332 2409; x_wconf 91' lang='lat' dir='ltr'>perfecta</span> <span class='ocrx_word' id='word_1_71' title='bbox 2355 2324 2475 2408; x_wconf 90' lang='lat' dir='ltr'>specie</span> 
     </span>
     <span class='ocr_line' id='line_1_9' title="bbox 998 2439 2476 2527; baseline 0.002 -24"><span class='ocrx_word' id='word_1_72' title='bbox 998 2440 1146 2507; x_wconf 84' lang='lat' dir='ltr'>viventis</span> <span class='ocrx_word' id='word_1_73' title='bbox 1177 2440 1362 2527; x_wconf 82' lang='lat' dir='ltr'>vegetativi</span> <span class='ocrx_word' id='word_1_74' title='bbox 1395 2442 1439 2505; x_wconf 91' lang='lat' dir='ltr'>ad</span> <span class='ocrx_word' id='word_1_75' title='bbox 1472 2440 1584 2527; x_wconf 87' lang='lat' dir='ltr'>magis</span> <span class='ocrx_word' id='word_1_76' title='bbox 1612 2440 1801 2525; x_wconf 91' lang='lat' dir='ltr'>perfectam</span> <span class='ocrx_word' id='word_1_77' title='bbox 1833 2439 1986 2525; x_wconf 88' lang='lat' dir='ltr'>speciem</span> <span class='ocrx_word' id='word_1_78' title='bbox 2015 2441 2207 2526; x_wconf 85' lang='lat' dir='ltr'>procedere</span> <span class='ocrx_word' id='word_1_79' title='bbox 2235 2451 2288 2504; x_wconf 89' lang='lat' dir='ltr'>est</span> <span class='ocrx_word' id='word_1_80' title='bbox 2312 2440 2476 2506; x_wconf 86' lang='lat' dir='ltr'>devenire</span> 
     </span>
     <span class='ocr_line' id='line_1_10' title="bbox 999 2555 2475 2642; baseline 0 -22"><span class='ocrx_word' id='word_1_81' title='bbox 999 2557 1043 2620; x_wconf 88' lang='lat' dir='ltr'>ad</span> <span class='ocrx_word' id='word_1_82' title='bbox 1076 2556 1228 2641; x_wconf 87' lang='lat' dir='ltr'>speciem</span> <span class='ocrx_word' id='word_1_83' title='bbox 1254 2578 1322 2640; x_wconf 91' lang='lat' dir='ltr'>qua</span> <span class='ocrx_word' id='word_1_84' title='bbox 1355 2556 1540 2640; x_wconf 83' lang='lat' dir='ltr'>perfectior</span> <span class='ocrx_word' id='word_1_85' title='bbox 1564 2557 1608 2621; x_wconf 88' lang='lat' dir='ltr'>de</span> <span class='ocrx_word' id='word_1_86' title='bbox 1641 2555 1850 2621; x_wconf 79' lang='lat' dir='ltr'>necessitate</span> <span class='ocrx_word' id='word_1_87' title='bbox 1874 2556 2066 2620; x_wconf 90' lang='lat' dir='ltr'>collocatur</span> <span class='ocrx_word' id='word_1_88' title='bbox 2091 2555 2124 2620; x_wconf 93' lang='lat' dir='ltr'>in</span> <span class='ocrx_word' id='word_1_89' title='bbox 2148 2577 2279 2642; x_wconf 82' lang='lat' dir='ltr'>genere</span> <span class='ocrx_word' id='word_1_90' title='bbox 2307 2555 2475 2636; x_wconf 88' lang='lat' dir='ltr'>animalis,</span> 
     </span>
     <span class='ocr_line' id='line_1_11' title="bbox 1000 2670 2476 2758; baseline -0.001 -21"><span class='ocrx_word' id='word_1_91' title='bbox 1000 2683 1034 2755; x_wconf 87' lang='lat' dir='ltr'>et</span> <span class='ocrx_word' id='word_1_92' title='bbox 1058 2694 1188 2758; x_wconf 87' lang='lat' dir='ltr'>ponere</span> <span class='ocrx_word' id='word_1_93' title='bbox 1217 2672 1418 2756; x_wconf 88' lang='lat' dir='ltr'>oppositum</span> <span class='ocrx_word' id='word_1_94' title='bbox 1448 2684 1500 2737; x_wconf 91' lang='lat' dir='ltr'>est</span> <span class='ocrx_word' id='word_1_95' title='bbox 1529 2693 1661 2757; x_wconf 90' lang='lat' dir='ltr'>ponere</span> <span class='ocrx_word' id='word_1_96' title='bbox 1691 2670 1969 2752; x_wconf 87' lang='lat' dir='ltr'>contradictoria,</span> <span class='ocrx_word' id='word_1_97' title='bbox 1998 2671 2043 2736; x_wconf 90' lang='lat' dir='ltr'>ita</span> <span class='ocrx_word' id='word_1_98' title='bbox 2061 2671 2162 2736; x_wconf 88' lang='lat' dir='ltr'>etiam</span> <span class='ocrx_word' id='word_1_99' title='bbox 2189 2673 2356 2756; x_wconf 88' lang='lat' dir='ltr'>ponendo</span> <span class='ocrx_word' id='word_1_100' title='bbox 2381 2673 2476 2756; x_wconf 89' lang='lat' dir='ltr'>quod</span> 
     </span>
     <span class='ocr_line' id='line_1_12' title="bbox 1000 2787 2478 2875; baseline 0 -23"><span class='ocrx_word' id='word_1_101' title='bbox 1000 2788 1035 2852; x_wconf 95' lang='lat' dir='ltr'>in</span> <span class='ocrx_word' id='word_1_102' title='bbox 1052 2788 1187 2875; x_wconf 77' lang='lat' dir='ltr'>angelis</span> <span class='ocrx_word' id='word_1_103' title='bbox 1212 2787 1255 2852; x_wconf 81' lang='lat' dir='ltr'>sit</span> <span class='ocrx_word' id='word_1_104' title='bbox 1284 2809 1470 2872; x_wconf 78' lang='lat' dir='ltr'>processus</span> <span class='ocrx_word' id='word_1_105' title='bbox 1499 2787 1533 2851; x_wconf 90' lang='lat' dir='ltr'>in</span> <span class='ocrx_word' id='word_1_106' title='bbox 1562 2787 1732 2852; x_wconf 90' lang='lat' dir='ltr'>infinitum</span> <span class='ocrx_word' id='word_1_107' title='bbox 1761 2787 1864 2852; x_wconf 90' lang='lat' dir='ltr'>unius</span> <span class='ocrx_word' id='word_1_108' title='bbox 1892 2787 2116 2867; x_wconf 84' lang='lat' dir='ltr'>hierarchiae,</span> <span class='ocrx_word' id='word_1_109' title='bbox 2144 2787 2191 2852; x_wconf 90' lang='lat' dir='ltr'>ita</span> <span class='ocrx_word' id='word_1_110' title='bbox 2215 2789 2309 2872; x_wconf 91' lang='lat' dir='ltr'>quod</span> <span class='ocrx_word' id='word_1_111' title='bbox 2340 2809 2478 2873; x_wconf 90' lang='lat' dir='ltr'>semper</span> 
     </span>
     <span class='ocr_line' id='line_1_13' title="bbox 1000 2902 2478 2991; baseline 0.001 -24"><span class='ocrx_word' id='word_1_112' title='bbox 1000 2904 1147 2991; x_wconf 85' lang='lat' dir='ltr'>angelus</span> <span class='ocrx_word' id='word_1_113' title='bbox 1172 2905 1299 2989; x_wconf 82' lang='lat' dir='ltr'>angelo</span> <span class='ocrx_word' id='word_1_114' title='bbox 1324 2905 1516 2988; x_wconf 79' lang='lat' dir='ltr'>perfectior</span> <span class='ocrx_word' id='word_1_115' title='bbox 1539 2903 1725 2988; x_wconf 88' lang='lat' dir='ltr'>pertinebit</span> <span class='ocrx_word' id='word_1_116' title='bbox 1750 2904 1792 2967; x_wconf 91' lang='lat' dir='ltr'>ad</span> <span class='ocrx_word' id='word_1_117' title='bbox 1819 2902 1908 2968; x_wconf 86' lang='lat' dir='ltr'>illam</span> <span class='ocrx_word' id='word_1_118' title='bbox 1938 2903 2165 2968; x_wconf 85' lang='lat' dir='ltr'>hierarchiam</span> <span class='ocrx_word' id='word_1_119' title='bbox 2195 2905 2297 2968; x_wconf 90' lang='lat' dir='ltr'>unius</span> <span class='ocrx_word' id='word_1_120' title='bbox 2326 2904 2478 2989; x_wconf 90' lang='lat' dir='ltr'>implicat</span> 
     </span>
     <span class='ocr_line' id='line_1_14' title="bbox 1000 3019 2478 3105; baseline 0.001 -21"><span class='ocrx_word' id='word_1_121' title='bbox 1000 3019 1277 3084; x_wconf 89' lang='lat' dir='ltr'>contradictoria.</span> <span class='ocrx_word' id='word_1_122' title='bbox 1295 3021 1397 3084; x_wconf 87' lang='lat' dir='ltr'>Unde</span> <span class='ocrx_word' id='word_1_123' title='bbox 1416 3019 1477 3085; x_wconf 91' lang='lat' dir='ltr'>erit</span> <span class='ocrx_word' id='word_1_124' title='bbox 1502 3020 1665 3085; x_wconf 85' lang='lat' dir='ltr'>devenire</span> <span class='ocrx_word' id='word_1_125' title='bbox 1690 3021 1734 3083; x_wconf 90' lang='lat' dir='ltr'>ad</span> <span class='ocrx_word' id='word_1_126' title='bbox 1752 3019 1915 3105; x_wconf 87' lang='lat' dir='ltr'>angelum</span> <span class='ocrx_word' id='word_1_127' title='bbox 1941 3019 1998 3103; x_wconf 93' lang='lat' dir='ltr'>qui</span> <span class='ocrx_word' id='word_1_128' title='bbox 2024 3019 2086 3084; x_wconf 91' lang='lat' dir='ltr'>erit</span> <span class='ocrx_word' id='word_1_129' title='bbox 2103 3032 2197 3084; x_wconf 87' lang='lat' dir='ltr'>extra</span> <span class='ocrx_word' id='word_1_130' title='bbox 2222 3041 2478 3104; x_wconf 89' lang='lat' dir='ltr'>quemcumque</span> 
     </span>
     <span class='ocr_line' id='line_1_15' title="bbox 1003 3135 2476 3222; baseline 0.001 -23"><span class='ocrx_word' id='word_1_131' title='bbox 1003 3135 1160 3200; x_wconf 89' lang='lat' dir='ltr'>ordinem</span> <span class='ocrx_word' id='word_1_132' title='bbox 1196 3136 1285 3200; x_wconf 89' lang='lat' dir='ltr'>illius</span> <span class='ocrx_word' id='word_1_133' title='bbox 1325 3135 1549 3202; x_wconf 79' lang='lat' dir='ltr'>hierarchiae.</span> <span class='ocrx_word' id='word_1_134' title='bbox 1590 3135 1689 3200; x_wconf 88' lang='lat' dir='ltr'>Sicut</span> <span class='ocrx_word' id='word_1_135' title='bbox 1720 3135 1812 3200; x_wconf 89' lang='lat' dir='ltr'>enim</span> <span class='ocrx_word' id='word_1_136' title='bbox 1844 3157 1916 3199; x_wconf 91' lang='lat' dir='ltr'>non</span> <span class='ocrx_word' id='word_1_137' title='bbox 1949 3146 2042 3200; x_wconf 86' lang='lat' dir='ltr'>esset</span> <span class='ocrx_word' id='word_1_138' title='bbox 2073 3135 2249 3200; x_wconf 91' lang='lat' dir='ltr'>distinctio</span> <span class='ocrx_word' id='word_1_139' title='bbox 2288 3135 2476 3222; x_wconf 87' lang='lat' dir='ltr'>viventium</span> 
     </span>
     <span class='ocr_line' id='line_1_16' title="bbox 1003 3250 2477 3337; baseline 0.001 -24"><span class='ocrx_word' id='word_1_140' title='bbox 1003 3251 1268 3335; x_wconf 89' lang='lat' dir='ltr'>praedictorum,</span> <span class='ocrx_word' id='word_1_141' title='bbox 1293 3251 1358 3315; x_wconf 92' lang='lat' dir='ltr'>nisi</span> <span class='ocrx_word' id='word_1_142' title='bbox 1384 3261 1478 3316; x_wconf 84' lang='lat' dir='ltr'>esset</span> <span class='ocrx_word' id='word_1_143' title='bbox 1502 3262 1611 3315; x_wconf 89' lang='lat' dir='ltr'>status</span> <span class='ocrx_word' id='word_1_144' title='bbox 1636 3251 1670 3315; x_wconf 95' lang='lat' dir='ltr'>in</span> <span class='ocrx_word' id='word_1_145' title='bbox 1697 3250 1746 3314; x_wconf 90' lang='lat' dir='ltr'>eis</span> <span class='ocrx_word' id='word_1_146' title='bbox 1771 3250 1821 3315; x_wconf 91' lang='lat' dir='ltr'>sic</span> <span class='ocrx_word' id='word_1_147' title='bbox 1846 3251 1940 3334; x_wconf 91' lang='lat' dir='ltr'>quod</span> <span class='ocrx_word' id='word_1_148' title='bbox 1965 3262 2057 3316; x_wconf 89' lang='lat' dir='ltr'>esset</span> <span class='ocrx_word' id='word_1_149' title='bbox 2075 3250 2239 3337; x_wconf 84' lang='lat' dir='ltr'>devenire</span> <span class='ocrx_word' id='word_1_150' title='bbox 2259 3252 2303 3315; x_wconf 88' lang='lat' dir='ltr'>ad</span> <span class='ocrx_word' id='word_1_151' title='bbox 2325 3252 2477 3336; x_wconf 88' lang='lat' dir='ltr'>plantam</span> 
     </span>
     <span class='ocr_line' id='line_1_17' title="bbox 1002 3365 2479 3454; baseline 0.001 -24"><span class='ocrx_word' id='word_1_152' title='bbox 1002 3367 1048 3431; x_wconf 90' lang='lat' dir='ltr'>ita</span> <span class='ocrx_word' id='word_1_153' title='bbox 1065 3366 1098 3430; x_wconf 94' lang='lat' dir='ltr'>in</span> <span class='ocrx_word' id='word_1_154' title='bbox 1124 3390 1259 3431; x_wconf 89' lang='lat' dir='ltr'>suunno</span> <span class='ocrx_word' id='word_1_155' title='bbox 1284 3367 1337 3431; x_wconf 87' lang='lat' dir='ltr'>sui</span> <span class='ocrx_word' id='word_1_156' title='bbox 1362 3367 1501 3454; x_wconf 87' lang='lat' dir='ltr'>generis</span> <span class='ocrx_word' id='word_1_157' title='bbox 1525 3366 1715 3453; x_wconf 91' lang='lat' dir='ltr'>perfectam</span> <span class='ocrx_word' id='word_1_158' title='bbox 1741 3377 1774 3432; x_wconf 93' lang='lat' dir='ltr'>et</span> <span class='ocrx_word' id='word_1_159' title='bbox 1798 3366 1918 3453; x_wconf 90' lang='lat' dir='ltr'>generi</span> <span class='ocrx_word' id='word_1_160' title='bbox 1944 3365 2101 3431; x_wconf 89' lang='lat' dir='ltr'>animalis</span> <span class='ocrx_word' id='word_1_161' title='bbox 2126 3366 2358 3452; x_wconf 87' lang='lat' dir='ltr'>propinquam</span> <span class='ocrx_word' id='word_1_162' title='bbox 2384 3369 2479 3451; x_wconf 91' lang='lat' dir='ltr'>quod</span> 
     </span>
     <span class='ocr_line' id='line_1_18' title="bbox 1005 3482 2478 3568; baseline 0.001 -22"><span class='ocrx_word' id='word_1_163' title='bbox 1005 3504 1077 3547; x_wconf 92' lang='lat' dir='ltr'>non</span> <span class='ocrx_word' id='word_1_164' title='bbox 1102 3495 1223 3568; x_wconf 86' lang='lat' dir='ltr'>posset</span> <span class='ocrx_word' id='word_1_165' title='bbox 1238 3483 1310 3547; x_wconf 90' lang='lat' dir='ltr'>fieri</span> <span class='ocrx_word' id='word_1_166' title='bbox 1328 3506 1394 3547; x_wconf 87' lang='lat' dir='ltr'>una</span> <span class='ocrx_word' id='word_1_167' title='bbox 1415 3482 1600 3568; x_wconf 83' lang='lat' dir='ltr'>perfectior</span> <span class='ocrx_word' id='word_1_168' title='bbox 1617 3482 1699 3566; x_wconf 92' lang='lat' dir='ltr'>quin</span> <span class='ocrx_word' id='word_1_169' title='bbox 1719 3495 1813 3548; x_wconf 88' lang='lat' dir='ltr'>esset</span> <span class='ocrx_word' id='word_1_170' title='bbox 1829 3482 1965 3562; x_wconf 89' lang='lat' dir='ltr'>animal,</span> <span class='ocrx_word' id='word_1_171' title='bbox 1985 3482 2088 3546; x_wconf 88' lang='lat' dir='ltr'>—ita</span> <span class='ocrx_word' id='word_1_172' title='bbox 2113 3482 2214 3547; x_wconf 90' lang='lat' dir='ltr'>etiam</span> <span class='ocrx_word' id='word_1_173' title='bbox 2240 3483 2478 3548; x_wconf 88' lang='lat' dir='ltr'>inhierarchiis</span> 
     </span>
     <span class='ocr_line' id='line_1_19' title="bbox 1003 3597 2479 3685; baseline 0.001 -23"><span class='ocrx_word' id='word_1_174' title='bbox 1003 3611 1056 3663; x_wconf 89' lang='lat' dir='ltr'>est</span> <span class='ocrx_word' id='word_1_175' title='bbox 1094 3620 1225 3683; x_wconf 90' lang='lat' dir='ltr'>ponere</span> <span class='ocrx_word' id='word_1_176' title='bbox 1265 3599 1299 3662; x_wconf 88' lang='lat' dir='ltr'>in</span> <span class='ocrx_word' id='word_1_177' title='bbox 1339 3599 1455 3663; x_wconf 91' lang='lat' dir='ltr'>infima</span> <span class='ocrx_word' id='word_1_178' title='bbox 1494 3598 1687 3664; x_wconf 90' lang='lat' dir='ltr'>hierarchia</span> <span class='ocrx_word' id='word_1_179' title='bbox 1725 3598 1888 3685; x_wconf 89' lang='lat' dir='ltr'>angelum</span> <span class='ocrx_word' id='word_1_180' title='bbox 1925 3597 1971 3661; x_wconf 92' lang='lat' dir='ltr'>ita</span> <span class='ocrx_word' id='word_1_181' title='bbox 2011 3598 2201 3682; x_wconf 92' lang='lat' dir='ltr'>perfectum</span> <span class='ocrx_word' id='word_1_182' title='bbox 2236 3610 2269 3664; x_wconf 90' lang='lat' dir='ltr'>et</span> <span class='ocrx_word' id='word_1_183' title='bbox 2301 3600 2479 3665; x_wconf 91' lang='lat' dir='ltr'>secundae</span> 
     </span>
     <span class='ocr_line' id='line_1_20' title="bbox 1004 3713 2480 3799; baseline 0.001 -21"><span class='ocrx_word' id='word_1_184' title='bbox 1004 3714 1219 3779; x_wconf 88' lang='lat' dir='ltr'>hierarchiae</span> <span class='ocrx_word' id='word_1_185' title='bbox 1247 3714 1293 3778; x_wconf 87' lang='lat' dir='ltr'>ita</span> <span class='ocrx_word' id='word_1_186' title='bbox 1318 3714 1562 3799; x_wconf 91' lang='lat' dir='ltr'>propinquum,</span> <span class='ocrx_word' id='word_1_187' title='bbox 1588 3715 1683 3798; x_wconf 90' lang='lat' dir='ltr'>quod</span> <span class='ocrx_word' id='word_1_188' title='bbox 1711 3735 1783 3778; x_wconf 93' lang='lat' dir='ltr'>non</span> <span class='ocrx_word' id='word_1_189' title='bbox 1812 3724 1932 3798; x_wconf 92' lang='lat' dir='ltr'>posset</span> <span class='ocrx_word' id='word_1_190' title='bbox 1962 3713 2034 3778; x_wconf 86' lang='lat' dir='ltr'>fieri</span> <span class='ocrx_word' id='word_1_191' title='bbox 2063 3714 2251 3798; x_wconf 88' lang='lat' dir='ltr'>perfectior</span> <span class='ocrx_word' id='word_1_192' title='bbox 2279 3714 2360 3799; x_wconf 91' lang='lat' dir='ltr'>quin</span> <span class='ocrx_word' id='word_1_193' title='bbox 2387 3725 2480 3780; x_wconf 89' lang='lat' dir='ltr'>esset</span> 
     </span>
     <span class='ocr_line' id='line_1_21' title="bbox 1003 3829 2481 3913; baseline 0.001 -20"><span class='ocrx_word' id='word_1_194' title='bbox 1003 3831 1047 3894; x_wconf 89' lang='lat' dir='ltr'>de</span> <span class='ocrx_word' id='word_1_195' title='bbox 1074 3829 1267 3895; x_wconf 89' lang='lat' dir='ltr'>hierarchia</span> <span class='ocrx_word' id='word_1_196' title='bbox 1298 3830 1420 3908; x_wconf 90' lang='lat' dir='ltr'>media,</span> <span class='ocrx_word' id='word_1_197' title='bbox 1454 3843 1488 3895; x_wconf 92' lang='lat' dir='ltr'>et</span> <span class='ocrx_word' id='word_1_198' title='bbox 1517 3830 1563 3895; x_wconf 90' lang='lat' dir='ltr'>ita</span> <span class='ocrx_word' id='word_1_199' title='bbox 1588 3831 1632 3894; x_wconf 89' lang='lat' dir='ltr'>de</span> <span class='ocrx_word' id='word_1_200' title='bbox 1657 3829 1772 3893; x_wconf 90' lang='lat' dir='ltr'>medio</span> <span class='ocrx_word' id='word_1_201' title='bbox 1798 3843 1959 3913; x_wconf 89' lang='lat' dir='ltr'>respectu</span> <span class='ocrx_word' id='word_1_202' title='bbox 1985 3829 2115 3909; x_wconf 89' lang='lat' dir='ltr'>tertiae,</span> <span class='ocrx_word' id='word_1_203' title='bbox 2141 3842 2173 3894; x_wconf 87' lang='lat' dir='ltr'>et</span> <span class='ocrx_word' id='word_1_204' title='bbox 2202 3830 2236 3894; x_wconf 92' lang='lat' dir='ltr'>in</span> <span class='ocrx_word' id='word_1_205' title='bbox 2262 3830 2361 3895; x_wconf 89' lang='lat' dir='ltr'>tertio</span> <span class='ocrx_word' id='word_1_206' title='bbox 2386 3841 2481 3895; x_wconf 91' lang='lat' dir='ltr'>esset</span> 
     </span>
     <span class='ocr_line' id='line_1_22' title="bbox 1002 3945 2212 4032; baseline -0.001 -22"><span class='ocrx_word' id='word_1_207' title='bbox 1002 3966 1135 4032; x_wconf 91' lang='lat' dir='ltr'>ponere</span> <span class='ocrx_word' id='word_1_208' title='bbox 1160 3968 1331 4010; x_wconf 92' lang='lat' dir='ltr'>summum</span> <span class='ocrx_word' id='word_1_209' title='bbox 1356 3969 1425 4030; x_wconf 91' lang='lat' dir='ltr'>quo</span> <span class='ocrx_word' id='word_1_210' title='bbox 1451 3945 1608 4031; x_wconf 89' lang='lat' dir='ltr'>superior</span> <span class='ocrx_word' id='word_1_211' title='bbox 1633 3945 1826 4009; x_wconf 90' lang='lat' dir='ltr'>institueret</span> <span class='ocrx_word' id='word_1_212' title='bbox 1850 3945 1950 4008; x_wconf 93' lang='lat' dir='ltr'>aliam</span> <span class='ocrx_word' id='word_1_213' title='bbox 1975 3945 2212 4011; x_wconf 87' lang='lat' dir='ltr'>hierarchiam.</span> 
     </span>
    </p>

    <p class='ocr_par' dir='ltr' id='par_1_4' title="bbox 1004 4061 2482 4823">
     <span class='ocr_line' id='line_1_23' title="bbox 1093 4061 2481 4149; baseline 0.001 -23"><span class='ocrx_word' id='word_1_214' title='bbox 1093 4063 1171 4127; x_wconf 93' lang='lat' dir='ltr'>Hoc</span> <span class='ocrx_word' id='word_1_215' title='bbox 1195 4083 1280 4148; x_wconf 84' lang='lat' dir='ltr'>ergo</span> <span class='ocrx_word' id='word_1_216' title='bbox 1305 4062 1440 4126; x_wconf 88' lang='lat' dir='ltr'>videtur</span> <span class='ocrx_word' id='word_1_217' title='bbox 1467 4061 1654 4144; x_wconf 86' lang='lat' dir='ltr'>dicendum</span> <span class='ocrx_word' id='word_1_218' title='bbox 1684 4061 1779 4144; x_wconf 92' lang='lat' dir='ltr'>quod</span> <span class='ocrx_word' id='word_1_219' title='bbox 1808 4061 2071 4145; x_wconf 89' lang='lat' dir='ltr'>qualiscumque</span> <span class='ocrx_word' id='word_1_220' title='bbox 2103 4061 2147 4126; x_wconf 91' lang='lat' dir='ltr'>sit</span> <span class='ocrx_word' id='word_1_221' title='bbox 2174 4061 2350 4128; x_wconf 89' lang='lat' dir='ltr'>distinctio</span> <span class='ocrx_word' id='word_1_222' title='bbox 2374 4085 2481 4149; x_wconf 90' lang='lat' dir='ltr'>ange·</span> 
     </span>
     <span class='ocr_line' id='line_1_24' title="bbox 1004 4176 2481 4263; baseline 0.002 -21"><span class='ocrx_word' id='word_1_223' title='bbox 1004 4180 1115 4260; x_wconf 92' lang='lat' dir='ltr'>lorum</span> <span class='ocrx_word' id='word_1_224' title='bbox 1141 4178 1229 4243; x_wconf 89' lang='lat' dir='ltr'>inter</span> <span class='ocrx_word' id='word_1_225' title='bbox 1252 4201 1291 4243; x_wconf 90' lang='lat' dir='ltr'>se</span> <span class='ocrx_word' id='word_1_226' title='bbox 1316 4177 1406 4242; x_wconf 91' lang='lat' dir='ltr'>etin</span> <span class='ocrx_word' id='word_1_227' title='bbox 1432 4176 1504 4242; x_wconf 92' lang='lat' dir='ltr'>suis</span> <span class='ocrx_word' id='word_1_228' title='bbox 1530 4176 1711 4242; x_wconf 88' lang='lat' dir='ltr'>ordinibus</span> <span class='ocrx_word' id='word_1_229' title='bbox 1736 4188 1769 4242; x_wconf 90' lang='lat' dir='ltr'>et</span> <span class='ocrx_word' id='word_1_230' title='bbox 1793 4176 2006 4255; x_wconf 61' lang='lat' dir='ltr'>hierarchiis</span> <span class='ocrx_word' id='word_1_231' title='bbox 2032 4177 2060 4241; x_wconf 91' lang='lat' dir='ltr'>si</span> <span class='ocrx_word' id='word_1_232' title='bbox 2092 4190 2280 4263; x_wconf 90' lang='lat' dir='ltr'>poneretur</span> <span class='ocrx_word' id='word_1_233' title='bbox 2304 4179 2481 4245; x_wconf 88' lang='lat' dir='ltr'>distinctio</span> 
     </span>
     <span class='ocr_line' id='line_1_25' title="bbox 1005 4292 2480 4379; baseline 0.003 -24"><span class='ocrx_word' id='word_1_234' title='bbox 1005 4295 1200 4359; x_wconf 89' lang='lat' dir='ltr'>secundum</span> <span class='ocrx_word' id='word_1_235' title='bbox 1234 4294 1401 4358; x_wconf 88' lang='lat' dir='ltr'>naturalia</span> <span class='ocrx_word' id='word_1_236' title='bbox 1437 4293 1601 4378; x_wconf 90' lang='lat' dir='ltr'>specifice</span> <span class='ocrx_word' id='word_1_237' title='bbox 1634 4292 1838 4373; x_wconf 87' lang='lat' dir='ltr'>differentia,</span> <span class='ocrx_word' id='word_1_238' title='bbox 1878 4303 1912 4358; x_wconf 87' lang='lat' dir='ltr'>et</span> <span class='ocrx_word' id='word_1_239' title='bbox 1944 4305 2037 4358; x_wconf 90' lang='lat' dir='ltr'>esset</span> <span class='ocrx_word' id='word_1_240' title='bbox 2076 4293 2110 4357; x_wconf 90' lang='lat' dir='ltr'>in</span> <span class='ocrx_word' id='word_1_241' title='bbox 2143 4293 2192 4359; x_wconf 90' lang='lat' dir='ltr'>eis</span> <span class='ocrx_word' id='word_1_242' title='bbox 2225 4315 2414 4379; x_wconf 86' lang='lat' dir='ltr'>processus</span> <span class='ocrx_word' id='word_1_243' title='bbox 2446 4294 2480 4360; x_wconf 95' lang='lat' dir='ltr'>in</span> 
     </span>
     <span class='ocr_line' id='line_1_26' title="bbox 1006 4408 2481 4495; baseline 0.003 -23"><span class='ocrx_word' id='word_1_244' title='bbox 1006 4409 1187 4490; x_wconf 88' lang='lat' dir='ltr'>infinitum,</span> <span class='ocrx_word' id='word_1_245' title='bbox 1218 4432 1289 4474; x_wconf 93' lang='lat' dir='ltr'>non</span> <span class='ocrx_word' id='word_1_246' title='bbox 1323 4420 1468 4495; x_wconf 89' lang='lat' dir='ltr'>possent</span> <span class='ocrx_word' id='word_1_247' title='bbox 1500 4409 1582 4494; x_wconf 93' lang='lat' dir='ltr'>poni</span> <span class='ocrx_word' id='word_1_248' title='bbox 1613 4408 1828 4473; x_wconf 88' lang='lat' dir='ltr'>hierarchiae</span> <span class='ocrx_word' id='word_1_249' title='bbox 1863 4410 2120 4474; x_wconf 88' lang='lat' dir='ltr'>determinatae.</span> <span class='ocrx_word' id='word_1_250' title='bbox 2153 4410 2189 4476; x_wconf 88' lang='lat' dir='ltr'>Si</span> <span class='ocrx_word' id='word_1_251' title='bbox 2221 4422 2336 4476; x_wconf 87' lang='lat' dir='ltr'>autem</span> <span class='ocrx_word' id='word_1_252' title='bbox 2368 4411 2481 4476; x_wconf 91' lang='lat' dir='ltr'>solum</span> 
     </span>
     <span class='ocr_line' id='line_1_27' title="bbox 1005 4524 2482 4612; baseline 0.002 -23"><span class='ocrx_word' id='word_1_253' title='bbox 1005 4527 1199 4590; x_wconf 86' lang='lat' dir='ltr'>secundum</span> <span class='ocrx_word' id='word_1_254' title='bbox 1218 4525 1377 4612; x_wconf 89' lang='lat' dir='ltr'>gratuita,</span> <span class='ocrx_word' id='word_1_255' title='bbox 1402 4537 1531 4611; x_wconf 89' lang='lat' dir='ltr'>posset,</span> <span class='ocrx_word' id='word_1_256' title='bbox 1549 4524 1630 4609; x_wconf 90' lang='lat' dir='ltr'>quia</span> <span class='ocrx_word' id='word_1_257' title='bbox 1655 4535 1791 4590; x_wconf 90' lang='lat' dir='ltr'>constat</span> <span class='ocrx_word' id='word_1_258' title='bbox 1809 4525 1903 4609; x_wconf 89' lang='lat' dir='ltr'>quod</span> <span class='ocrx_word' id='word_1_259' title='bbox 1927 4524 2087 4590; x_wconf 90' lang='lat' dir='ltr'>homines</span> <span class='ocrx_word' id='word_1_260' title='bbox 2105 4526 2149 4589; x_wconf 92' lang='lat' dir='ltr'>ad</span> <span class='ocrx_word' id='word_1_261' title='bbox 2166 4525 2324 4592; x_wconf 89' lang='lat' dir='ltr'>diversos</span> <span class='ocrx_word' id='word_1_262' title='bbox 2341 4527 2482 4592; x_wconf 89' lang='lat' dir='ltr'>ordines</span> 
     </span>
     <span class='ocr_line' id='line_1_28' title="bbox 1006 4640 2482 4728; baseline 0.001 -22"><span class='ocrx_word' id='word_1_263' title='bbox 1006 4652 1040 4706; x_wconf 87' lang='lat' dir='ltr'>et</span> <span class='ocrx_word' id='word_1_264' title='bbox 1065 4641 1277 4706; x_wconf 88' lang='lat' dir='ltr'>hierarchias</span> <span class='ocrx_word' id='word_1_265' title='bbox 1302 4653 1542 4721; x_wconf 83' lang='lat' dir='ltr'>assumentur3</span> <span class='ocrx_word' id='word_1_266' title='bbox 1568 4652 1649 4706; x_wconf 90' lang='lat' dir='ltr'>sunt</span> <span class='ocrx_word' id='word_1_267' title='bbox 1680 4651 1794 4704; x_wconf 90' lang='lat' dir='ltr'>tamen</span> <span class='ocrx_word' id='word_1_268' title='bbox 1821 4661 1942 4705; x_wconf 90' lang='lat' dir='ltr'>omnes</span> <span class='ocrx_word' id='word_1_269' title='bbox 1975 4640 2134 4706; x_wconf 89' lang='lat' dir='ltr'>homines</span> <span class='ocrx_word' id='word_1_270' title='bbox 2159 4641 2315 4706; x_wconf 89' lang='lat' dir='ltr'>eiusdem</span> <span class='ocrx_word' id='word_1_271' title='bbox 2350 4642 2482 4728; x_wconf 91' lang='lat' dir='ltr'>speciei</span> 
     </span>
     <span class='ocr_line' id='line_1_29' title="bbox 1008 4757 1604 4823; baseline 0 -2"><span class='ocrx_word' id='word_1_272' title='bbox 1008 4758 1203 4822; x_wconf 89' lang='lat' dir='ltr'>secundum</span> <span class='ocrx_word' id='word_1_273' title='bbox 1228 4757 1396 4822; x_wconf 86' lang='lat' dir='ltr'>naturalia</span> <span class='ocrx_word' id='word_1_274' title='bbox 1421 4770 1455 4822; x_wconf 88' lang='lat' dir='ltr'>et</span> <span class='ocrx_word' id='word_1_275' title='bbox 1479 4769 1604 4823; x_wconf 88' lang='lat' dir='ltr'>cetera.</span> 
     </span>
    </p>
   </div>
   <div class='ocr_carea' id='block_1_3' title="bbox 1559 5114 1939 5351">
    <p class='ocr_par' dir='ltr' id='par_1_5' title="bbox 1559 5114 1939 5351">
     <span class='ocr_line' id='line_1_30' title="bbox 1559 5114 1939 5197; baseline 0 -18"><span class='ocrx_word' id='word_1_276' title='bbox 1559 5114 1869 5197; x_wconf 75' lang='lat' dir='ltr'>ounssrro</span> <span class='ocrx_word' id='word_1_277' title='bbox 1908 5115 1939 5179; x_wconf 89' lang='lat' dir='ltr'>v</span> 
     </span>
     <span class='ocr_line' id='line_1_31' title="bbox 1654 5281 1837 5351; baseline -0.011 -11"><span class='ocrx_word' id='word_1_278' title='bbox 1654 5281 1837 5351; x_wconf 79' lang='lat' dir='ltr'>(LONGA).</span> 
     </span>
    </p>
   </div>
   <div class='ocr_carea' id='block_1_4' title="bbox 1084 5465 2415 5567">
    <p class='ocr_par' dir='ltr' id='par_1_6' title="bbox 1084 5465 2415 5567">
     <span class='ocr_line' id='line_1_32' title="bbox 1084 5465 2415 5567; baseline -0.001 -24"><span class='ocrx_word' id='word_1_279' title='bbox 1084 5469 1227 5544; x_wconf 78' lang='lat' dir='ltr'>Utrum</span> <span class='ocrx_word' id='word_1_280' title='bbox 1256 5465 1420 5567; x_wconf 81' lang='lat' dir='ltr'>aliquod</span> <span class='ocrx_word' id='word_1_281' title='bbox 1448 5473 1596 5565; x_wconf 82' lang='lat' dir='ltr'>corpus</span> <span class='ocrx_word' id='word_1_282' title='bbox 1617 5466 1749 5565; x_wconf 82' lang='lat' dir='ltr'>possit</span> <span class='ocrx_word' id='word_1_283' title='bbox 1775 5465 1898 5541; x_wconf 79' lang='lat' dir='ltr'>simul</span> <span class='ocrx_word' id='word_1_284' title='bbox 1926 5493 2009 5542; x_wconf 82' lang='lat' dir='ltr'>esso</span> <span class='ocrx_word' id='word_1_285' title='bbox 2036 5466 2080 5541; x_wconf 81' lang='lat' dir='ltr'>in</span> <span class='ocrx_word' id='word_1_286' title='bbox 2109 5468 2280 5543; x_wconf 82' lang='lat' dir='ltr'>divorsis</span> <span class='ocrx_word' id='word_1_287' title='bbox 2306 5467 2415 5544; x_wconf 86' lang='lat' dir='ltr'>locis.</span> 
     </span>
    </p>
   </div>
   <div class='ocr_carea' id='block_1_5' title="bbox 1009 5705 2486 6154">
    <p class='ocr_par' dir='ltr' id='par_1_7' title="bbox 1009 5705 2486 6154">
     <span class='ocr_line' id='line_1_33' title="bbox 1098 5705 2485 5792; baseline 0.001 -22"><span class='ocrx_word' id='word_1_288' title='bbox 1098 5705 1201 5770; x_wconf 89' lang='lat' dir='ltr'>Circa</span> <span class='ocrx_word' id='word_1_289' title='bbox 1236 5716 1393 5769; x_wconf 87' lang='lat' dir='ltr'>naturam</span> <span class='ocrx_word' id='word_1_290' title='bbox 1431 5726 1516 5789; x_wconf 92' lang='lat' dir='ltr'>pure</span> <span class='ocrx_word' id='word_1_291' title='bbox 1554 5705 1771 5790; x_wconf 89' lang='lat' dir='ltr'>corporalem</span> <span class='ocrx_word' id='word_1_292' title='bbox 1809 5708 2041 5789; x_wconf 88' lang='lat' dir='ltr'>quaerebatur</span> <span class='ocrx_word' id='word_1_293' title='bbox 2079 5729 2186 5771; x_wconf 92' lang='lat' dir='ltr'>unum</span> <span class='ocrx_word' id='word_1_294' title='bbox 2222 5707 2400 5792; x_wconf 87' lang='lat' dir='ltr'>pertinens</span> <span class='ocrx_word' id='word_1_295' title='bbox 2440 5709 2485 5772; x_wconf 90' lang='lat' dir='ltr'>ad</span> 
     </span>
     <span class='ocr_line' id='line_1_34' title="bbox 1009 5820 2486 5909; baseline 0.002 -24"><span class='ocrx_word' id='word_1_296' title='bbox 1009 5822 1256 5906; x_wconf 87' lang='lat' dir='ltr'>quodcumque</span> <span class='ocrx_word' id='word_1_297' title='bbox 1289 5842 1418 5906; x_wconf 89' lang='lat' dir='ltr'>corpus</span> <span class='ocrx_word' id='word_1_298' title='bbox 1457 5821 1675 5907; x_wconf 87' lang='lat' dir='ltr'>generaliter,</span> <span class='ocrx_word' id='word_1_299' title='bbox 1712 5820 1845 5886; x_wconf 87' lang='lat' dir='ltr'>scilicet</span> <span class='ocrx_word' id='word_1_300' title='bbox 1880 5835 1993 5886; x_wconf 90' lang='lat' dir='ltr'>utrum</span> <span class='ocrx_word' id='word_1_301' title='bbox 2033 5823 2173 5906; x_wconf 87' lang='lat' dir='ltr'>aliquod</span> <span class='ocrx_word' id='word_1_302' title='bbox 2209 5844 2338 5908; x_wconf 86' lang='lat' dir='ltr'>corpus</span> <span class='ocrx_word' id='word_1_303' title='bbox 2374 5823 2486 5909; x_wconf 89' lang='lat' dir='ltr'>possit</span> 
     </span>
     <span class='ocr_line' id='line_1_35' title="bbox 1009 5935 2484 6024; baseline 0.002 -22"><span class='ocrx_word' id='word_1_304' title='bbox 1009 5937 1108 6002; x_wconf 89' lang='lat' dir='ltr'>simul</span> <span class='ocrx_word' id='word_1_305' title='bbox 1133 5958 1212 6002; x_wconf 91' lang='lat' dir='ltr'>esse</span> <span class='ocrx_word' id='word_1_306' title='bbox 1236 5936 1270 6001; x_wconf 91' lang='lat' dir='ltr'>in</span> <span class='ocrx_word' id='word_1_307' title='bbox 1296 5936 1440 6002; x_wconf 89' lang='lat' dir='ltr'>diversis</span> <span class='ocrx_word' id='word_1_308' title='bbox 1464 5935 1550 6002; x_wconf 90' lang='lat' dir='ltr'>locis</span> <span class='ocrx_word' id='word_1_309' title='bbox 1575 5937 1740 6015; x_wconf 88' lang='lat' dir='ltr'>localiter,</span> <span class='ocrx_word' id='word_1_310' title='bbox 1765 5936 1927 6004; x_wconf 88' lang='lat' dir='ltr'>videlicet</span> <span class='ocrx_word' id='word_1_311' title='bbox 1951 5940 2084 6023; x_wconf 89' lang='lat' dir='ltr'>absque</span> <span class='ocrx_word' id='word_1_312' title='bbox 2110 5959 2153 6003; x_wconf 91' lang='lat' dir='ltr'>eo</span> <span class='ocrx_word' id='word_1_313' title='bbox 2178 5940 2272 6023; x_wconf 89' lang='lat' dir='ltr'>quod</span> <span class='ocrx_word' id='word_1_314' title='bbox 2296 5939 2425 6024; x_wconf 88' lang='lat' dir='ltr'>aliquid</span> <span class='ocrx_word' id='word_1_315' title='bbox 2450 5939 2484 6005; x_wconf 90' lang='lat' dir='ltr'>in</span> 
     </span>
     <span class='ocr_line' id='line_1_36' title="bbox 1010 6052 2485 6154; baseline 0.001 -36"><span class='ocrx_word' id='word_1_316' title='bbox 1010 6053 1154 6123; x_wconf 91' lang='lat' dir='ltr'>diversis</span> <span class='ocrx_word' id='word_1_317' title='bbox 1170 6052 1256 6118; x_wconf 92' lang='lat' dir='ltr'>locis</span> <span class='ocrx_word' id='word_1_318' title='bbox 1280 6052 1519 6144; x_wconf 87' lang='lat' dir='ltr'>praeexistens</span> <span class='ocrx_word' id='word_1_319' title='bbox 1536 6062 1759 6126; x_wconf 89' lang='lat' dir='ltr'>convertatur</span> <span class='ocrx_word' id='word_1_320' title='bbox 1775 6052 1810 6117; x_wconf 93' lang='lat' dir='ltr'>in</span> <span class='ocrx_word' id='word_1_321' title='bbox 1828 6052 1952 6143; x_wconf 89' lang='lat' dir='ltr'>ipsum,</span> <span class='ocrx_word' id='word_1_322' title='bbox 1978 6053 2067 6119; x_wconf 91' lang='lat' dir='ltr'>sicut</span> <span class='ocrx_word' id='word_1_323' title='bbox 2091 6054 2263 6144; x_wconf 89' lang='lat' dir='ltr'>contingit</span> <span class='ocrx_word' id='word_1_324' title='bbox 2287 6055 2321 6120; x_wconf 93' lang='lat' dir='ltr'>in</span> <span class='ocrx_word' id='word_1_325' title='bbox 2339 6076 2485 6154; x_wconf 81' lang='lat' dir='ltr'>corpore</span> 
     </span>
    </p>
   </div>
   <div class='ocr_carea' id='block_1_6' title="bbox 0 0 3374 7988">
    <p class='ocr_par' dir='ltr' id='par_1_8' title="bbox 0 0 3374 7988">
     <span class='ocr_line' id='line_1_37' title="bbox 0 0 3374 7988; baseline 0 0"><span class='ocrx_word' id='word_1_326' title='bbox 0 0 3374 7988; x_wconf 95' lang='lat' dir='ltr'> </span> 
     </span>
    </p>
   </div>
  </div>
 </body>
</html>
