<?xml version="1.0" encoding="UTF-8"?>
<!DOCTYPE html PUBLIC "-//W3C//DTD XHTML 1.0 Transitional//EN"
    "http://www.w3.org/TR/xhtml1/DTD/xhtml1-transitional.dtd">
<html xmlns="http://www.w3.org/1999/xhtml" xml:lang="en" lang="en">
 <head>
  <title>
</title>
<meta http-equiv="Content-Type" content="text/html;charset=utf-8" />
  <meta name='ocr-system' content='tesseract 3.04.00' />
  <meta name='ocr-capabilities' content='ocr_page ocr_carea ocr_par ocr_line ocrx_word'/>
</head>
<body>
  <div class='ocr_page' id='page_1' title='image "./lesquatrepremie00wulfgoog_0136.png"; bbox 0 0 6700 7992; ppageno 0'>
   <div class='ocr_carea' id='block_1_1' title="bbox 847 2035 1011 2161">
    <p class='ocr_par' dir='ltr' id='par_1_1' title="bbox 847 2035 1011 2161">
     <span class='ocr_line' id='line_1_1' title="bbox 877 2035 980 2089; baseline -0.01 0"><span class='ocrx_word' id='word_1_1' title='bbox 877 2035 943 2089; x_wconf 85' lang='lat' dir='ltr'>cod.</span> <span class='ocrx_word' id='word_1_2' title='bbox 954 2036 980 2088; x_wconf 98' lang='lat' dir='ltr'>V</span> 
     </span>
     <span class='ocr_line' id='line_1_2' title="bbox 847 2106 1011 2161; baseline 0.006 -1"><span class='ocrx_word' id='word_1_3' title='bbox 847 2106 896 2160; x_wconf 77' lang='lat' dir='ltr'>fot.</span> <span class='ocrx_word' id='word_1_4' title='bbox 907 2110 959 2161; x_wconf 67' lang='lat'>‘255</span> <span class='ocrx_word' id='word_1_5' title='bbox 972 2108 1011 2161; x_wconf 83' lang='lat' dir='ltr'>va</span> 
     </span>
    </p>
   </div>
   <div class='ocr_carea' id='block_1_2' title="bbox 1038 1420 2149 1477">
    <p class='ocr_par' dir='ltr' id='par_1_2' title="bbox 1038 1420 2149 1477">
     <span class='ocr_line' id='line_1_3' title="bbox 1038 1420 2149 1477; baseline 0.001 -3"><span class='ocrx_word' id='word_1_6' title='bbox 1038 1425 1089 1475; x_wconf 84' lang='grc'>112</span> <span class='ocrx_word' id='word_1_7' title='bbox 1401 1421 1593 1476; x_wconf 78' lang='lat' dir='ltr'>MAGISTRI</span> <span class='ocrx_word' id='word_1_8' title='bbox 1622 1421 1842 1477; x_wconf 88' lang='lat' dir='ltr'>GODEFRIDI</span> <span class='ocrx_word' id='word_1_9' title='bbox 1871 1421 1922 1475; x_wconf 90' lang='lat' dir='ltr'>DE</span> <span class='ocrx_word' id='word_1_10' title='bbox 1951 1420 2149 1477; x_wconf 78' lang='lat' dir='ltr'>FONTlBUS</span> 
     </span>
    </p>
   </div>
   <div class='ocr_carea' id='block_1_3' title="bbox 1030 1601 2515 5270">
    <p class='ocr_par' dir='ltr' id='par_1_3' title="bbox 1030 1601 2515 5270">
     <span class='ocr_line' id='line_1_4' title="bbox 1125 1601 2513 1687; baseline 0.001 -21"><span class='ocrx_word' id='word_1_11' title='bbox 1125 1602 1178 1666; x_wconf 88' lang='lat' dir='ltr'>Ill.</span> <span class='ocrx_word' id='word_1_12' title='bbox 1204 1601 1342 1667; x_wconf 88' lang='lat' dir='ltr'>Tertius</span> <span class='ocrx_word' id='word_1_13' title='bbox 1367 1602 1492 1667; x_wconf 86' lang='lat' dir='ltr'>modus</span> <span class='ocrx_word' id='word_1_14' title='bbox 1510 1601 1665 1686; x_wconf 88' lang='lat' dir='ltr'>ponendi</span> <span class='ocrx_word' id='word_1_15' title='bbox 1690 1602 1920 1687; x_wconf 83' lang='lat' dir='ltr'>pluralitatem</span> <span class='ocrx_word' id='word_1_16' title='bbox 1945 1602 2132 1666; x_wconf 87' lang='lat' dir='ltr'>formarum</span> <span class='ocrx_word' id='word_1_17' title='bbox 2157 1601 2354 1686; x_wconf 84' lang='lat' dir='ltr'>specialiter</span> <span class='ocrx_word' id='word_1_18' title='bbox 2377 1601 2412 1666; x_wconf 90' lang='lat' dir='ltr'>in</span> <span class='ocrx_word' id='word_1_19' title='bbox 2437 1602 2513 1667; x_wconf 87' lang='lat' dir='ltr'>solo</span> 
     </span>
     <span class='ocr_line' id='line_1_5' title="bbox 1035 1716 2515 1805; baseline 0 -23"><span class='ocrx_word' id='word_1_20' title='bbox 1035 1716 1176 1783; x_wconf 91' lang='lat' dir='ltr'>homine</span> <span class='ocrx_word' id='word_1_21' title='bbox 1211 1730 1355 1803; x_wconf 92' lang='lat' dir='ltr'>propter</span> <span class='ocrx_word' id='word_1_22' title='bbox 1389 1717 1619 1803; x_wconf 81' lang='lat' dir='ltr'>pluralitatem</span> <span class='ocrx_word' id='word_1_23' title='bbox 1656 1718 1834 1805; x_wconf 82' lang='lat' dir='ltr'>agentium</span> <span class='ocrx_word' id='word_1_24' title='bbox 1871 1729 1924 1782; x_wconf 85' lang='lat' dir='ltr'>est</span> <span class='ocrx_word' id='word_1_25' title='bbox 1960 1717 2046 1796; x_wconf 80' lang='lat' dir='ltr'>talis,</span> <span class='ocrx_word' id='word_1_26' title='bbox 2079 1718 2174 1801; x_wconf 92' lang='lat' dir='ltr'>quod</span> <span class='ocrx_word' id='word_1_27' title='bbox 2206 1717 2288 1802; x_wconf 91' lang='lat' dir='ltr'>quia</span> <span class='ocrx_word' id='word_1_28' title='bbox 2323 1719 2429 1783; x_wconf 92' lang='lat' dir='ltr'>homo</span> <span class='ocrx_word' id='word_1_29' title='bbox 2462 1729 2515 1783; x_wconf 90' lang='lat' dir='ltr'>est</span> 
     </span>
     <span class='ocr_line' id='line_1_6' title="bbox 1036 1832 2514 1919; baseline 0.001 -22"><span class='ocrx_word' id='word_1_30' title='bbox 1036 1834 1212 1918; x_wconf 85' lang='lat' dir='ltr'>quoddam</span> <span class='ocrx_word' id='word_1_31' title='bbox 1241 1833 1393 1899; x_wconf 93' lang='lat' dir='ltr'>medium</span> <span class='ocrx_word' id='word_1_32' title='bbox 1421 1832 1510 1899; x_wconf 92' lang='lat' dir='ltr'>inter</span> <span class='ocrx_word' id='word_1_33' title='bbox 1539 1833 1680 1918; x_wconf 90' lang='lat' dir='ltr'>penitus</span> <span class='ocrx_word' id='word_1_34' title='bbox 1710 1833 1898 1899; x_wconf 90' lang='lat' dir='ltr'>materialia</span> <span class='ocrx_word' id='word_1_35' title='bbox 1930 1843 1964 1899; x_wconf 88' lang='lat' dir='ltr'>et</span> <span class='ocrx_word' id='word_1_36' title='bbox 1995 1832 2230 1917; x_wconf 86' lang='lat' dir='ltr'>corruptibilia</span> <span class='ocrx_word' id='word_1_37' title='bbox 2254 1844 2288 1899; x_wconf 95' lang='lat' dir='ltr'>et</span> <span class='ocrx_word' id='word_1_38' title='bbox 2313 1833 2401 1899; x_wconf 89' lang='lat' dir='ltr'>inter</span> <span class='ocrx_word' id='word_1_39' title='bbox 2428 1854 2514 1919; x_wconf 90' lang='lat' dir='ltr'>pure</span> 
     </span>
     <span class='ocr_line' id='line_1_7' title="bbox 1035 1948 2514 2035; baseline 0.001 -22"><span class='ocrx_word' id='word_1_40' title='bbox 1035 1948 1225 2035; x_wconf 86' lang='lat' dir='ltr'>spiritualia</span> <span class='ocrx_word' id='word_1_41' title='bbox 1242 1961 1276 2014; x_wconf 91' lang='lat' dir='ltr'>et</span> <span class='ocrx_word' id='word_1_42' title='bbox 1292 1948 1575 2035; x_wconf 85' lang='lat' dir='ltr'>incorruptibilia,</span> <span class='ocrx_word' id='word_1_43' title='bbox 1594 1948 1628 2013; x_wconf 92' lang='lat' dir='ltr'>in</span> <span class='ocrx_word' id='word_1_44' title='bbox 1645 1948 1723 2034; x_wconf 92' lang='lat' dir='ltr'>ipso</span> <span class='ocrx_word' id='word_1_45' title='bbox 1740 1959 1822 2014; x_wconf 89' lang='lat' dir='ltr'>sunt</span> <span class='ocrx_word' id='word_1_46' title='bbox 1839 1949 1929 2014; x_wconf 85' lang='lat' dir='ltr'>duae</span> <span class='ocrx_word' id='word_1_47' title='bbox 1953 1949 2096 2027; x_wconf 80' lang='lat' dir='ltr'>formae,</span> <span class='ocrx_word' id='word_1_48' title='bbox 2110 1948 2191 2033; x_wconf 89' lang='lat' dir='ltr'>quia</span> <span class='ocrx_word' id='word_1_49' title='bbox 2211 1948 2343 2014; x_wconf 89' lang='lat' dir='ltr'>ratione</span> <span class='ocrx_word' id='word_1_50' title='bbox 2363 1949 2371 1984; x_wconf 86' lang='lat'><strong>¹</strong></span> <span class='ocrx_word' id='word_1_51' title='bbox 2396 1948 2514 2014; x_wconf 88' lang='lat' dir='ltr'>huius·</span> 
     </span>
     <span class='ocr_line' id='line_1_8' title="bbox 1035 2064 2495 2151; baseline 0.001 -22"><span class='ocrx_word' id='word_1_52' title='bbox 1035 2064 1128 2131; x_wconf 91' lang='lat' dir='ltr'>modi</span> <span class='ocrx_word' id='word_1_53' title='bbox 1152 2086 1237 2130; x_wconf 88' lang='lat' dir='ltr'>suae</span> <span class='ocrx_word' id='word_1_54' title='bbox 1263 2076 1406 2130; x_wconf 88' lang='lat' dir='ltr'>naturae</span> <span class='ocrx_word' id='word_1_55' title='bbox 1431 2064 1566 2130; x_wconf 88' lang='lat' dir='ltr'>mediae</span> <span class='ocrx_word' id='word_1_56' title='bbox 1591 2077 1644 2130; x_wconf 91' lang='lat' dir='ltr'>est</span> <span class='ocrx_word' id='word_1_57' title='bbox 1668 2064 1751 2150; x_wconf 92' lang='lat' dir='ltr'>quid</span> <span class='ocrx_word' id='word_1_58' title='bbox 1776 2065 1983 2150; x_wconf 90' lang='lat' dir='ltr'>productum</span> <span class='ocrx_word' id='word_1_59' title='bbox 2001 2064 2035 2129; x_wconf 94' lang='lat' dir='ltr'>in</span> <span class='ocrx_word' id='word_1_60' title='bbox 2060 2086 2138 2130; x_wconf 88' lang='lat' dir='ltr'>esse</span> <span class='ocrx_word' id='word_1_61' title='bbox 2159 2086 2179 2128; x_wconf 90' lang='lat' dir='ltr'>a</span> <span class='ocrx_word' id='word_1_62' title='bbox 2201 2065 2340 2130; x_wconf 90' lang='lat' dir='ltr'>duobus</span> <span class='ocrx_word' id='word_1_63' title='bbox 2364 2086 2469 2151; x_wconf 84' lang='lat' dir='ltr'>agen·</span> <span class='ocrx_word' id='word_1_64' title='bbox 2491 2067 2495 2148; x_wconf 93' lang='grc' dir='ltr'>Ι</span> 
     </span>
     <span class='ocr_line' id='line_1_9' title="bbox 1034 2180 2513 2267; baseline -0.001 -21"><span class='ocrx_word' id='word_1_65' title='bbox 1034 2181 1136 2261; x_wconf 88' lang='lat' dir='ltr'>tibus,</span> <span class='ocrx_word' id='word_1_66' title='bbox 1173 2180 1305 2246; x_wconf 87' lang='lat' dir='ltr'>scilicet</span> <span class='ocrx_word' id='word_1_67' title='bbox 1336 2203 1356 2245; x_wconf 87' lang='lat' dir='ltr'>a</span> <span class='ocrx_word' id='word_1_68' title='bbox 1387 2181 1533 2245; x_wconf 90' lang='lat' dir='ltr'>naturali</span> <span class='ocrx_word' id='word_1_69' title='bbox 1565 2191 1599 2246; x_wconf 89' lang='lat' dir='ltr'>et</span> <span class='ocrx_word' id='word_1_70' title='bbox 1632 2203 1652 2245; x_wconf 89' lang='lat' dir='ltr'>a</span> <span class='ocrx_word' id='word_1_71' title='bbox 1688 2181 1951 2266; x_wconf 89' lang='lat' dir='ltr'>supematurali.</span> <span class='ocrx_word' id='word_1_72' title='bbox 1990 2181 2147 2245; x_wconf 84' lang='lat' dir='ltr'>Duorum</span> <span class='ocrx_word' id='word_1_73' title='bbox 2184 2192 2299 2246; x_wconf 88' lang='lat' dir='ltr'>autem</span> <span class='ocrx_word' id='word_1_74' title='bbox 2336 2180 2513 2267; x_wconf 73' lang='lat' dir='ltr'>agentium</span> 
     </span>
     <span class='ocr_line' id='line_1_10' title="bbox 1035 2296 2515 2384; baseline -0.001 -22"><span class='ocrx_word' id='word_1_75' title='bbox 1035 2318 1181 2381; x_wconf 91' lang='lat' dir='ltr'>quorum</span> <span class='ocrx_word' id='word_1_76' title='bbox 1218 2318 1326 2361; x_wconf 90' lang='lat' dir='ltr'>unum</span> <span class='ocrx_word' id='word_1_77' title='bbox 1358 2296 1430 2384; x_wconf 83' lang='lat' dir='ltr'>agit</span> <span class='ocrx_word' id='word_1_78' title='bbox 1461 2317 1502 2362; x_wconf 84' lang='lat' dir='ltr'>ex</span> <span class='ocrx_word' id='word_1_79' title='bbox 1534 2297 1811 2382; x_wconf 89' lang='lat' dir='ltr'>praesupposita·</span> <span class='ocrx_word' id='word_1_80' title='bbox 1838 2296 1980 2362; x_wconf 87' lang='lat' dir='ltr'>materia</span> <span class='ocrx_word' id='word_1_81' title='bbox 2004 2296 2025 2376; x_wconf 75' lang='lat'>²,</span> <span class='ocrx_word' id='word_1_82' title='bbox 2057 2296 2149 2361; x_wconf 87' lang='lat' dir='ltr'>aliud</span> <span class='ocrx_word' id='word_1_83' title='bbox 2174 2319 2258 2376; x_wconf 88' lang='lat' dir='ltr'>non,</span> <span class='ocrx_word' id='word_1_84' title='bbox 2283 2318 2430 2362; x_wconf 86' lang='lat' dir='ltr'>necesse</span> <span class='ocrx_word' id='word_1_85' title='bbox 2462 2309 2515 2363; x_wconf 89' lang='lat' dir='ltr'>est</span> 
     </span>
     <span class='ocr_line' id='line_1_11' title="bbox 1035 2412 2515 2501; baseline 0 -24"><span class='ocrx_word' id='word_1_86' title='bbox 1035 2412 1191 2478; x_wconf 82' lang='lat' dir='ltr'>actiones</span> <span class='ocrx_word' id='word_1_87' title='bbox 1209 2412 1386 2477; x_wconf 75' lang='lat' dir='ltr'>diversas¹</span> <span class='ocrx_word' id='word_1_88' title='bbox 1402 2434 1480 2477; x_wconf 88' lang='lat' dir='ltr'>esse</span> <span class='ocrx_word' id='word_1_89' title='bbox 1498 2423 1531 2478; x_wconf 88' lang='lat' dir='ltr'>et</span> <span class='ocrx_word' id='word_1_90' title='bbox 1549 2412 1725 2477; x_wconf 87' lang='lat' dir='ltr'>terminari</span> <span class='ocrx_word' id='word_1_91' title='bbox 1742 2413 1786 2478; x_wconf 90' lang='lat' dir='ltr'>ad</span> <span class='ocrx_word' id='word_1_92' title='bbox 1804 2413 1921 2498; x_wconf 88' lang='lat' dir='ltr'>plures</span> <span class='ocrx_word' id='word_1_93' title='bbox 1938 2413 2086 2494; x_wconf 81' lang='lat' dir='ltr'>formas(</span> <span class='ocrx_word' id='word_1_94' title='bbox 2093 2416 2131 2495; x_wconf 82' lang='lat' dir='ltr'>l).</span> <span class='ocrx_word' id='word_1_95' title='bbox 2149 2413 2193 2477; x_wconf 89' lang='lat' dir='ltr'>Et</span> <span class='ocrx_word' id='word_1_96' title='bbox 2210 2423 2263 2477; x_wconf 90' lang='lat' dir='ltr'>est</span> <span class='ocrx_word' id='word_1_97' title='bbox 2280 2413 2405 2477; x_wconf 91' lang='lat' dir='ltr'>modus</span> <span class='ocrx_word' id='word_1_98' title='bbox 2423 2412 2515 2501; x_wconf 89' lang='lat' dir='ltr'>posi·</span> 
     </span>
     <span class='ocr_line' id='line_1_12' title="bbox 1034 2519 2513 2614; baseline 0.001 -21"><span class='ocrx_word' id='word_1_99' title='bbox 1034 2528 1138 2594; x_wconf 91' lang='lat' dir='ltr'>tionis</span> <span class='ocrx_word' id='word_1_100' title='bbox 1163 2529 1268 2613; x_wconf 88' lang='lat' dir='ltr'>quod,</span> <span class='ocrx_word' id='word_1_101' title='bbox 1293 2549 1373 2594; x_wconf 92' lang='lat' dir='ltr'>cum</span> <span class='ocrx_word' id='word_1_102' title='bbox 1398 2528 1464 2593; x_wconf 91' lang='lat' dir='ltr'>iam</span> <span class='ocrx_word' id='word_1_103' title='bbox 1481 2519 1581 2594; x_wconf 58' lang='lat' dir='ltr'>&#39;sacta</span> <span class='ocrx_word' id='word_1_104' title='bbox 1605 2540 1657 2594; x_wconf 90' lang='lat' dir='ltr'>est</span> <span class='ocrx_word' id='word_1_105' title='bbox 1687 2528 1870 2613; x_wconf 84' lang='lat' dir='ltr'>dispositio</span> <span class='ocrx_word' id='word_1_106' title='bbox 1898 2550 1988 2614; x_wconf 89' lang='lat' dir='ltr'>quae</span> <span class='ocrx_word' id='word_1_107' title='bbox 2015 2542 2068 2593; x_wconf 89' lang='lat' dir='ltr'>est</span> <span class='ocrx_word' id='word_1_108' title='bbox 2096 2528 2289 2593; x_wconf 82' lang='lat' dir='ltr'>necessitas</span> <span class='ocrx_word' id='word_1_109' title='bbox 2318 2529 2353 2594; x_wconf 94' lang='lat' dir='ltr'>in</span> <span class='ocrx_word' id='word_1_110' title='bbox 2370 2528 2513 2594; x_wconf 90' lang='lat' dir='ltr'>materia</span> 
     </span>
     <span class='ocr_line' id='line_1_13' title="bbox 1035 2643 2515 2730; baseline 0.001 -22"><span class='ocrx_word' id='word_1_111' title='bbox 1035 2645 1078 2709; x_wconf 87' lang='lat' dir='ltr'>ad</span> <span class='ocrx_word' id='word_1_112' title='bbox 1104 2643 1366 2730; x_wconf 87' lang='lat' dir='ltr'>susceptionem</span> <span class='ocrx_word' id='word_1_113' title='bbox 1392 2644 1481 2708; x_wconf 90' lang='lat' dir='ltr'>illius</span> <span class='ocrx_word' id='word_1_114' title='bbox 1506 2645 1639 2709; x_wconf 86' lang='lat' dir='ltr'>formae</span> <span class='ocrx_word' id='word_1_115' title='bbox 1663 2644 1829 2709; x_wconf 87' lang='lat' dir='ltr'>naturalis</span> <span class='ocrx_word' id='word_1_116' title='bbox 1847 2665 1937 2728; x_wconf 89' lang='lat' dir='ltr'>quae</span> <span class='ocrx_word' id='word_1_117' title='bbox 1962 2645 2189 2729; x_wconf 87' lang='lat' dir='ltr'>producenda</span> <span class='ocrx_word' id='word_1_118' title='bbox 2214 2655 2267 2710; x_wconf 90' lang='grc' dir='ltr'>θεῖ</span> <span class='ocrx_word' id='word_1_119' title='bbox 2290 2645 2334 2710; x_wconf 93' lang='lat' dir='ltr'>de</span> <span class='ocrx_word' id='word_1_120' title='bbox 2358 2644 2515 2729; x_wconf 87' lang='lat' dir='ltr'>potentia</span> 
     </span>
     <span class='ocr_line' id='line_1_14' title="bbox 1034 2759 2513 2845; baseline 0.001 -21"><span class='ocrx_word' id='word_1_121' title='bbox 1034 2760 1208 2839; x_wconf 89' lang='lat' dir='ltr'>materiae,</span> <span class='ocrx_word' id='word_1_122' title='bbox 1237 2759 1338 2824; x_wconf 89' lang='lat' dir='ltr'>simul</span> <span class='ocrx_word' id='word_1_123' title='bbox 1366 2760 1457 2825; x_wconf 85' lang='lat' dir='ltr'>sacta</span> <span class='ocrx_word' id='word_1_124' title='bbox 1486 2771 1538 2825; x_wconf 88' lang='lat' dir='ltr'>est</span> <span class='ocrx_word' id='word_1_125' title='bbox 1565 2759 1759 2825; x_wconf 85' lang='lat' dir='ltr'>necessitas</span> <span class='ocrx_word' id='word_1_126' title='bbox 1788 2761 1832 2824; x_wconf 88' lang='lat' dir='ltr'>ad</span> <span class='ocrx_word' id='word_1_127' title='bbox 1860 2759 2121 2844; x_wconf 81' lang='lat' dir='ltr'>susceptionem</span> <span class='ocrx_word' id='word_1_128' title='bbox 2149 2761 2281 2825; x_wconf 87' lang='lat' dir='ltr'>formae</span> <span class='ocrx_word' id='word_1_129' title='bbox 2309 2772 2513 2845; x_wconf 88' lang='lat' dir='ltr'>supernatu-</span> 
     </span>
     <span class='ocr_line' id='line_1_15' title="bbox 1032 2849 2511 2960; baseline 0.001 -20"><span class='ocrx_word' id='word_1_130' title='bbox 1032 2874 1122 2954; x_wconf 89' lang='lat' dir='ltr'>ralis,</span> <span class='ocrx_word' id='word_1_131' title='bbox 1156 2885 1189 2941; x_wconf 93' lang='lat' dir='ltr'>et</span> <span class='ocrx_word' id='word_1_132' title='bbox 1224 2849 1388 2960; x_wconf 86' lang='lat' dir='ltr'>tanquam</span> <span class='ocrx_word' id='word_1_133' title='bbox 1423 2897 1530 2940; x_wconf 91' lang='lat' dir='ltr'>unum</span> <span class='ocrx_word' id='word_1_134' title='bbox 1567 2875 1763 2940; x_wconf 89' lang='lat' dir='ltr'>subiectum</span> <span class='ocrx_word' id='word_1_135' title='bbox 1799 2876 1891 2941; x_wconf 87' lang='lat' dir='ltr'>facta</span> <span class='ocrx_word' id='word_1_136' title='bbox 1927 2887 1980 2941; x_wconf 91' lang='lat' dir='ltr'>est</span> <span class='ocrx_word' id='word_1_137' title='bbox 2016 2875 2158 2940; x_wconf 88' lang='lat' dir='ltr'>materia</span> <span class='ocrx_word' id='word_1_138' title='bbox 2195 2875 2298 2941; x_wconf 91' lang='lat' dir='ltr'>unica</span> <span class='ocrx_word' id='word_1_139' title='bbox 2333 2875 2511 2942; x_wconf 89' lang='lat' dir='ltr'>habilitate</span> 
     </span>
     <span class='ocr_line' id='line_1_16' title="bbox 1032 2990 2514 3076; baseline 0.001 -21"><span class='ocrx_word' id='word_1_140' title='bbox 1032 2990 1210 3076; x_wconf 87' lang='lat' dir='ltr'>potentiali</span> <span class='ocrx_word' id='word_1_141' title='bbox 1242 2990 1400 3076; x_wconf 87' lang='lat' dir='ltr'>proxima</span> <span class='ocrx_word' id='word_1_142' title='bbox 1431 2992 1631 3076; x_wconf 85' lang='lat' dir='ltr'>susceptiva</span> <span class='ocrx_word' id='word_1_143' title='bbox 1663 2992 1809 3055; x_wconf 90' lang='lat' dir='ltr'>duarum</span> <span class='ocrx_word' id='word_1_144' title='bbox 1843 2990 2011 3056; x_wconf 87' lang='lat' dir='ltr'>dictarum</span> <span class='ocrx_word' id='word_1_145' title='bbox 2048 2991 2260 3055; x_wconf 71' lang='lat' dir='ltr'>formarum¹</span> <span class='ocrx_word' id='word_1_146' title='bbox 2288 2991 2388 3055; x_wconf 87' lang='lat' dir='ltr'>sinml</span> <span class='ocrx_word' id='word_1_147' title='bbox 2417 3004 2452 3056; x_wconf 94' lang='lat' dir='ltr'>et</span> <span class='ocrx_word' id='word_1_148' title='bbox 2480 2991 2514 3056; x_wconf 94' lang='lat' dir='ltr'>in</span> 
     </span>
     <span class='ocr_line' id='line_1_17' title="bbox 1033 3106 2512 3192; baseline 0.001 -21"><span class='ocrx_word' id='word_1_149' title='bbox 1033 3107 1158 3172; x_wconf 91' lang='lat' dir='ltr'>eodem</span> <span class='ocrx_word' id='word_1_150' title='bbox 1186 3106 1337 3185; x_wconf 89' lang='lat' dir='ltr'>instanti,</span> <span class='ocrx_word' id='word_1_151' title='bbox 1367 3107 1430 3172; x_wconf 85' lang='lat' dir='ltr'>etsi</span> <span class='ocrx_word' id='word_1_152' title='bbox 1459 3106 1553 3192; x_wconf 90' lang='lat' dir='ltr'>prius</span> <span class='ocrx_word' id='word_1_153' title='bbox 1582 3118 1705 3172; x_wconf 83' lang='lat' dir='ltr'>natura</span> <span class='ocrx_word' id='word_1_154' title='bbox 1738 3107 1827 3172; x_wconf 93' lang='lat' dir='ltr'>illius</span> <span class='ocrx_word' id='word_1_155' title='bbox 1856 3129 1946 3191; x_wconf 89' lang='lat' dir='ltr'>quae</span> <span class='ocrx_word' id='word_1_156' title='bbox 1974 3118 2027 3172; x_wconf 87' lang='lat' dir='ltr'>est</span> <span class='ocrx_word' id='word_1_157' title='bbox 2055 3106 2231 3186; x_wconf 69' lang='lat' dir='ltr'>naturalis</span> <span class='ocrx_word' id='word_1_158' title='bbox 2260 3128 2303 3172; x_wconf 88' lang='lat' dir='ltr'>eo</span> <span class='ocrx_word' id='word_1_159' title='bbox 2343 3108 2438 3192; x_wconf 91' lang='lat' dir='ltr'>quod</span> <span class='ocrx_word' id='word_1_160' title='bbox 2467 3108 2512 3172; x_wconf 89' lang='lat' dir='ltr'>dc</span> 
     </span>
     <span class='ocr_line' id='line_1_18' title="bbox 1032 3221 2514 3308; baseline 0.001 -21"><span class='ocrx_word' id='word_1_161' title='bbox 1032 3221 1189 3307; x_wconf 89' lang='lat' dir='ltr'>potentia</span> <span class='ocrx_word' id='word_1_162' title='bbox 1213 3221 1322 3307; x_wconf 90' lang='lat' dir='ltr'>ipsius</span> <span class='ocrx_word' id='word_1_163' title='bbox 1346 3222 1510 3287; x_wconf 89' lang='lat' dir='ltr'>materiae</span> <span class='ocrx_word' id='word_1_164' title='bbox 1535 3222 1702 3302; x_wconf 87' lang='lat' dir='ltr'>educitur,</span> <span class='ocrx_word' id='word_1_165' title='bbox 1727 3235 1892 3307; x_wconf 86' lang='lat' dir='ltr'>tanquam</span> <span class='ocrx_word' id='word_1_166' title='bbox 1917 3222 2100 3308; x_wconf 89' lang='lat' dir='ltr'>dispositio</span> <span class='ocrx_word' id='word_1_167' title='bbox 2124 3222 2383 3308; x_wconf 84' lang='lat' dir='ltr'>approprians⁶</span> <span class='ocrx_word' id='word_1_168' title='bbox 2408 3233 2514 3288; x_wconf 91' lang='lat' dir='ltr'>mate·</span> 
     </span>
     <span class='ocr_line' id='line_1_19' title="bbox 1032 3337 2511 3424; baseline 0.001 -23"><span class='ocrx_word' id='word_1_169' title='bbox 1032 3337 1115 3401; x_wconf 92' lang='lat' dir='ltr'>riam</span> <span class='ocrx_word' id='word_1_170' title='bbox 1144 3339 1189 3402; x_wconf 90' lang='lat' dir='ltr'>ad</span> <span class='ocrx_word' id='word_1_171' title='bbox 1217 3337 1317 3402; x_wconf 88' lang='lat' dir='ltr'>aliam</span> <span class='ocrx_word' id='word_1_172' title='bbox 1346 3359 1436 3422; x_wconf 87' lang='lat' dir='ltr'>quae</span> <span class='ocrx_word' id='word_1_173' title='bbox 1464 3351 1517 3403; x_wconf 91' lang='lat' dir='ltr'>est</span> <span class='ocrx_word' id='word_1_174' title='bbox 1544 3340 1587 3402; x_wconf 91' lang='lat' dir='ltr'>ab</span> <span class='ocrx_word' id='word_1_175' title='bbox 1617 3338 1822 3404; x_wconf 79' lang='lat' dir='ltr'>extrinseco.</span> <span class='ocrx_word' id='word_1_176' title='bbox 1847 3339 1928 3404; x_wconf 91' lang='lat' dir='ltr'>Non</span> <span class='ocrx_word' id='word_1_177' title='bbox 1957 3338 2048 3403; x_wconf 88' lang='lat' dir='ltr'>enim</span> <span class='ocrx_word' id='word_1_178' title='bbox 2077 3338 2188 3424; x_wconf 81' lang='lat' dir='ltr'>magis</span> <span class='ocrx_word' id='word_1_179' title='bbox 2214 3337 2368 3404; x_wconf 88' lang='lat' dir='ltr'>uniretur</span> <span class='ocrx_word' id='word_1_180' title='bbox 2395 3338 2511 3403; x_wconf 87' lang='lat' dir='ltr'>anima</span> 
     </span>
     <span class='ocr_line' id='line_1_20' title="bbox 1032 3452 2514 3538; baseline 0.001 -21"><span class='ocrx_word' id='word_1_181' title='bbox 1032 3452 1214 3517; x_wconf 85' lang='lat' dir='ltr'>humana¹</span> <span class='ocrx_word' id='word_1_182' title='bbox 1242 3452 1405 3518; x_wconf 89' lang='lat' dir='ltr'>materiae</span> <span class='ocrx_word' id='word_1_183' title='bbox 1433 3452 1637 3537; x_wconf 72' lang='lat' dir='ltr'>existentils]</span> <span class='ocrx_word' id='word_1_184' title='bbox 1667 3456 1733 3518; x_wconf 87' lang='lat' dir='ltr'>sub</span> <span class='ocrx_word' id='word_1_185' title='bbox 1762 3454 1874 3519; x_wconf 85' lang='lat' dir='ltr'>forma</span> <span class='ocrx_word' id='word_1_186' title='bbox 1902 3454 2044 3520; x_wconf 88' lang='lat' dir='ltr'>seminis</span> <span class='ocrx_word' id='word_1_187' title='bbox 2076 3453 2156 3538; x_wconf 91' lang='lat' dir='ltr'>equi</span> <span class='ocrx_word' id='word_1_188' title='bbox 2188 3475 2293 3538; x_wconf 87' lang='lat' dir='ltr'>quam</span> <span class='ocrx_word' id='word_1_189' title='bbox 2322 3453 2514 3519; x_wconf 86' lang='lat' dir='ltr'>existenti⁷</span> 
     </span>
     <span class='ocr_line' id='line_1_21' title="bbox 1032 3567 2513 3655; baseline 0.003 -23"><span class='ocrx_word' id='word_1_190' title='bbox 1032 3570 1097 3633; x_wconf 91' lang='lat' dir='ltr'>sub</span> <span class='ocrx_word' id='word_1_191' title='bbox 1122 3569 1232 3634; x_wconf 88' lang='lat' dir='ltr'>forma</span> <span class='ocrx_word' id='word_1_192' title='bbox 1257 3567 1399 3634; x_wconf 89' lang='lat' dir='ltr'>seminis</span> <span class='ocrx_word' id='word_1_193' title='bbox 1423 3568 1582 3648; x_wconf 71' lang='lat' dir='ltr'>hominis</span> <span class='ocrx_word' id='word_1_194' title='bbox 1608 3568 1673 3633; x_wconf 89' lang='lat' dir='ltr'>nisi</span> <span class='ocrx_word' id='word_1_195' title='bbox 1699 3581 1791 3634; x_wconf 86' lang='lat' dir='ltr'>esset</span> <span class='ocrx_word' id='word_1_196' title='bbox 1815 3570 1892 3634; x_wconf 90' lang='lat' dir='ltr'>talis</span> <span class='ocrx_word' id='word_1_197' title='bbox 1917 3569 2112 3655; x_wconf 77' lang='lat' dir='ltr'>dispositio</span> <span class='ocrx_word' id='word_1_198' title='bbox 2138 3570 2181 3634; x_wconf 84' lang='lat' dir='ltr'>Et</span> <span class='ocrx_word' id='word_1_199' title='bbox 2205 3569 2321 3635; x_wconf 70' lang='grc' dir='ltr'>εἰθιιῖΒ</span> <span class='ocrx_word' id='word_1_200' title='bbox 2345 3591 2415 3634; x_wconf 91' lang='lat' dir='ltr'>una</span> <span class='ocrx_word' id='word_1_201' title='bbox 2436 3570 2513 3637; x_wconf 88' lang='lat' dir='ltr'>sine</span> 
     </span>
     <span class='ocr_line' id='line_1_22' title="bbox 1032 3684 2513 3765; baseline 0 -16"><span class='ocrx_word' id='word_1_202' title='bbox 1032 3684 1097 3750; x_wconf 91' lang='lat' dir='ltr'>alia</span> <span class='ocrx_word' id='word_1_203' title='bbox 1121 3705 1193 3749; x_wconf 91' lang='lat' dir='ltr'>non</span> <span class='ocrx_word' id='word_1_204' title='bbox 1216 3694 1268 3750; x_wconf 89' lang='lat' dir='ltr'>est</span> <span class='ocrx_word' id='word_1_205' title='bbox 1291 3696 1372 3750; x_wconf 83' lang='lat' dir='ltr'>nata</span> <span class='ocrx_word' id='word_1_206' title='bbox 1397 3684 1562 3750; x_wconf 89' lang='lat' dir='ltr'>advenire</span> <span class='ocrx_word' id='word_1_207' title='bbox 1586 3684 1763 3764; x_wconf 80' lang='lat' dir='ltr'>materiae,</span> <span class='ocrx_word' id='word_1_208' title='bbox 1781 3687 1844 3751; x_wconf 90' lang='lat' dir='ltr'>sed</span> <span class='ocrx_word' id='word_1_209' title='bbox 1862 3687 1985 3750; x_wconf 88' lang='lat' dir='ltr'>ambae</span> <span class='ocrx_word' id='word_1_210' title='bbox 2003 3685 2115 3765; x_wconf 88' lang='lat' dir='ltr'>simul,</span> <span class='ocrx_word' id='word_1_211' title='bbox 2137 3684 2187 3751; x_wconf 91' lang='lat' dir='ltr'>sic</span> <span class='ocrx_word' id='word_1_212' title='bbox 2211 3707 2277 3750; x_wconf 88' lang='lat' dir='ltr'>nec</span> <span class='ocrx_word' id='word_1_213' title='bbox 2301 3707 2372 3750; x_wconf 89' lang='lat' dir='ltr'>una</span> <span class='ocrx_word' id='word_1_214' title='bbox 2396 3706 2513 3751; x_wconf 91' lang='lat' dir='ltr'>earum</span> 
     </span>
     <span class='ocr_line' id='line_1_23' title="bbox 1031 3799 2515 3886; baseline 0.001 -21"><span class='ocrx_word' id='word_1_215' title='bbox 1031 3810 1114 3866; x_wconf 91' lang='lat' dir='ltr'>nata</span> <span class='ocrx_word' id='word_1_216' title='bbox 1137 3810 1190 3866; x_wconf 90' lang='lat' dir='ltr'>est</span> <span class='ocrx_word' id='word_1_217' title='bbox 1214 3801 1297 3866; x_wconf 88' lang='lat' dir='ltr'>dare</span> <span class='ocrx_word' id='word_1_218' title='bbox 1321 3821 1401 3866; x_wconf 91' lang='lat' dir='ltr'>esse</span> <span class='ocrx_word' id='word_1_219' title='bbox 1418 3799 1559 3885; x_wconf 86' lang='lat' dir='ltr'>aliquod</span> <span class='ocrx_word' id='word_1_220' title='bbox 1588 3801 1785 3886; x_wconf 85' lang='lat' dir='ltr'>supposit0‚</span> <span class='ocrx_word' id='word_1_221' title='bbox 1810 3813 1845 3866; x_wconf 92' lang='lat' dir='ltr'>et</span> <span class='ocrx_word' id='word_1_222' title='bbox 1868 3800 2060 3866; x_wconf 83' lang='lat' dir='ltr'>subsistere</span> <span class='ocrx_word' id='word_1_223' title='bbox 2084 3800 2161 3866; x_wconf 89' lang='lat' dir='ltr'>sine</span> <span class='ocrx_word' id='word_1_224' title='bbox 2189 3801 2304 3865; x_wconf 89' lang='lat' dir='ltr'>altera.</span> <span class='ocrx_word' id='word_1_225' title='bbox 2331 3802 2406 3867; x_wconf 90' lang='lat' dir='ltr'>Nec</span> <span class='ocrx_word' id='word_1_226' title='bbox 2430 3803 2515 3866; x_wconf 88' lang='lat' dir='ltr'>dant</span> 
     </span>
     <span class='ocr_line' id='line_1_24' title="bbox 1032 3915 2514 4002; baseline 0.001 -22"><span class='ocrx_word' id='word_1_227' title='bbox 1032 3915 1124 3981; x_wconf 90' lang='lat' dir='ltr'>aliud</span> <span class='ocrx_word' id='word_1_228' title='bbox 1153 3927 1186 3982; x_wconf 92' lang='lat' dir='ltr'>et</span> <span class='ocrx_word' id='word_1_229' title='bbox 1213 3915 1306 3981; x_wconf 90' lang='lat' dir='ltr'>aliud</span> <span class='ocrx_word' id='word_1_230' title='bbox 1334 3937 1412 3982; x_wconf 90' lang='lat' dir='ltr'>esse</span> <span class='ocrx_word' id='word_1_231' title='bbox 1440 3916 1686 3982; x_wconf 89' lang='lat' dir='ltr'>subsistentiae</span> <span class='ocrx_word' id='word_1_232' title='bbox 1714 3916 1907 4002; x_wconf 87' lang='lat' dir='ltr'>supposito,</span> <span class='ocrx_word' id='word_1_233' title='bbox 1933 3917 1996 3981; x_wconf 85' lang='lat' dir='ltr'>sed</span> <span class='ocrx_word' id='word_1_234' title='bbox 2020 3939 2128 3980; x_wconf 92' lang='lat' dir='ltr'>unum</span> <span class='ocrx_word' id='word_1_235' title='bbox 2156 3928 2189 3981; x_wconf 92' lang='lat' dir='ltr'>et</span> <span class='ocrx_word' id='word_1_236' title='bbox 2214 3916 2317 3996; x_wconf 88' lang='lat' dir='ltr'>idem,</span> <span class='ocrx_word' id='word_1_237' title='bbox 2343 3916 2389 3981; x_wconf 90' lang='lat' dir='ltr'>ita</span> <span class='ocrx_word' id='word_1_238' title='bbox 2418 3918 2514 4001; x_wconf 93' lang='lat' dir='ltr'>quod</span> 
     </span>
     <span class='ocr_line' id='line_1_25' title="bbox 1032 4031 2513 4118; baseline 0.001 -22"><span class='ocrx_word' id='word_1_239' title='bbox 1032 4031 1088 4096; x_wconf 92' lang='lat' dir='ltr'>illa</span> <span class='ocrx_word' id='word_1_240' title='bbox 1105 4032 1216 4097; x_wconf 81' lang='lat' dir='ltr'>forma</span> <span class='ocrx_word' id='word_1_241' title='bbox 1233 4031 1397 4097; x_wconf 91' lang='lat' dir='ltr'>naturalis</span> <span class='ocrx_word' id='word_1_242' title='bbox 1415 4042 1577 4118; x_wconf 89' lang='lat' dir='ltr'>respectu</span> <span class='ocrx_word' id='word_1_243' title='bbox 1601 4032 1738 4098; x_wconf 85' lang='lat' dir='ltr'>animae</span> <span class='ocrx_word' id='word_1_244' title='bbox 1755 4044 1808 4098; x_wconf 92' lang='lat' dir='ltr'>est</span> <span class='ocrx_word' id='word_1_245' title='bbox 1825 4044 1861 4097; x_wconf 93' lang='lat' dir='ltr'>ut</span> <span class='ocrx_word' id='word_1_246' title='bbox 1878 4031 2062 4117; x_wconf 87' lang='lat' dir='ltr'>dispositio</span> <span class='ocrx_word' id='word_1_247' title='bbox 2080 4031 2115 4096; x_wconf 92' lang='lat' dir='ltr'>in</span> <span class='ocrx_word' id='word_1_248' title='bbox 2133 4031 2275 4096; x_wconf 88' lang='lat' dir='ltr'>materia</span> <span class='ocrx_word' id='word_1_249' title='bbox 2295 4033 2513 4117; x_wconf 89' lang='lat' dir='ltr'>praecedens</span> 
     </span>
     <span class='ocr_line' id='line_1_26' title="bbox 1032 4146 2514 4234; baseline 0.001 -23"><span class='ocrx_word' id='word_1_250' title='bbox 1032 4146 1261 4213; x_wconf 82' lang='lat' dir='ltr'>naturaliter⁹</span> <span class='ocrx_word' id='word_1_251' title='bbox 1292 4148 1336 4213; x_wconf 91' lang='lat' dir='ltr'>ad</span> <span class='ocrx_word' id='word_1_252' title='bbox 1368 4147 1606 4234; x_wconf 88' lang='lat' dir='ltr'>recipiendum</span> <span class='ocrx_word' id='word_1_253' title='bbox 1639 4147 1789 4212; x_wconf 89' lang='lat' dir='ltr'>animam</span> <span class='ocrx_word' id='word_1_254' title='bbox 1823 4158 1856 4215; x_wconf 88' lang='lat' dir='ltr'>et</span> <span class='ocrx_word' id='word_1_255' title='bbox 1888 4147 2043 4212; x_wconf 93' lang='lat' dir='ltr'>ultimum</span> <span class='ocrx_word' id='word_1_256' title='bbox 2078 4160 2204 4227; x_wconf 85' lang='lat' dir='ltr'>actum,</span> <span class='ocrx_word' id='word_1_257' title='bbox 2236 4158 2399 4233; x_wconf 90' lang='lat' dir='ltr'>respectu</span> <span class='ocrx_word' id='word_1_258' title='bbox 2431 4169 2514 4213; x_wconf 89' lang='lat' dir='ltr'>vero</span> 
     </span>
     <span class='ocr_line' id='line_1_27' title="bbox 1032 4262 2512 4347; baseline 0.001 -20"><span class='ocrx_word' id='word_1_259' title='bbox 1032 4262 1195 4328; x_wconf 88' lang='lat' dir='ltr'>materiae</span> <span class='ocrx_word' id='word_1_260' title='bbox 1212 4273 1265 4329; x_wconf 89' lang='lat' dir='ltr'>est</span> <span class='ocrx_word' id='word_1_261' title='bbox 1281 4285 1358 4329; x_wconf 90' lang='lat' dir='ltr'>cum</span> <span class='ocrx_word' id='word_1_262' title='bbox 1378 4263 1433 4328; x_wconf 88' lang='lat' dir='ltr'>illa</span> <span class='ocrx_word' id='word_1_263' title='bbox 1450 4265 1560 4329; x_wconf 87' lang='lat' dir='ltr'>forma</span> <span class='ocrx_word' id='word_1_264' title='bbox 1577 4285 1668 4347; x_wconf 87' lang='lat' dir='ltr'>quae</span> <span class='ocrx_word' id='word_1_265' title='bbox 1693 4275 1745 4329; x_wconf 86' lang='lat' dir='ltr'>est</span> <span class='ocrx_word' id='word_1_266' title='bbox 1770 4263 1885 4328; x_wconf 90' lang='lat' dir='ltr'>anima</span> <span class='ocrx_word' id='word_1_267' title='bbox 1909 4265 2044 4328; x_wconf 85' lang='lat' dir='ltr'>babens</span> <span class='ocrx_word' id='word_1_268' title='bbox 2069 4263 2239 4328; x_wconf 89' lang='lat' dir='ltr'>rationem</span> <span class='ocrx_word' id='word_1_269' title='bbox 2257 4263 2360 4328; x_wconf 87' lang='lat' dir='ltr'>unius</span> <span class='ocrx_word' id='word_1_270' title='bbox 2378 4263 2512 4328; x_wconf 86' lang='lat' dir='ltr'>formae</span> 
     </span>
     <span class='ocr_line' id='line_1_28' title="bbox 1032 4378 2514 4465; baseline 0.001 -22"><span class='ocrx_word' id='word_1_271' title='bbox 1032 4400 1144 4464; x_wconf 89' lang='lat' dir='ltr'>aeque</span> <span class='ocrx_word' id='word_1_272' title='bbox 1161 4379 1185 4415; x_wconf 89' lang='lat'>¹⁰</span> <span class='ocrx_word' id='word_1_273' title='bbox 1208 4379 1405 4445; x_wconf 87' lang='lat' dir='ltr'>immediate</span> <span class='ocrx_word' id='word_1_274' title='bbox 1434 4379 1645 4464; x_wconf 89' lang='lat' dir='ltr'>perficientis</span> <span class='ocrx_word' id='word_1_275' title='bbox 1672 4379 1849 4444; x_wconf 88' lang='lat' dir='ltr'>materiam</span> <span class='ocrx_word' id='word_1_276' title='bbox 1881 4391 1915 4444; x_wconf 86' lang='lat' dir='ltr'>et</span> <span class='ocrx_word' id='word_1_277' title='bbox 1943 4378 2057 4444; x_wconf 85' lang='lat' dir='ltr'>dantis</span> <span class='ocrx_word' id='word_1_278' title='bbox 2086 4379 2270 4465; x_wconf 85' lang='lat' dir='ltr'>supposito</span> <span class='ocrx_word' id='word_1_279' title='bbox 2298 4401 2405 4443; x_wconf 92' lang='lat' dir='ltr'>unum</span> <span class='ocrx_word' id='word_1_280' title='bbox 2435 4401 2514 4445; x_wconf 88' lang='lat' dir='ltr'>esse</span> 
     </span>
     <span class='ocr_line' id='line_1_29' title="bbox 1032 4494 2513 4580; baseline -0.001 -21"><span class='ocrx_word' id='word_1_281' title='bbox 1032 4495 1287 4561; x_wconf 86' lang='lat' dir='ltr'>subsistentiae.</span> <span class='ocrx_word' id='word_1_282' title='bbox 1307 4495 1378 4561; x_wconf 88' lang='lat' dir='ltr'>Sed</span> <span class='ocrx_word' id='word_1_283' title='bbox 1396 4494 1478 4561; x_wconf 95' lang='lat' dir='ltr'>illud</span> <span class='ocrx_word' id='word_1_284' title='bbox 1496 4516 1574 4560; x_wconf 89' lang='lat' dir='ltr'>esse</span> <span class='ocrx_word' id='word_1_285' title='bbox 1591 4496 1656 4560; x_wconf 88' lang='lat' dir='ltr'>sub</span> <span class='ocrx_word' id='word_1_286' title='bbox 1673 4494 1807 4560; x_wconf 88' lang='lat' dir='ltr'>ratione</span> <span class='ocrx_word' id='word_1_287' title='bbox 1825 4517 1904 4560; x_wconf 87' lang='lat' dir='ltr'>esse</span> <span class='ocrx_word' id='word_1_288' title='bbox 1921 4494 2122 4580; x_wconf 88' lang='lat' dir='ltr'>simpliciter</span> <span class='ocrx_word' id='word_1_289' title='bbox 2140 4506 2174 4559; x_wconf 89' lang='lat' dir='ltr'>et</span> <span class='ocrx_word' id='word_1_290' title='bbox 2191 4494 2289 4578; x_wconf 89' lang='lat' dir='ltr'>quasi</span> <span class='ocrx_word' id='word_1_291' title='bbox 2311 4494 2513 4580; x_wconf 91' lang='lat' dir='ltr'>incompleti</span> 
     </span>
     <span class='ocr_line' id='line_1_30' title="bbox 1032 4609 2515 4701; baseline 0 -26"><span class='ocrx_word' id='word_1_292' title='bbox 1032 4621 1065 4676; x_wconf 91' lang='lat' dir='ltr'>et</span> <span class='ocrx_word' id='word_1_293' title='bbox 1096 4610 1350 4676; x_wconf 86' lang='lat' dir='ltr'>indeterminati</span> <span class='ocrx_word' id='word_1_294' title='bbox 1382 4622 1434 4676; x_wconf 88' lang='lat' dir='ltr'>est</span> <span class='ocrx_word' id='word_1_295' title='bbox 1466 4610 1695 4676; x_wconf 85' lang='lat' dir='ltr'>communiter</span> <span class='ocrx_word' id='word_1_296' title='bbox 1727 4612 1770 4674; x_wconf 88' lang='lat' dir='ltr'>ab</span> <span class='ocrx_word' id='word_1_297' title='bbox 1799 4611 1854 4674; x_wconf 88' lang='lat' dir='ltr'>illa</span> <span class='ocrx_word' id='word_1_298' title='bbox 1883 4611 1993 4676; x_wconf 86' lang='lat' dir='ltr'>forma</span> <span class='ocrx_word' id='word_1_299' title='bbox 2021 4609 2167 4674; x_wconf 90' lang='lat' dir='ltr'>naturali</span> <span class='ocrx_word' id='word_1_300' title='bbox 2196 4620 2229 4675; x_wconf 90' lang='lat' dir='ltr'>et</span> <span class='ocrx_word' id='word_1_301' title='bbox 2257 4611 2301 4674; x_wconf 93' lang='lat' dir='ltr'>ab</span> <span class='ocrx_word' id='word_1_302' title='bbox 2338 4614 2342 4693; x_wconf 77' lang='grc'>1</span> <span class='ocrx_word' id='word_1_303' title='bbox 2378 4610 2515 4701; x_wconf 81' lang='lat' dir='ltr'>anima3</span> 
     </span>
     <span class='ocr_line' id='line_1_31' title="bbox 1031 4724 2515 4792; baseline 0.001 -3"><span class='ocrx_word' id='word_1_304' title='bbox 1031 4726 1137 4791; x_wconf 89' lang='lat' dir='ltr'>habet</span> <span class='ocrx_word' id='word_1_305' title='bbox 1169 4738 1284 4792; x_wconf 87' lang='lat' dir='ltr'>autem</span> <span class='ocrx_word' id='word_1_306' title='bbox 1312 4726 1540 4792; x_wconf 79' lang='lat' dir='ltr'>intentionem</span> <span class='ocrx_word' id='word_1_307' title='bbox 1559 4726 1581 4760; x_wconf 87' lang='lat'>¹¹</span> <span class='ocrx_word' id='word_1_308' title='bbox 1610 4725 1784 4790; x_wconf 81' lang='lat' dir='ltr'>mixtionis</span> <span class='ocrx_word' id='word_1_309' title='bbox 1817 4726 1890 4791; x_wconf 81' lang='lat' dir='ltr'>sive</span> <span class='ocrx_word' id='word_1_310' title='bbox 1922 4727 2091 4790; x_wconf 82' lang='lat' dir='ltr'>rationem</span> <span class='ocrx_word' id='word_1_311' title='bbox 2120 4747 2198 4790; x_wconf 86' lang='lat' dir='ltr'>esse</span> <span class='ocrx_word' id='word_1_312' title='bbox 2231 4724 2325 4789; x_wconf 85' lang='lat' dir='ltr'>mixti</span> <span class='ocrx_word' id='word_1_313' title='bbox 2354 4748 2373 4790; x_wconf 90' lang='lat' dir='ltr'>a</span> <span class='ocrx_word' id='word_1_314' title='bbox 2402 4726 2515 4791; x_wconf 80' lang='lat' dir='ltr'>forma</span> 
     </span>
     <span class='ocr_line' id='line_1_32' title="bbox 1031 4840 2515 4927; baseline 0 -21"><span class='ocrx_word' id='word_1_315' title='bbox 1031 4841 1270 4926; x_wconf 81' lang='lat' dir='ltr'>corporeitatis</span> <span class='ocrx_word' id='word_1_316' title='bbox 1294 4841 1408 4927; x_wconf 87' lang='lat' dir='ltr'>ipsum</span> <span class='ocrx_word' id='word_1_317' title='bbox 1433 4841 1677 4927; x_wconf 88' lang='lat' dir='ltr'>compositum,</span> <span class='ocrx_word' id='word_1_318' title='bbox 1703 4844 1747 4905; x_wconf 90' lang='lat' dir='ltr'>ab</span> <span class='ocrx_word' id='word_1_319' title='bbox 1771 4841 1886 4906; x_wconf 85' lang='lat' dir='ltr'>anima</span> <span class='ocrx_word' id='word_1_320' title='bbox 1910 4863 1993 4906; x_wconf 87' lang='lat' dir='ltr'>vero</span> <span class='ocrx_word' id='word_1_321' title='bbox 2018 4844 2084 4904; x_wconf 87' lang='lat' dir='ltr'>sub</span> <span class='ocrx_word' id='word_1_322' title='bbox 2108 4840 2242 4906; x_wconf 89' lang='lat' dir='ltr'>ratione</span> <span class='ocrx_word' id='word_1_323' title='bbox 2270 4841 2360 4906; x_wconf 84' lang='lat' dir='ltr'>vitae</span> <span class='ocrx_word' id='word_1_324' title='bbox 2380 4853 2414 4906; x_wconf 92' lang='lat' dir='ltr'>et</span> <span class='ocrx_word' id='word_1_325' title='bbox 2435 4862 2515 4906; x_wconf 88' lang='lat' dir='ltr'>esse</span> 
     </span>
     <span class='ocr_line' id='line_1_33' title="bbox 1030 4956 2514 5041; baseline -0.001 -19"><span class='ocrx_word' id='word_1_326' title='bbox 1030 4956 1195 5041; x_wconf 88' lang='lat' dir='ltr'>completi</span> <span class='ocrx_word' id='word_1_327' title='bbox 1219 4968 1253 5022; x_wconf 91' lang='lat' dir='ltr'>et</span> <span class='ocrx_word' id='word_1_328' title='bbox 1277 4957 1515 5036; x_wconf 85' lang='lat' dir='ltr'>determinati;</span> <span class='ocrx_word' id='word_1_329' title='bbox 1541 4969 1573 5022; x_wconf 90' lang='lat' dir='ltr'>et</span> <span class='ocrx_word' id='word_1_330' title='bbox 1599 4969 1720 5022; x_wconf 84' lang='lat' dir='ltr'>neutra</span> <span class='ocrx_word' id='word_1_331' title='bbox 1747 4979 1864 5021; x_wconf 85' lang='lat' dir='ltr'>earum</span> <span class='ocrx_word' id='word_1_332' title='bbox 1890 4957 1924 5021; x_wconf 92' lang='lat' dir='ltr'>in</span> <span class='ocrx_word' id='word_1_333' title='bbox 1949 4969 2115 5041; x_wconf 77' lang='lat' dir='ltr'>(plantum</span> <span class='ocrx_word' id='word_1_334' title='bbox 2134 4956 2245 5020; x_wconf 87' lang='lat' dir='ltr'>forma</span> <span class='ocrx_word' id='word_1_335' title='bbox 2263 4968 2315 5021; x_wconf 87' lang='lat' dir='ltr'>est</span> <span class='ocrx_word' id='word_1_336' title='bbox 2333 4957 2355 4990; x_wconf 82' lang='lat'>¹²</span> <span class='ocrx_word' id='word_1_337' title='bbox 2372 4957 2514 5021; x_wconf 88' lang='lat' dir='ltr'>advenit</span> 
     </span>
     <span class='ocr_line' id='line_1_34' title="bbox 1030 5071 2512 5158; baseline 0 -21"><span class='ocrx_word' id='word_1_338' title='bbox 1030 5072 1226 5158; x_wconf 88' lang='lat' dir='ltr'>composito</span> <span class='ocrx_word' id='word_1_339' title='bbox 1251 5072 1318 5137; x_wconf 90' lang='lat' dir='ltr'>iam</span> <span class='ocrx_word' id='word_1_340' title='bbox 1343 5073 1377 5137; x_wconf 94' lang='lat' dir='ltr'>in</span> <span class='ocrx_word' id='word_1_341' title='bbox 1402 5073 1518 5157; x_wconf 87' lang='lat' dir='ltr'>aliquo</span> <span class='ocrx_word' id='word_1_342' title='bbox 1547 5096 1625 5138; x_wconf 84' lang='lat' dir='ltr'>esse</span> <span class='ocrx_word' id='word_1_343' title='bbox 1653 5072 1853 5150; x_wconf 82' lang='lat' dir='ltr'>constituto,</span> <span class='ocrx_word' id='word_1_344' title='bbox 1878 5072 1957 5138; x_wconf 84' lang='lat' dir='ltr'>licet</span> <span class='ocrx_word' id='word_1_345' title='bbox 1987 5071 2152 5136; x_wconf 84' lang='lat' dir='ltr'>naturalis</span> <span class='ocrx_word' id='word_1_346' title='bbox 2182 5083 2218 5136; x_wconf 92' lang='lat' dir='ltr'>ut</span> <span class='ocrx_word' id='word_1_347' title='bbox 2247 5083 2299 5136; x_wconf 90' lang='lat' dir='ltr'>est</span> <span class='ocrx_word' id='word_1_348' title='bbox 2327 5071 2512 5157; x_wconf 80' lang='lat' dir='ltr'>dispositio</span> 
     </span>
     <span class='ocr_line' id='line_1_35' title="bbox 1030 5187 2513 5270; baseline 0 -19"><span class='ocrx_word' id='word_1_349' title='bbox 1030 5188 1074 5251; x_wconf 89' lang='lat' dir='ltr'>ad</span> <span class='ocrx_word' id='word_1_350' title='bbox 1102 5187 1251 5252; x_wconf 87' lang='lat' dir='ltr'>animam</span> <span class='ocrx_word' id='word_1_351' title='bbox 1281 5188 1510 5253; x_wconf 84' lang='lat' dir='ltr'>iuunediatius</span> <span class='ocrx_word' id='word_1_352' title='bbox 1529 5189 1552 5222; x_wconf 72' lang='lat'>¹³¹</span> <span class='ocrx_word' id='word_1_353' title='bbox 1580 5190 1746 5254; x_wconf 78' lang='lat' dir='ltr'>adhaeret</span> <span class='ocrx_word' id='word_1_354' title='bbox 1775 5188 1948 5252; x_wconf 84' lang='lat' dir='ltr'>materiae.</span> <span class='ocrx_word' id='word_1_355' title='bbox 1976 5188 2068 5270; x_wconf 75' lang='lat' dir='ltr'>Quia</span> <span class='ocrx_word' id='word_1_356' title='bbox 2098 5188 2190 5252; x_wconf 91' lang='lat' dir='ltr'>enim</span> <span class='ocrx_word' id='word_1_357' title='bbox 2219 5187 2334 5252; x_wconf 85' lang='lat' dir='ltr'>anima</span> <span class='ocrx_word' id='word_1_358' title='bbox 2360 5191 2513 5252; x_wconf 88' lang='lat' dir='ltr'>bumana</span> 
     </span>
    </p>
   </div>
   <div class='ocr_carea' id='block_1_4' title="bbox 1030 5302 2512 5391">
    <p class='ocr_par' dir='ltr' id='par_1_4' title="bbox 1030 5302 2512 5391">
     <span class='ocr_line' id='line_1_36' title="bbox 1030 5302 2512 5391; baseline 0.001 -24"><span class='ocrx_word' id='word_1_359' title='bbox 1030 5324 1119 5387; x_wconf 83' lang='lat' dir='ltr'>quae</span> <span class='ocrx_word' id='word_1_360' title='bbox 1145 5315 1197 5369; x_wconf 85' lang='lat' dir='ltr'>est</span> <span class='ocrx_word' id='word_1_361' title='bbox 1221 5303 1463 5383; x_wconf 83' lang='lat' dir='ltr'>immaterialis,</span> <span class='ocrx_word' id='word_1_362' title='bbox 1489 5304 1567 5389; x_wconf 84' lang='lat' dir='ltr'>plus</span> <span class='ocrx_word' id='word_1_363' title='bbox 1592 5305 1755 5391; x_wconf 82' lang='lat' dir='ltr'>elongata</span> <span class='ocrx_word' id='word_1_364' title='bbox 1781 5314 1833 5368; x_wconf 85' lang='lat' dir='ltr'>est</span> <span class='ocrx_word' id='word_1_365' title='bbox 1857 5326 1877 5367; x_wconf 89' lang='lat' dir='ltr'>a</span> <span class='ocrx_word' id='word_1_366' title='bbox 1903 5302 2054 5382; x_wconf 84' lang='lat' dir='ltr'>materia,</span> <span class='ocrx_word' id='word_1_367' title='bbox 2081 5317 2117 5367; x_wconf 92' lang='lat' dir='ltr'>ut</span> <span class='ocrx_word' id='word_1_368' title='bbox 2142 5326 2212 5367; x_wconf 87' lang='lat' dir='ltr'>nou</span> <span class='ocrx_word' id='word_1_369' title='bbox 2242 5302 2353 5387; x_wconf 86' lang='lat' dir='ltr'>possit</span> <span class='ocrx_word' id='word_1_370' title='bbox 2381 5304 2512 5368; x_wconf 85' lang='lat' dir='ltr'>habere</span> 
     </span>
    </p>
   </div>
   <div class='ocr_carea' id='block_1_5' title="bbox 1030 5614 2511 5860">
    <p class='ocr_par' dir='ltr' id='par_1_5' title="bbox 1030 5614 2511 5860">
     <span class='ocr_line' id='line_1_37' title="bbox 1123 5614 2511 5684; baseline 0 -16"><span class='ocrx_word' id='word_1_371' title='bbox 1123 5618 1128 5647; x_wconf 90' lang='lat'><strong>¹</strong></span> <span class='ocrx_word' id='word_1_372' title='bbox 1149 5614 1222 5669; x_wconf 86' lang='lat' dir='ltr'>ratio</span> <span class='ocrx_word' id='word_1_373' title='bbox 1237 5616 1268 5669; x_wconf 93' lang='lat' dir='ltr'>P.</span> <span class='ocrx_word' id='word_1_374' title='bbox 1283 5647 1316 5653; x_wconf 94' lang='lat'>-</span> <span class='ocrx_word' id='word_1_375' title='bbox 1331 5616 1341 5646; x_wconf 83' lang='lat'>²</span> <span class='ocrx_word' id='word_1_376' title='bbox 1354 5615 1475 5669; x_wconf 84' lang='lat' dir='ltr'>materie</span> <span class='ocrx_word' id='word_1_377' title='bbox 1489 5616 1522 5668; x_wconf 94' lang='lat' dir='ltr'>V.</span> <span class='ocrx_word' id='word_1_378' title='bbox 1538 5647 1570 5654; x_wconf 95' lang='lat'><strong>—</strong></span> <span class='ocrx_word' id='word_1_379' title='bbox 1590 5616 1669 5668; x_wconf 68' lang='lat' dir='ltr'>lom.</span> <span class='ocrx_word' id='word_1_380' title='bbox 1689 5616 1720 5668; x_wconf 93' lang='lat' dir='ltr'>P.</span> <span class='ocrx_word' id='word_1_381' title='bbox 1736 5648 1767 5654; x_wconf 99' lang='lat'>—</span> <span class='ocrx_word' id='word_1_382' title='bbox 1786 5619 1791 5647; x_wconf 99' lang='lat'><strong>¹</strong></span> <span class='ocrx_word' id='word_1_383' title='bbox 1806 5615 1948 5669; x_wconf 86' lang='lat' dir='ltr'>dictarum</span> <span class='ocrx_word' id='word_1_384' title='bbox 1963 5614 2132 5684; x_wconf 84' lang='lat' dir='ltr'>formarum]</span> <span class='ocrx_word' id='word_1_385' title='bbox 2147 5614 2305 5669; x_wconf 83' lang='lat' dir='ltr'>formarum</span> <span class='ocrx_word' id='word_1_386' title='bbox 2320 5614 2464 5668; x_wconf 85' lang='lat' dir='ltr'>dictarum</span> <span class='ocrx_word' id='word_1_387' title='bbox 2479 5615 2511 5668; x_wconf 90' lang='lat' dir='ltr'>P.</span> 
     </span>
     <span class='ocr_line' id='line_1_38' title="bbox 1030 5701 2510 5773; baseline 0 -18"><span class='ocrx_word' id='word_1_388' title='bbox 1030 5734 1063 5742; x_wconf 89' lang='lat'>—</span> <span class='ocrx_word' id='word_1_389' title='bbox 1084 5705 1095 5734; x_wconf 84' lang='lat'><strong>¹</strong></span> <span class='ocrx_word' id='word_1_390' title='bbox 1114 5701 1355 5773; x_wconf 85' lang='lat' dir='ltr'>appropinquans</span> <span class='ocrx_word' id='word_1_391' title='bbox 1376 5703 1405 5755; x_wconf 87' lang='lat' dir='ltr'>P.</span> <span class='ocrx_word' id='word_1_392' title='bbox 1426 5734 1457 5740; x_wconf 99' lang='lat'><strong>—</strong></span> <span class='ocrx_word' id='word_1_393' title='bbox 1479 5704 1490 5732; x_wconf 87' lang='lat'><strong>¹</strong></span> <span class='ocrx_word' id='word_1_394' title='bbox 1509 5720 1563 5755; x_wconf 86' lang='lat' dir='ltr'>nm.</span> <span class='ocrx_word' id='word_1_395' title='bbox 1587 5703 1618 5756; x_wconf 92' lang='lat' dir='ltr'><strong>P.</strong></span> <span class='ocrx_word' id='word_1_396' title='bbox 1638 5734 1671 5742; x_wconf 91' lang='lat'><em>-</em></span> <span class='ocrx_word' id='word_1_397' title='bbox 1694 5702 1868 5756; x_wconf 78' lang='lat' dir='ltr'>¹existentis</span> <span class='ocrx_word' id='word_1_398' title='bbox 1888 5704 1918 5756; x_wconf 85' lang='lat' dir='ltr'>l‘.</span> <span class='ocrx_word' id='word_1_399' title='bbox 1939 5736 1970 5742; x_wconf 92' lang='lat'>-</span> <span class='ocrx_word' id='word_1_400' title='bbox 1992 5703 2070 5755; x_wconf 72' lang='grc' dir='ltr'>8υιη.</span> <span class='ocrx_word' id='word_1_401' title='bbox 2091 5704 2121 5757; x_wconf 93' lang='lat' dir='ltr'>P.</span> <span class='ocrx_word' id='word_1_402' title='bbox 2141 5735 2174 5741; x_wconf 89' lang='lat'>—</span> <span class='ocrx_word' id='word_1_403' title='bbox 2194 5706 2205 5733; x_wconf 85' lang='lat'>¹¹</span> <span class='ocrx_word' id='word_1_404' title='bbox 2222 5702 2412 5756; x_wconf 85' lang='lat' dir='ltr'>materialiter</span> <span class='ocrx_word' id='word_1_405' title='bbox 2431 5703 2461 5756; x_wconf 99' lang='lat' dir='ltr'>P.</span> <span class='ocrx_word' id='word_1_406' title='bbox 2477 5734 2510 5742; x_wconf 93' lang='grc'>-</span> 
     </span>
     <span class='ocr_line' id='line_1_39' title="bbox 1033 5783 2389 5860; baseline 0.001 -19"><span class='ocrx_word' id='word_1_407' title='bbox 1033 5792 1053 5822; x_wconf 85' lang='lat'>¹⁰</span> <span class='ocrx_word' id='word_1_408' title='bbox 1065 5783 1108 5860; x_wconf 78' lang='lat' dir='ltr'>eq</span> <span class='ocrx_word' id='word_1_409' title='bbox 1118 5791 1156 5856; x_wconf 77' lang='lat' dir='ltr'>l&#39;3</span> <span class='ocrx_word' id='word_1_410' title='bbox 1172 5789 1238 5859; x_wconf 86' lang='lat' dir='ltr'>equi</span> <span class='ocrx_word' id='word_1_411' title='bbox 1255 5790 1283 5842; x_wconf 88' lang='lat' dir='ltr'><strong>P.</strong></span> <span class='ocrx_word' id='word_1_412' title='bbox 1299 5821 1331 5828; x_wconf 91' lang='lat'><em>-</em></span> <span class='ocrx_word' id='word_1_413' title='bbox 1348 5792 1366 5820; x_wconf 89' lang='lat'>¹¹</span> <span class='ocrx_word' id='word_1_414' title='bbox 1382 5789 1574 5842; x_wconf 82' lang='lat' dir='ltr'>intensionem</span> <span class='ocrx_word' id='word_1_415' title='bbox 1590 5790 1651 5842; x_wconf 90' lang='lat' dir='ltr'><strong>PV.</strong></span> <span class='ocrx_word' id='word_1_416' title='bbox 1667 5822 1700 5828; x_wconf 96' lang='lat'><em>-</em></span> <span class='ocrx_word' id='word_1_417' title='bbox 1717 5792 1736 5820; x_wconf 72' lang='lat'>¹¹</span> <span class='ocrx_word' id='word_1_418' title='bbox 1750 5790 1842 5842; x_wconf 84' lang='lat' dir='ltr'>l&#39;orma</span> <span class='ocrx_word' id='word_1_419' title='bbox 1857 5795 1911 5858; x_wconf 71' lang='lat' dir='ltr'>est]</span> <span class='ocrx_word' id='word_1_420' title='bbox 1926 5810 1981 5844; x_wconf 84' lang='lat' dir='ltr'>nm.</span> <span class='ocrx_word' id='word_1_421' title='bbox 1997 5792 2025 5843; x_wconf 88' lang='lat' dir='ltr'>P.</span> <span class='ocrx_word' id='word_1_422' title='bbox 2041 5824 2074 5830; x_wconf 94' lang='lat'><em>-</em></span> <span class='ocrx_word' id='word_1_423' title='bbox 2091 5793 2110 5822; x_wconf 82' lang='lat'>¹³</span> <span class='ocrx_word' id='word_1_424' title='bbox 2123 5790 2343 5843; x_wconf 85' lang='lat' dir='ltr'>immeditiatius</span> <span class='ocrx_word' id='word_1_425' title='bbox 2360 5791 2389 5844; x_wconf 82' lang='lat' dir='ltr'>l&#39;.</span> 
     </span>
    </p>
   </div>
   <div class='ocr_carea' id='block_1_6' title="bbox 1121 6020 2252 6095">
    <p class='ocr_par' dir='ltr' id='par_1_6' title="bbox 1121 6020 2252 6095">
     <span class='ocr_line' id='line_1_40' title="bbox 1121 6020 2252 6095; baseline 0.003 -21"><span class='ocrx_word' id='word_1_426' title='bbox 1121 6025 1159 6087; x_wconf 75' lang='lat' dir='ltr'>tl)</span> <span class='ocrx_word' id='word_1_427' title='bbox 1180 6021 1212 6073; x_wconf 93' lang='lat' dir='ltr'>V.</span> <span class='ocrx_word' id='word_1_428' title='bbox 1228 6020 1402 6075; x_wconf 87' lang='lat' dir='ltr'>Henricus</span> <span class='ocrx_word' id='word_1_429' title='bbox 1422 6022 1462 6075; x_wconf 89' lang='lat' dir='ltr'>de</span> <span class='ocrx_word' id='word_1_430' title='bbox 1483 6021 1668 6088; x_wconf 70' lang='lat' dir='ltr'>Gandam,</span> <span class='ocrx_word' id='word_1_431' title='bbox 1690 6022 1795 6091; x_wconf 82' lang='lat' dir='ltr'>Quorll.</span> <span class='ocrx_word' id='word_1_432' title='bbox 1812 6022 1860 6089; x_wconf 86' lang='lat' dir='ltr'>IV,</span> <span class='ocrx_word' id='word_1_433' title='bbox 1875 6040 1902 6094; x_wconf 91' lang='lat' dir='ltr'>q.</span> <span class='ocrx_word' id='word_1_434' title='bbox 1919 6026 1950 6076; x_wconf 75' lang='lat' dir='ltr'>ltl</span> <span class='ocrx_word' id='word_1_435' title='bbox 1965 6030 1996 6080; x_wconf 74' lang='grc' dir='ltr'>(ῖ.</span> <span class='ocrx_word' id='word_1_436' title='bbox 2011 6023 2031 6089; x_wconf 85' lang='lat'>1,</span> <span class='ocrx_word' id='word_1_437' title='bbox 2046 6021 2065 6074; x_wconf 78' lang='lat' dir='ltr'>l.</span> <span class='ocrx_word' id='word_1_438' title='bbox 2082 6024 2128 6076; x_wconf 81' lang='lat'>171</span> <span class='ocrx_word' id='word_1_439' title='bbox 2145 6030 2174 6076; x_wconf 85' lang='lat' dir='ltr'>et</span> <span class='ocrx_word' id='word_1_440' title='bbox 2188 6027 2252 6095; x_wconf 83' lang='lat' dir='ltr'>sql.</span> 
     </span>
    </p>
   </div>
   <div class='ocr_carea' id='block_1_7' title="bbox 0 0 3354 7991">
    <p class='ocr_par' dir='ltr' id='par_1_7' title="bbox 0 0 3354 7991">
     <span class='ocr_line' id='line_1_41' title="bbox 0 0 3354 7991; baseline 0 0"><span class='ocrx_word' id='word_1_441' title='bbox 0 0 3354 7991; x_wconf 95' lang='lat' dir='ltr'> </span> 
     </span>
    </p>
   </div>
  </div>
 </body>
</html>
