6700 7992
1364 1488 1556 1544 MAGISTRI
1585 1488 1808 1545 GODEFRIDI
1836 1489 1888 1543 DE
1917 1487 2117 1545 FONTIBUS

1500 1957 1804 2042 QUAESTIO
1845 1958 1992 2023 XVIII

1649 2143 1832 2211 (bonon).

1191 2373 1333 2449 Uirum
1364 2371 1434 2472 qni
1461 2372 1565 2446 voru't
1592 2371 1823 2445 solemniter
1850 2371 2051 2446 continere
2074 2371 2206 2470 possit
2227 2378 2306 2470 per

1272 2505 1611 2605 dispensationem
1643 2505 1947 2580 mulrimoninm
1977 2505 2221 2580 contrahere.

1092 2835 1176 2900 Post
1199 2837 1267 2899 hoc
1292 2856 1373 2899 vero
1398 2834 1490 2900 circa
1525 2836 1719 2899 secundum
1744 2837 1976 2919 quaerebatur
2012 2835 2133 2919 primo,
2173 2847 2286 2900 utrum
2324 2835 2358 2901 in
2397 2847 2483 2902 voto

1003 2950 1240 3017 continentiae
1276 2950 1387 3035 possit
1416 2950 1621 3036 dispensari,
1650 2962 1763 3016 utrum
1795 2951 1929 3017 scilicet
1959 2951 2017 3036 qui
2048 2951 2143 3016 vovit
2174 2950 2376 3018 solemniter
2399 2973 2483 3018 con·

1002 3066 1111 3132 tinere
1135 3066 1247 3152 possit
1278 3088 1340 3152 per
1359 3065 1656 3152 dispensationem
1682 3066 1936 3131 matrimonimn
1961 3069 2177 3133 contrahere.
2203 3068 2246 3133 Et
2270 3070 2485 3155 arguebatur

957 3222 960 3227 ·
1002 3184 1099 3268 quod
1126 3205 1209 3248 non.
1246 3182 1380 3248 Dicitur
1409 3181 1500 3247 enim
1526 3183 1629 3246 Extra
1665 3183 1708 3247 de
1744 3193 1836 3247 statu
1872 3185 2133 3264 monachorum,
2159 3184 2248 3249 Cum
2285 3184 2330 3249 ad
2362 3205 2483 3250 mona·

1002 3298 1158 3381 sterium(
1164 3302 1203 3382 l),
1216 3298 1340 3363 dicitur
1354 3298 1449 3382 qood
1466 3297 1640 3362 abdicatio
1659 3298 1889 3383 proprietatis,
1904 3299 1993 3364 sicut
2010 3298 2114 3365 etiam
2127 3300 2288 3365 custodia
2301 3298 2482 3380 castitatis

1002 3416 1093 3481 adeo
1118 3427 1170 3480 est
1194 3436 1330 3479 annexa
1358 3416 1499 3499 regulae
1519 3414 1716 3479 monachali
1738 3426 1773 3479 nt
1798 3425 1919 3480 contra
1944 3438 2021 3480 eam
2049 3437 2116 3482 nec
2136 3437 2293 3482 summus
2323 3416 2483 3503 pontifex

1002 3530 1114 3617 possit
1137 3530 1311 3597 licentiam
1336 3530 1527 3619 indulgere.

1092 3648 1233 3713 Contra.
1266 3647 1393 3712 Votum
1428 3647 1673 3713 oboedientiae
1709 3670 1780 3711 non
1806 3646 1919 3711 minin
1945 3659 1997 3714 est
2021 3658 2104 3713 tuito
2135 3647 2382 3715 continentiae.
2409 3648 2483 3716 Sed

1002 3763 1036 3829 in
1062 3774 1143 3828 voto
1168 3761 1413 3828 oboedientiae
1437 3761 1669 3848 dispensatur,
1696 3774 1731 3828 ut
1762 3775 1857 3849 patet
1881 3786 1960 3828 cum
1978 3763 2162 3851 religiosus
2187 3763 2311 3850 aliquis
2331 3762 2484 3831 efficitur

1002 3878 1203 3965 episcopus,
1234 3901 1315 3943 narn
1339 3880 1383 3943 ab
1415 3878 1639 3944 oboedientia
1663 3878 1716 3943 sni
1742 3879 1878 3944 abbatis
1903 3881 1956 3945 rel
1987 3879 2110 3965 prioris
2135 3880 2335 3946 absolvitur.
2361 3880 2483 3965 Quare

1002 4007 1036 4061 et
1060 4007 1185 4061 cetera.

1091 4112 1303 4197 Respondeo
1339 4111 1526 4177 dicendum
1562 4112 1657 4197 quod
1689 4112 1723 4176 in
1755 4123 1836 4178 voto
1867 4112 2103 4178 continentiae
2134 4123 2250 4199 potest
2281 4112 2481 4200 dispensari

1000 4248 1071 4292 non
1104 4227 1264 4313 prohibet
1294 4228 1498 4294 excellentia
1528 4227 1612 4293 boni
1635 4227 1873 4293 continentiae
1897 4230 1992 4307 (prod
2023 4251 2094 4294 non
2132 4229 2243 4315 possit
2273 4251 2482 4317 recompen-

1000 4341 1078 4406 sari.
1103 4342 1216 4407 Maius
1246 4344 1378 4407 bonum
1404 4341 1495 4407 enim
1531 4351 1646 4428 potest
1671 4343 1853 4426 provenire
1878 4365 1919 4407 ex
1947 4342 2166 4409 matrimonio
2198 4342 2314 4409 nnius‘
2333 4343 2482 4433 virginis

1000 4457 1035 4523 in
1059 4479 1144 4523 casu
1169 4479 1272 4543 quam
1298 4481 1340 4524 ex
1364 4458 1439 4524 eius
1463 4457 1688 4537 continentia,
1714 4469 1750 4522 nt
1775 4458 1802 4522 si
1840 4480 1901 4543 per
1925 4459 1993 4524 hoc
2018 4459 2076 4524 hat
2111 4482 2178 4544 pax
2216 4459 2304 4526 inter
2327 4482 2482 4549 magnos

1000 4595 1146 4659 quorum
1182 4574 1358 4640 discordia
1392 4586 1512 4660 posset
1546 4574 1729 4658 plnriintnn
1768 4575 1952 4640 ecclesiam
1985 4577 2196 4661 perturbare.
2221 4577 2359 4642 Bonum
2384 4575 2480 4643 enirn

1000 4711 1186 4756 commune
1232 4690 1498 4776 praeferendum
1541 4701 1593 4753 est
1635 4691 1730 4755 bono
1765 4689 1908 4774 privato,
1950 4690 1984 4755 in
2026 4713 2096 4776 quo
2139 4690 2242 4757 etiam
2282 4704 2483 4759 reservatur

999 4806 1132 4871 bonnm
1162 4804 1347 4893 singularis
1374 4828 1556 4892 personae.
1582 4806 1670 4870 Nam
1692 4805 1793 4871 etiam
1820 4806 1853 4870 in
1879 4807 1948 4871 hoc
1972 4828 2056 4872 casu
2088 4818 2140 4873 est
2165 4807 2287 4874 melius
2308 4818 2341 4875 et
2366 4807 2483 4897 magis

1000 4921 1210 4988 meritorium
1257 4922 1308 4987 sic
1343 4924 1559 5001 contrahere,
1598 4921 1689 4987 sicut
1727 4922 1919 4987 caelibatus
1963 4923 2126 4988 Iohannis
2169 4946 2240 4989 non
2284 4925 2483 5010 praefertur

999 5037 1218 5104 matrimonio
1250 5038 1423 5103 Abrahae.
1449 5039 1515 5103 Per
1545 5037 1798 5103 inatrinn·›nimn
1831 5038 1923 5103 enim
1959 5062 2031 5104 non
2067 5053 2246 5105 amovetur
2278 5040 2409 5126 aliquid
2435 5038 2483 5109 de

999 5154 1151 5220 essentia
1181 5154 1313 5220 virtutis
1341 5154 1376 5219 in
1411 5176 1481 5239 quo
1512 5153 1625 5219 existit
1660 5154 1896 5240 principaliter
1926 5154 2095 5240 perfectio
2120 5155 2410 5223 vitaehumanae
2445 5169 2481 5225 et

998 5281 1123 5336 cetera.
1149 5270 1238 5337 Cum
1259 5270 1362 5336 etiam
1386 5270 1516 5335 maiora
1535 5272 1639 5350 bona,
1665 5270 1797 5336 scilicet
1821 5270 1941 5351 oratio,
1959 5272 2207 5358 contemplatio
2224 5283 2259 5339 et
2274 5271 2481 5341 huiusmodi

998 5386 1167 5472 recipiant
1192 5386 1487 5472 dispensationem
1514 5399 1548 5451 et
1572 5387 1761 5471 aliquando
1786 5386 1997 5453 meritorium
2017 5398 2070 5453 est
2094 5408 2136 5453 ea
2160 5387 2318 5455 omittere
2335 5400 2483 5475 propter

998 5502 1173 5569 actionem
1198 5524 1276 5568 curn
1301 5501 1442 5589 publica
1466 5524 1520 5567 res
1553 5501 1695 5590 indiget,
1716 5502 1851 5567 videtur
1874 5502 1965 5568 idem
1991 5502 2178 5570 dicendum
2199 5504 2244 5571 de
2267 5504 2481 5593 virginitate.

996 5620 1101 5687 Unde
1126 5641 1205 5685 cum
1231 5618 1354 5684 dicitur
1379 5617 1675 5701 Ecclesiastici(2)
1701 5618 1872 5701 vigesimo
1896 5629 2009 5685 sexto:
2035 5619 2150 5686 omnis
2174 5620 2381 5713 ponderatio
2404 5643 2482 5689 non

1000 5746 1053 5802 est
1077 5735 1184 5823 digna
1213 5735 1349 5799 animae
1373 5733 1595 5812 continentis,
1620 5735 1768 5799 sumitur
1791 5734 2006 5800 continentia
2025 5736 2122 5824 large
2145 5758 2209 5823 pro
2233 5736 2328 5802 omni
2352 5735 2483 5807 virtute

999 5862 1201 5937 comparata
1237 5851 1280 5916 ad
1312 5852 1405 5916 bona
1437 5849 1648 5935 temporalia.
1687 5850 1911 5916 Continentia
1947 5850 2039 5917 enim
2076 5873 2149 5918 non
2184 5850 2378 5919 excluditur
2417 5874 2485 5941 per

1089 6108 1128 6172 ll)
1149 6122 1173 6159 c.
1194 6108 1218 6157 a.
1239 6104 1273 6157 X.
1293 6103 1330 6159 de
1351 6112 1428 6159 statu
1449 6103 1582 6157 monach.
1602 6103 1653 6158 111.
1673 6106 1716 6159 at.
1737 6136 1769 6143 -
1790 6108 1829 6173 (⁸2)
1851 6103 1939 6159 Eccli.
1962 6106 2006 6169 ⁴26,
2024 6108 2067 6159 20.
