6700 7992
1280 1464 1476 1535 Quamurr
1504 1464 1803 1535 Quomraarurr,
1831 1466 1867 1538 Q.
1895 1467 1909 1520 1
2279 1468 2326 1519 aar

943 1643 1137 1724 Praeterea,
1159 1645 1228 1709 hoc
1252 1644 1344 1709 idem
1369 1657 1492 1729 quarto
1517 1646 1711 1710 ostenditur
1728 1667 1770 1711 ex
1786 1645 1920 1712 ratione
1944 1646 2132 1712 identitatis
2157 1646 2330 1712 essentiae

852 1757 1109 1824 individuorum
1138 1770 1172 1824 et
1198 1760 1329 1846 speciei
1358 1773 1392 1827 et
1419 1760 1559 1847 generis
1587 1774 1619 1827 et
1648 1761 1864 1828 differentiae
1891 1761 1924 1826 in
1954 1762 2082 1848 specie.
2117 1761 2205 1827 Cum
2238 1762 2330 1827 enim

853 1872 888 1939 in
916 1874 1055 1940 entibus
1083 1876 1158 1940 sola
1186 1876 1323 1960 species
1357 1876 1609 1962 specialissima
1638 1887 1690 1942 est
1717 1899 1807 1962 quae
1836 1878 1997 1963 importat
2027 1900 2089 1964 per
2113 1899 2151 1943 se
2182 1878 2329 1943 formam

852 1991 897 2054 ab
935 1990 1002 2055 alia
1027 2011 1090 2075 per
1117 2012 1156 2056 se
1191 2004 1225 2056 et
1253 1992 1483 2058 essentialiter
1522 1992 1731 2073 distinctam,
1763 1992 1899 2058 videtur
1934 1995 2029 2078 quod
2055 2015 2122 2058 nec
2159 2015 2329 2081 generum

852 2126 920 2171 nec
950 2106 1220 2172 differentiarum
1252 2106 1295 2172 sit
1323 2107 1410 2186 idea,
1441 2108 1521 2192 quia
1547 2129 1660 2195 genus
1701 2120 1735 2173 et
1766 2109 1960 2175 differentia
1999 2131 2071 2174 non
2111 2120 2192 2174 sunt
2230 2110 2329 2195 plura

851 2224 1046 2288 secundum
1082 2244 1120 2287 se
1156 2224 1210 2288 vel
1246 2225 1439 2289 secundum
1476 2246 1559 2304 rern,
1600 2226 1662 2289 sed
1699 2226 1811 2289 solum
1851 2227 2044 2291 secundum
2088 2226 2256 2290 rationem
2295 2237 2329 2290 et

851 2338 1047 2404 intellectus
1064 2339 1381 2404 considerationem
1399 2350 1433 2404 et
1449 2339 1710 2406 accidentaliter
1733 2363 1795 2426 per
1818 2340 2028 2406 intellectum
2047 2340 2327 2406 considerantem

852 2465 886 2520 et
901 2453 1113 2519 dividentem
1131 2475 1220 2538 quae
1245 2476 1281 2519 re
1298 2467 1379 2520 sunt
1404 2478 1521 2520 unum.
1548 2456 1616 2521 Res
1641 2456 1743 2536 enim,
1762 2456 1827 2520 etsi
1846 2456 2084 2522 universaliter
2108 2467 2142 2521 et
2166 2456 2328 2522 distincte

849 2569 1087 2657 intelligantur
1112 2582 1146 2636 et
1174 2569 1449 2651 considerantur,
1474 2594 1546 2636 non
1571 2583 1686 2636 tamen
1714 2571 1765 2637 sic
1788 2584 1879 2637 sunt.
1905 2574 2008 2638 Unde
2035 2594 2153 2637 eorum
2178 2593 2250 2637 non
2275 2582 2328 2638 est

850 2686 930 2751 idea
968 2707 1031 2772 per
1069 2708 1118 2751 se.
1154 2686 1226 2752 Sed
1256 2708 1320 2772 per
1353 2687 1466 2752 ideam
1506 2687 1636 2773 speciei
1675 2709 1738 2772 per
1772 2710 1875 2771 quam
1911 2689 2065 2773 perfecte
2101 2687 2328 2775 cognoscitur

850 2801 988 2887 species
1006 2802 1171 2882 omnium,
1189 2802 1278 2886 qua¹
1303 2809 1381 2868 e'sse
1405 2804 1460 2867 vel
1477 2804 1691 2868 considerari
1711 2805 1826 2883 habet,
1844 2815 2111 2887 cognoscuntur
2126 2803 2326 2868 huiusmodi

851 2939 941 3001 quae
965 2918 1069 2983 etiam
1104 2918 1268 2984 differunt
1300 2918 1561 2984 accidentaliter
1595 2919 1799 3004 operatione
1835 2919 1971 3007 agentis
2007 2920 2105 3004 plura
2136 2919 2171 2984 in
2203 2931 2327 2984 natura

849 3032 953 3098 unius
978 3033 1151 3101 essentiae
1175 3035 1363 3120 specificae
1398 3035 1633 3120 producentis
1659 3047 1696 3100 ut
1719 3035 1898 3100 individua
1929 3057 2001 3099 non
2036 3037 2167 3100 habent
2202 3057 2264 3121 per
2288 3056 2326 3100 se

848 3148 916 3214 nisi
948 3172 1053 3215 unam
1089 3150 1203 3215 ideam
1239 3161 1273 3215 et
1305 3171 1368 3236 per
1402 3172 1441 3215 se
1477 3150 1635 3236 proprias
1666 3151 1764 3217 ideas
1799 3152 1929 3216 habere
1965 3171 2037 3216 non
2070 3162 2228 3236 possunt.
2254 3151 2326 3217 Sed
2398 3155 2402 3160 ’

848 3265 957 3330 solius
987 3265 1118 3352 speciei
1153 3277 1206 3332 est
1241 3288 1303 3352 per
1337 3288 1375 3332 se
1411 3266 1499 3348 idea,
1536 3266 1616 3351 quia
1651 3289 1714 3353 per
1749 3267 1839 3331 illam
1877 3266 2102 3353 cognoscitur
2137 3289 2199 3352 per
2229 3288 2268 3332 se
2292 3278 2327 3333 et

849 3381 960 3467 pn'mo
985 3382 1122 3467 species
1154 3383 1349 3448 secundum
1374 3404 1421 3463 se,
1448 3394 1482 3447 et
1506 3383 1605 3467 quasi
1631 3406 1673 3449 ex
1705 3383 1935 3467 consequenti
1960 3394 1994 3449 et
2017 3382 2226 3448 secundario
2251 3383 2326 3448 sive

849 3496 883 3562 in
908 3496 985 3582 ipsa
1008 3498 1127 3583 specie
1144 3510 1178 3563 et
1200 3520 1314 3585 genus
1339 3508 1373 3563 et
1396 3520 1519 3563 omnes
1535 3499 1750 3564 differentiae
1767 3501 1961 3564 secundum
1978 3500 2073 3583 quod
2096 3500 2140 3563 ad
2157 3499 2327 3564 rationem

849 3612 980 3699 speciei
1005 3614 1248 3700 completivam
1275 3614 1450 3700 pertinent
1477 3626 1511 3679 et
1539 3615 1642 3679 etiam
1667 3614 1783 3680 omnia
1808 3614 1988 3680 individua
2019 3615 2053 3679 in
2086 3614 2213 3699 quibus
2237 3617 2326 3681 haec

849 3729 1003 3797 essentia
1026 3730 1295 3816 multiplicabilis
1321 3741 1382 3796 est.

938 3846 1059 3912 Potest
1097 3868 1182 3934 ergo
1221 3868 1263 3912 ex
1309 3846 1363 3911 his
1410 3846 1550 3912 formari
1589 3846 1677 3912 ratio
1720 3848 1765 3912 ad
1803 3846 2022 3933 propositum
2068 3848 2325 3913 ostendendum

848 3962 1037 4029 formaliter
1059 3962 1120 4028 sic.
1152 3962 1252 4028 Sicut
1283 3984 1345 4048 per
1376 3963 1489 4029 ideam
1530 3963 1720 4049 perfectam
1745 3962 1875 4049 speciei
1911 3964 2065 4048 perfecte
2100 3962 2327 4049 cognoscitur

847 4078 935 4144 ratio
962 4078 1103 4166 generis
1127 4089 1165 4143 ut
1191 4079 1394 4164 incompleti
1425 4089 1459 4145 et
1490 4079 1576 4144 ratio
1601 4079 1817 4145 differentiae
1842 4091 1879 4144 ut
1895 4079 2069 4164 completi,
2097 4100 2164 4145 nec
2191 4100 2234 4144 ex
2256 4081 2326 4145 hoc

847 4209 929 4261 sunt
948 4196 1066 4281 plures
1089 4195 1190 4261 ideae
1215 4196 1318 4260 unius
1335 4207 1369 4260 et
1385 4195 1543 4261 eiusdem
1560 4195 1692 4281 speciei
1708 4206 1871 4281 respectu
1890 4195 2029 4282 generis
2046 4208 2080 4260 et
2100 4194 2324 4277 differentiae,

848 4333 996 4397 quorum
1023 4322 1140 4377 tamen
1168 4309 1255 4377 ratio
1280 4311 1383 4376 unius
1408 4322 1461 4376 est
1489 4323 1584 4376 extra
1611 4311 1781 4377 rationem
1814 4310 1954 4377 alterius
1983 4323 2016 4377 et
2040 4311 2140 4395 quasi
2168 4312 2325 4378 diversos

846 4429 978 4517 gradus
1017 4428 1180 4493 formales
1219 4429 1414 4493 secundum
1461 4427 1631 4494 rationem
1671 4418 1918 4548 consideipndi
1959 4427 2157 4513 important,
2197 4466 2239 4475 -
2278 4428 2325 4493 ita

847 4543 950 4611 etiam
974 4556 1137 4630 respectu
1162 4544 1377 4609 diversorum
1402 4544 1659 4609 individuorum
1692 4566 1839 4628 quorum
1875 4543 2013 4628 species
2048 4555 2102 4609 est
2130 4555 2203 4609 tota
2237 4544 2324 4609 ratio

847 4659 1001 4725 formalis
1038 4671 1072 4726 et
1109 4660 1313 4725 essentialis.
1350 4661 1425 4725 Nec
1464 4660 1561 4725 addit
1599 4659 1815 4741 individuum
1855 4681 1961 4745 super
2002 4659 2156 4745 speciem
2196 4659 2324 4743 aliquid

847 4776 1026 4861 pertinens
1051 4777 1095 4840 ad
1130 4775 1300 4841 rationem
1329 4788 1363 4840 et
1399 4775 1586 4840 essentiam
1613 4775 1689 4840 eius
1718 4776 1752 4839 in
1776 4775 1835 4844 tali
1867 4776 1996 4861 specie.
2028 4776 2108 4842 Una
2140 4787 2174 4841 et
2201 4776 2324 4841 eadem

796 4917 799 4924 ¹
846 4890 935 4972 idea,
965 4913 1056 4976 quae
1084 4904 1138 4957 est
1165 4890 1274 4977 ipsius
1307 4891 1439 4977 speciei
1465 4914 1528 4977 per
1557 4914 1606 4971 se,
1640 4903 1693 4956 est
1723 4903 1757 4957 et
1785 4891 1940 4956 omnium
1972 4891 2229 4956 individuorum
2258 4894 2324 4956 sub

846 5007 912 5073 illa.
937 5008 1014 5073 Nec
1038 5008 1104 5072 alia
1132 5008 1211 5073 idea
1235 5019 1287 5072 est
1311 5008 1535 5072 humanitatis
1559 5009 1755 5073 secundum
1785 5028 1824 5072 se
1851 5018 1885 5073 et
1911 5005 2135 5072 humanitatis
2163 5007 2267 5072 huius
2287 5019 2325 5072 ut

846 5123 881 5189 in
908 5124 977 5189 hoc
1000 5122 1192 5203 individu0,
1217 5124 1307 5189 sicut
1333 5123 1399 5188 alia
1423 5134 1476 5188 est
1503 5123 1731 5189 humanitatis
1748 5134 1781 5188 et
1809 5122 1988 5188 asinitatis
2006 5124 2110 5190 Unde
2130 5124 2237 5188 homo
2263 5145 2325 5208 per

846 5260 885 5304 se
910 5249 944 5305 et
967 5237 1079 5324 primo
1107 5240 1213 5305 habet
1244 5259 1322 5304 esse
1351 5241 1395 5304 ad
1423 5239 1649 5305 imitationem
1678 5238 1784 5304 divini
1812 5238 2027 5324 exemplaris,
2061 5240 2183 5305 Petrus
2208 5250 2323 5304 autem

846 5375 918 5421 non
936 5354 986 5421 sic
1010 5354 1121 5441 pn'mo
1138 5366 1171 5421 et
1195 5377 1258 5441 per
1274 5378 1322 5436 se,
1339 5355 1419 5421 licet
1435 5356 1550 5440 aliquo
1569 5357 1674 5421 modo
1699 5377 1761 5440 per
1777 5378 1825 5435 se,
1842 5356 1876 5419 in
1894 5366 2062 5439 quantum
2079 5366 2132 5420 est
2147 5356 2323 5439 quoddam

846 5493 910 5537 ens
934 5493 1043 5537 unum
1067 5472 1168 5537 reale.
1201 5472 1272 5538 Sed
1299 5494 1372 5537 non
1400 5474 1506 5537 habet
1532 5493 1611 5538 esse
1636 5473 1832 5538 secundum
1855 5470 2083 5536 imitationem
2109 5471 2215 5537 divini
2243 5492 2324 5537 esse

846 5608 910 5673 per
932 5609 971 5653 se
996 5599 1030 5654 et
1052 5588 1164 5674 primo
1189 5589 1384 5654 secundum
1408 5590 1503 5672 quod
1528 5599 1581 5653 est
1604 5590 1728 5653 Petrus
1754 5588 1889 5653 habens
1913 5587 1947 5651 in
1980 5609 2019 5653 se
2049 5588 2141 5652 hanc
2167 5587 2324 5653 humani·

845 5714 961 5784 tatem,
987 5706 992 5787 l
1017 5705 1081 5770 sed
1104 5705 1298 5770 secundum
1323 5705 1419 5788 quod
1442 5706 1549 5768 homo
1573 5703 1775 5789 simpliciter
1793 5704 1928 5768 habens
1952 5702 1987 5767 in
2012 5725 2050 5768 se
2074 5703 2323 5769 humanitatem

846 5817 1066 5905 simpliciter;
1106 5830 1140 5885 et
1181 5821 1475 5904 quemadmodum
1511 5819 1638 5885 accidit
1672 5819 1877 5884 humanitati
1915 5818 2114 5916 simpliciter
2150 5820 2243 5919 quod
2280 5820 2324 5900 sit

936 6076 946 6107 ¹
959 6090 1018 6159 quo
1030 6075 1065 6137 V.

2379 5686 2446 5741 cod.
2460 5687 2486 5740 V

2345 5756 2395 5812 fol.
2409 5760 2460 5813 281
2474 5758 2517 5811 νᾶ
