6700 7992
1033 1408 1069 1459 82
1398 1404 1589 1460 MAGISTRI
1618 1404 1839 1459 GODEFRIDI
1867 1404 1919 1458 DE
1947 1404 2146 1461 FONTIBUS

1034 1582 1232 1651 immediate
1259 1582 1430 1672 attingere
1457 1582 1646 1663 materiam,
1671 1584 1818 1650 formam
1846 1584 2110 1650 substantialem
2135 1583 2333 1651 immediate
2357 1584 2391 1650 in
2416 1586 2512 1651 nuda

1034 1699 1177 1767 materia
1206 1699 1236 1766 si
1259 1699 1507 1786 praeexisteret
1538 1698 1780 1786 imprimendo,
1808 1721 1875 1766 nec
1907 1699 2105 1766 immediate
2133 1710 2287 1766 removet
2301 1722 2340 1780 ,a
2369 1700 2512 1768 materia

1034 1815 1180 1882 formam
1214 1814 1477 1881 substantialem
1498 1815 1517 1895 ¹,
1550 1817 1614 1882 sed
1646 1815 1757 1901 primo
1796 1825 2002 1881 transmutat
2041 1815 2218 1882 materiam
2258 1827 2427 1902 quantum
2467 1817 2512 1883 ad

1035 1929 1293 2018 dispositiones
1310 1942 1345 1997 et
1372 1932 1637 1997 transmutando
1665 1941 1700 1997 et
1724 1930 1947 2017 disponendo
1972 1953 2048 1997 eam
2075 1930 2209 1998 inducit
2232 1933 2389 1998 sormam.
2414 1930 2514 2000 Sicut

1035 2068 1120 2135 ergo
1138 2046 1280 2113 materia
1296 2069 1367 2113 non
1392 2045 1561 2113 subicitur
1580 2045 1699 2134 agenti
1723 2046 1790 2112 nisi
1815 2046 1897 2132 quia
1919 2048 2025 2114 habet
2046 2046 2296 2133 dispositiones
2321 2047 2513 2114 contrarias

1034 2162 1077 2244 ei,
1105 2162 1155 2229 sic
1180 2161 1283 2229 etiam
1318 2162 1432 2249 ipsum
1468 2184 1579 2251 agens
1610 2162 1768 2229 naturale
1800 2184 1872 2228 non
1906 2173 2112 2228 transmutat
2143 2162 2319 2229 materiam
2353 2162 2421 2228 nisi
2452 2185 2515 2250 per

1034 2277 1216 2365 qualitates
1240 2277 1432 2344 contrarias
1455 2277 1679 2345 inhaerentes
1703 2278 1743 2345 ei.
1770 2278 1869 2345 Sicut
1893 2300 1978 2367 ergo
2002 2279 2078 2344 sola
2102 2278 2327 2344 substantia'
2350 2279 2514 2346 materiae

1034 2416 1106 2461 non
1132 2393 1258 2460 sufficit
1282 2403 1319 2460 ut
1345 2404 1603 2475 transmutetur,
1627 2393 1679 2460 sic
1703 2393 1810 2460 sola³
1843 2394 2038 2460 substantia
2066 2394 2204 2482 agentis
2232 2415 2304 2459 non
2328 2393 2454 2461 sufficit
2478 2404 2515 2459 ut

1034 2520 1247 2576 transmutet.

1123 2626 1202 2692 Hoc
1226 2624 1327 2691 etiam
1353 2624 1472 2711 patet⁴
1489 2647 1530 2691 ex
1554 2637 1652 2712 parte
1677 2625 1824 2713 agentis,
1842 2625 1942 2691 cuius
1959 2625 2050 2692 actio
2074 2647 2146 2691 non
2172 2636 2224 2691 est
2247 2624 2363 2692 subita
2378 2636 2413 2693 et
2429 2625 2515 2692 indi·

1034 2739 1188 2821 visibilis,
1214 2741 1276 2807 sed
1308 2741 1510 2807 successiva
1541 2753 1575 2807 et
1603 2741 1794 2821 divisibilis,
1825 2741 1906 2826 quia
1940 2741 2021 2806 illud
2050 2741 2175 2827 quod⁵
2202 2740 2313 2828 primo
2341 2740 2516 2808 inducitur

1033 2857 1068 2922 in
1099 2878 1206 2941 passo
1235 2878 1298 2943 per
1320 2856 1512 2942 potentiam
1537 2856 1686 2923 activam
1716 2856 1852 2945 agentis
1884 2869 1937 2924 est
1960 2856 2071 2922 forma
2096 2856 2331 2923 accidentalis.
2361 2856 2399 2924 Si
2423 2856 2515 2923 enim

846 2958 1012 3085 loiiioilvn
1033 2971 1167 3038 inducit
1190 2972 1336 3038 fonnam
1360 2972 1634 3052 substantialem,
1659 2973 1729 3039 hoc
1753 2982 1805 3039 est
1830 2961 2004 3039 mediante
2022 2973 2131 3038 forma
2157 2972 2364 3038 accidentali
2387 2972 2420 3038 in
2447 2994 2517 3058 qua

1034 3098 1149 3174 potest
1184 3090 1188 3173 Ι
1224 3109 1304 3155 esse
1339 3099 1475 3168 motus;
1511 3098 1545 3154 et
1580 3088 1610 3153 si
1644 3087 1868 3155 induceretur
1898 3089 2010 3154 forma
2045 3087 2284 3154 substantialis
2312 3090 2356 3152 ab
2388 3100 2516 3176 agente

1034 3203 1180 3269 naturali
1212 3224 1284 3269 non
1316 3203 1492 3270 mediante
1520 3203 1752 3289 dispositione
1780 3203 1996 3283 accidentali,
2030 3215 2124 3270 esset
2151 3203 2295 3269 mutatio
2323 3224 2413 3288 quae
2444 3225 2516 3269 non

1035 3329 1127 3385 esset
1151 3319 1317 3386 terminus
1341 3319 1486 3385 alicuius
1511 3331 1626 3385 motus
1650 3331 1685 3386 et
1709 3319 1931 3386 induceretur
1956 3320 2067 3385 sonna
2084 3319 2118 3385 in
2135 3319 2278 3386 materia
2298 3318 2515 3405 indisposita.

1035 3435 1158 3523 Agens
1187 3457 1272 3523 ergo
1300 3436 1456 3502 naturale
1483 3435 1595 3521 primo
1627 3435 1762 3502 inducit
1787 3435 1985 3502 immediate
2017 3437 2162 3501 formam
2193 3435 2454 3514 accidentalem,
2483 3445 2517 3501 et

1034 3550 1209 3617 mediante
1226 3551 1282 3616 illa
1303 3552 1449 3616 sormam
1474 3551 1746 3617 substantialem.
1765 3551 1807 3617 Et
1824 3551 1903 3618 ideo
1920 3563 2059 3638 oportet
2075 3551 2308 3617 immediatam
2326 3550 2517 3637 potentiam

1035 3667 1183 3732 activam
1211 3666 1288 3732 talis
1316 3666 1453 3755 agentis
1481 3688 1560 3733 esse
1588 3666 1691 3733 etiam
1724 3668 1869 3733 formam
1898 3667 2158 3734 accidentalem.
2192 3668 2295 3734 Unde
2322 3667 2517 3733 secundum

1035 3783 1355 3848 Commentatorem
1372 3787 1430 3867 (l),
1454 3781 1603 3868 septimo
1627 3782 1899 3869 Metaphysicae,
1917 3783 2089 3849 elementa
2105 3805 2177 3849 non
2201 3782 2378 3868 patiuntur
2402 3803 2517 3866 neque

1036 3910 1144 3987 agunt
1167 3897 1233 3964 nisi
1257 3920 1321 3984 per
1343 3897 1536 3984 qualitates,
1561 3920 1633 3964 non
1658 3920 1721 3984 per
1744 3900 1871 3965 formas
1896 3898 2165 3978 substantiales3
2190 3909 2381 3964 esttamen
2406 3898 2518 3963 forma

1036 4013 1273 4079 substantialis
1297 4013 1331 4079 id
1358 4012 1392 4078 in
1417 4012 1517 4079 cuius
1541 4013 1665 4080 virtute
1690 4013 1802 4079 activa
1833 4013 1988 4100 potentia
2016 4013 2244 4080 accidentalis
2272 4024 2456 4099 operatur;
2484 4022 2518 4080 et

1036 4128 1125 4195 sicut
1149 4130 1260 4195 forma
1276 4128 1514 4195 substantialis
1530 4128 1565 4194 in
1590 4103 1717 4217 agente
1749 4133 1753 4214 Ι
1786 4139 1839 4195 est
1856 4128 1963 4195 illud⁰
1979 4129 2035 4195 cui
2053 4128 2207 4194 innititur
2223 4128 2337 4193 omnis
2361 4127 2518 4214 potentia

1036 4244 1149 4310 activa
1170 4244 1394 4330 superaddita
1417 4243 1644 4323 substantiae,
1669 4243 1721 4310 sic
1743 4245 1855 4310 forma
1881 4245 2117 4310 substantialis
2135 4245 2331 4310 introducta
2356 4243 2390 4309 in
2410 4264 2518 4329 passo
2634 4273 2641 4285 ·

1036 4369 1088 4426 est
1116 4359 1151 4425 id
1179 4362 1224 4426 ad
1255 4358 1381 4446 qu0d⁷
1408 4372 1481 4426 tota
1509 4360 1750 4426 transmutatio
1778 4360 1968 4426 ordinatur.
1999 4361 2042 4425 Et
2074 4360 2153 4426 ideo
2183 4359 2378 4425 secundum
2408 4335 2517 4445 ipsam

1036 4497 1106 4541 non
1141 4488 1193 4542 est
1223 4475 1475 4557 transmutati0,
1507 4476 1570 4543 sed
1602 4475 1679 4563 ipsa
1710 4488 1763 4542 est
1795 4475 2093 4541 transmutationis
2125 4475 2292 4541 terminus
2324 4475 2397 4541 sive
2428 4473 2517 4540 finis.

1126 4593 1192 4657 Per
1215 4592 1393 4678 praedicta
1427 4602 1522 4678 patet
1549 4594 1618 4659 hoc
1642 4592 1734 4658 idem
1772 4615 1813 4659 ex
1847 4603 1945 4678 parte
1982 4591 2091 4677 ipsius
2127 4590 2286 4657 actionis
2316 4591 2403 4656 Nam
2439 4611 2517 4656 cum

1036 4707 1127 4774 actio
1152 4707 1330 4793 potentiae
1358 4707 1491 4775 activae
1526 4707 1561 4773 in
1590 4719 1749 4774 creatura
1777 4707 1820 4773 sit
1855 4708 2027 4793 quaedam
2064 4706 2316 4786 transmutatio,
2341 4718 2376 4772 et
2404 4704 2518 4771 omnis

1035 4823 1276 4891 transmutatio
1292 4823 1366 4889 sive
1390 4835 1506 4890 motus
1531 4824 1575 4889 sit
1598 4824 1793 4889 secundum
1818 4824 1963 4889 formam
1988 4823 2239 4889 accidentalem
2265 4843 2337 4888 non
2354 4823 2515 4887 substan·

1036 4938 1150 5004 tialem
1184 4939 1392 5020 immediate,
1425 4950 1563 5026 oportet
1594 4939 1785 5026 potentiam
1818 4961 1908 5024 quae
1948 4950 2001 5005 est
2040 4939 2276 5005 immediatum
2309 4936 2517 5024 principium

1036 5054 1113 5120 talis
1138 5054 1436 5121 transmutationis
1461 5076 1540 5122 esse
1565 5054 1827 5121 accidentalem.

1126 5168 1278 5237 Ulterius
1308 5182 1425 5237 tamen
1449 5182 1502 5236 est
1537 5170 1802 5258 intelligendum
1830 5171 1874 5236 de
1902 5170 2058 5256 potentia
2090 5169 2229 5256 passiva
2260 5168 2435 5250 materiae,
2464 5168 2517 5234 vel

1037 5284 1112 5352 eius
1137 5286 1231 5372 quod
1256 5287 1362 5352 habet
1385 5285 1554 5352 rationem
1578 5285 1743 5351 materiae
1768 5284 1841 5352 vel⁸
1865 5285 2022 5364 subiecti,
2048 5285 2143 5371 quod
2167 5285 2248 5371 quia
2272 5284 2349 5370 ipsa
2376 5282 2518 5350 materia

1037 5413 1090 5468 est
1106 5400 1253 5488 primum
1280 5414 1315 5468 et
1338 5424 1463 5488 purum
1487 5400 1677 5488 potentiale
1700 5401 1735 5466 in
1752 5421 1883 5489 genere
1911 5400 2147 5479 materialium,
2166 5412 2199 5466 et
2224 5401 2333 5465 forma
2358 5401 2518 5465 substan·

1131 5660 1137 5691 ¹
1161 5657 1330 5712 immediate
1350 5657 1379 5712 in
1399 5656 1529 5711 nuda-
1549 5656 1783 5726 substantialem]
1803 5675 1859 5711 om.
1879 5657 1910 5711 P.
1933 5689 1966 5697 -
1986 5658 1996 5689 ²
2018 5655 2201 5711 substantiae
2224 5656 2255 5711 P.
2276 5688 2308 5696 —
2327 5656 2339 5689 ⁸
2359 5673 2415 5709 om.
2435 5655 2465 5709 P.
2486 5686 2519 5695 -

1038 5749 1048 5778 ⁴
1063 5754 1187 5818 apparet
1200 5745 1232 5801 P.
1246 5777 1279 5785 -
1294 5747 1304 5776 ⁶
1317 5762 1376 5816 quo
1392 5745 1423 5799 P.
1436 5777 1470 5785 -
1484 5746 1496 5776 ⁶
1508 5743 1537 5798 id
1551 5745 1581 5799 P.
1596 5777 1627 5784 —
1646 5745 1654 5775 ¹
1668 5744 1706 5799 ad
1719 5744 1809 5816 quod]
1825 5762 1914 5815 aquo
1928 5745 1959 5798 P.
1975 5777 2006 5784 -
2022 5742 2109 5798 ⁸eius
2123 5777 2155 5783 -
2170 5744 2226 5814 vel}
2241 5762 2296 5798 om.
2311 5744 2341 5798 P.

1126 5927 1166 5991 (1)
1179 5923 1205 5977 A
1214 5923 1366 5989 verroiS,
1379 5923 1607 5994 Metaphysicae,
1620 5922 1638 5976 l.
1653 5922 1718 5989 Vll,
1732 5940 1756 5977 c.
1769 5926 1803 5977 10
1816 5921 1968 5989 (Venetiis,
1981 5925 2058 5986 1552,
2068 5941 2095 5993 p.
2106 5925 2162 5979 ant.
2179 5922 2335 5994 «Apparet
2348 5921 2425 5976 enim
2439 5919 2520 5993 quod

933 6090 936 6095 Ι
1038 6011 1182 6070 elementa
1202 6030 1260 6067 non
1274 6012 1422 6088 patiantur
1440 6028 1537 6087 neque
1556 6019 1646 6085 agant
1665 6009 1722 6064 nisi
1741 6027 1794 6085 per
1807 6009 1972 6083 qualitates,
1990 6027 2049 6064 non
2070 6027 2122 6085 per
2142 6009 2253 6064 formas
2271 6009 2517 6069 substantiales.»
