6700 7992
871 1625 945 1680 Cod.
958 1626 985 1679 V

843 1697 893 1754 sol.
907 1701 957 1753 281
972 1699 1014 1753 Vb

1035 1460 1088 1511 2³4
1401 1458 1593 1526 MAGISTRI
1621 1458 1843 1514 GODEFRIDI
1871 1459 1922 1513 DE
1951 1458 2149 1515 FONTlBUS

1037 1649 1197 1704 aeternas
1221 1640 1415 1704 secundum
1441 1661 1519 1704 esse
1544 1639 1806 1724 quidditativum
1848 1641 1903 1705 vel
1927 1640 2112 1705 essentiale
2137 1639 2333 1706 secundum
2357 1639 2453 1725 quod
2488 1640 2493 1723 Ι

1036 1756 1168 1819 habent
1191 1776 1269 1820 esse
1294 1754 1327 1818 in
1363 1776 1503 1841 genere,
1529 1755 1572 1820 sit
1595 1776 1729 1840 ponere
1753 1758 1920 1821 mundum
1946 1777 2025 1821 esse
2060 1766 2241 1822 aeternum
2267 1768 2302 1822 et
2324 1755 2443 1822 fuisse,
2469 1756 2513 1821 Et

1037 1872 1249 1957 arguebatur
1271 1872 1366 1955 quod
1391 1870 1451 1947 sic,
1470 1870 1550 1955 quia
1574 1893 1707 1956 ponere
1732 1893 1786 1936 res
1811 1871 2145 1957 praedicamentales
2169 1871 2278 1937 fuisse
2299 1873 2343 1937 ab
2368 1883 2511 1938 aeterno

1037 1987 1231 2052 secundum
1247 1987 1433 2071 essequod
1447 1989 1576 2052 habent
1591 1987 1624 2052 in
1639 2010 1678 2052 se
1695 1986 1789 2073 ipsis,
1804 1997 1856 2053 est
1868 2008 2001 2072 ponere
2018 1987 2186 2052 mundum
2199 1986 2308 2053 fuisse
2321 1999 2511 2054 aeternum.

1038 2101 1109 2167 Sed
1134 2123 1266 2188 ponere
1290 2124 1345 2168 res
1362 2103 1696 2188 praedicamentales
1712 2105 1907 2168 secundum
1926 2125 2003 2168 esse
2021 2103 2285 2188 quidditativum
2303 2103 2376 2170 sive
2395 2126 2512 2171 essen·

1037 2217 1117 2283 tiale
1141 2219 1185 2282 ab
1210 2230 1353 2283 aeterno
1377 2219 1487 2284 luisse
1511 2219 1546 2284 in
1571 2241 1702 2306 genere
1727 2232 1779 2285 est
1807 2242 1939 2306 ponere
1967 2241 2022 2285 res
2046 2220 2380 2305 praedicamentales
2404 2220 2513 2287 fuisse

1037 2335 1082 2398 ab
1100 2344 1242 2398 aeterno
1260 2336 1453 2400 secundum
1472 2337 1661 2420 essequod
1679 2337 1808 2401 habent
1826 2335 1860 2399 in
1878 2357 1916 2400 se
1937 2334 2032 2421 ipsis.
2051 2336 2169 2418 Quare
2186 2347 2220 2401 et
2237 2347 2361 2402 cetera.

1126 2450 1240 2514 Minor
1265 2452 1441 2535 probatur,
1467 2451 1548 2536 quia
1572 2474 1626 2517 res
1647 2451 1981 2535 praedicamentales
2006 2462 2142 2536 praeter
2166 2473 2244 2517 esse
2269 2452 2363 2535 quod
2383 2454 2514 2516 habent

1038 2564 1071 2629 in
1101 2587 1140 2630 se
1164 2565 1248 2650 ipsis
1274 2588 1345 2631 non
1370 2568 1501 2631 liabent
1528 2567 1593 2631 nisi
1618 2567 1739 2652 triplex
1765 2589 1854 2645 esse,
1879 2566 2011 2632 scilicet
2035 2566 2069 2631 in
2094 2581 2210 2632 mente
2235 2567 2362 2648 divina,
2390 2569 2453 2633 sed
2478 2578 2515 2632 ut

1038 2681 1185 2747 sicnon
1210 2681 1348 2746 suntin
1378 2703 1508 2765 genere
1534 2683 1615 2766 quia
1644 2696 1681 2747 ut
1705 2683 1755 2747 sic
1786 2705 1858 2748 non
1887 2692 1967 2747 sunt
1995 2683 2131 2747 realiter
2165 2683 2257 2748 aliud
2286 2685 2330 2748 ab
2362 2683 2514 2748 essentia

1039 2795 1156 2862 divina
1180 2797 1278 2862 etsie
1302 2799 1433 2863 liabent
1450 2820 1527 2863 esse
1552 2798 1697 2863 <minino
1722 2798 1924 2863 illimitatum
1950 2810 1983 2863 et
2000 2798 2300 2863 indeterminatum
2322 2801 2366 2864 ad
2390 2821 2514 2886 genus

1038 2914 1121 2978 ltem
1147 2913 1180 2978 in
1206 2924 1379 2999 conceptu
1405 2914 1599 2979 intellectus
1624 2915 1741 2992 creati,
1767 2915 1829 2978 sed
1854 2926 1891 2978 ut
1912 2914 1963 2978 sic
1987 2913 2088 2978 etiam
2115 2936 2185 2979 non
2210 2915 2348 2980 suntin
2373 2937 2514 3002 genere,

1039 3028 1119 3113 quia
1144 3041 1181 3094 ut
1204 3029 1256 3095 sic
1279 3052 1350 3093 non
1376 3031 1508 3095 liabent
1536 3052 1615 3095 esse
1644 3029 1845 3115 simpliciter
1869 3041 1902 3095 et
1931 3029 2084 3115 perfecte
2113 3032 2176 3095 sed
2202 3053 2281 3096 esse
2309 3031 2514 3096 diminutum

1040 3155 1073 3210 et
1097 3144 1347 3230 imperfectum,
1370 3167 1476 3230 quare
1501 3158 1534 3211 et
1559 3158 1684 3211 cetera.
1709 3147 1793 3211 Item
1818 3145 1854 3210 in
1878 3146 1951 3209 suis
1975 3145 2164 3231 principiis,
2189 3147 2253 3212 sed
2277 3159 2314 3212 ut
2339 3147 2389 3212 sic
2413 3148 2515 3213 etiam

1040 3283 1110 3325 non
1143 3263 1274 3325 habent
1305 3261 1338 3326 in
1367 3284 1497 3346 genere
1526 3284 1614 3342 esse,
1644 3261 1726 3346 quia
1757 3272 1793 3326 ut
1821 3260 1871 3326 sic
1900 3283 1973 3325 non
2000 3263 2130 3326 habent
2166 3284 2244 3327 esse
2279 3263 2313 3328 in
2341 3274 2421 3329 actu
2452 3265 2516 3329 sed

1040 3378 1152 3441 solum
1177 3377 1212 3441 in
1236 3374 1392 3463 potentia
1418 3389 1451 3443 et
1475 3389 1600 3443 cetera.

1130 3492 1271 3558 Contra.
1298 3493 1560 3578 Consequentia
1585 3516 1655 3558 non
1682 3495 1771 3559 valet
1798 3493 1898 3559 cuius
1923 3516 2148 3578 consequens
2173 3506 2226 3560 est
2252 3496 2451 3560 danmatum
2483 3506 2517 3560 et

1040 3630 1111 3674 non
1138 3611 1361 3687 antecedens,
1391 3610 1471 3694 quia
1495 3622 1698 3676 remanente
1722 3612 1953 3676 antecedente
1978 3609 2193 3695 impossibile
2219 3623 2272 3677 est
2293 3632 2516 3695 consequens

1040 3726 1240 3789 damnatum
1265 3746 1353 3790 esse.
1380 3726 1451 3792 Sed
1476 3726 1510 3791 in
1548 3726 1730 3811 proposito
1769 3747 2002 3810 consequens,
2041 3728 2173 3793 scilicet
2208 3728 2375 3791 mundum
2408 3726 2517 3792 fuisse

1040 3842 1085 3905 ab
1110 3851 1252 3906 aeterno
1277 3852 1330 3906 est
1346 3842 1557 3921 damnatum,
1575 3864 1645 3906 non
1664 3854 1780 3907 autem
1798 3843 2022 3922 antecedens,
2040 3843 2121 3927 quia
2138 3843 2254 3907 adhuc
2271 3843 2315 3906 31)
2340 3841 2515 3926 aliquibus

1041 3956 1222 4022 catholicis
1246 3957 1396 4042 ponitur.
1423 3958 1541 4040 Quare
1565 3968 1599 4022 et
1623 3969 1749 4023 cetera.

1130 4074 1344 4158 Respondeo
1369 4074 1556 4139 dicendum
1581 4075 1675 4158 quod
1694 4095 1825 4159 ponere
1850 4096 1906 4138 res
1931 4074 1964 4139 in
1982 4096 2112 4158 genere
2130 4076 2173 4138 ab
2190 4086 2334 4139 aeterno
2352 4075 2517 4159 quodam-

1042 4190 1148 4254 modo
1181 4190 1250 4254 hoc
1286 4190 1463 4274 ponendo,
1500 4202 1553 4254 est
1591 4211 1724 4275 ponere
1761 4192 1929 4255 mundum
1967 4203 2145 4255 aeternum
2182 4203 2216 4254 et
2255 4190 2516 4274 quodammodo

1041 4326 1123 4370 non.
1157 4305 1213 4370 Ad
1238 4304 1445 4370 evidentiam
1471 4305 1573 4371 liuius
1604 4306 1667 4371 tria
1697 4317 1778 4371 sunt
1802 4307 2022 4371 declaranda.
2058 4305 2173 4370 Primo
2199 4306 2291 4370 enim
2328 4306 2517 4370 ridendum

1042 4422 1214 4505 estquod
1239 4441 1294 4485 res
1318 4421 1423 4485 habet
1448 4443 1526 4486 esse
1551 4421 1585 4485 in
1609 4442 1741 4505 genere
1766 4421 1981 4486 uniformiter
2005 4423 2199 4486 secundum
2232 4443 2310 4485 esse
2344 4422 2518 4487 essentiae

1042 4548 1077 4604 et
1104 4536 1317 4615 existentiae,
1347 4537 1505 4602 secundo
1533 4538 1626 4620 quod
1655 4537 1769 4601 omnis
1798 4559 1852 4603 res
1885 4559 1974 4621 quae
2006 4539 2112 4601 habet
2143 4559 2220 4602 esse
2242 4536 2275 4601 in
2305 4548 2385 4603 actu
2413 4539 2467 4602 vel
2483 4537 2519 4602 in

1042 4652 1198 4740 potentia
1237 4654 1343 4717 habet
1373 4674 1451 4717 esse
1483 4652 1516 4716 in
1549 4674 1680 4736 genere
1704 4652 1784 4718 licet
1823 4652 2065 4731 diversimode,
2106 4652 2206 4717 tertio
2246 4653 2425 4735 quomodo
2463 4674 2518 4718 res

1043 4769 1275 4834 diversimode
1305 4768 1436 4833 habent
1467 4790 1546 4833 esse
1578 4769 1613 4832 in
1653 4769 1808 4853 potentia
1840 4779 1874 4833 et
1898 4769 2092 4834 secundum
2124 4770 2193 4833 lroc
2228 4767 2459 4834 diversimode
2483 4767 2518 4833 in

1042 4906 1172 4971 genere
1196 4893 1286 4948 sunt.
1308 4883 1372 4947 His
1400 4895 1516 4948 autem
1545 4883 1728 4950 declaratis
1752 4883 1884 4969 patebit
1908 4884 2034 4949 veritas
2059 4884 2284 4968 quaestionis,
2311 4885 2399 4949 Cum
2426 4884 2519 4951 enim

1043 5023 1098 5066 res
1122 5002 1249 5065 habeat
1274 5020 1352 5064 esse
1376 4998 1410 5063 in
1439 5020 1570 5083 genere
1599 5000 1744 5065 naturali
1769 5000 1842 5066 sive
1868 5000 1950 5066 reali
1977 5023 2058 5066 vere
2083 5012 2116 5065 et
2154 4999 2292 5085 proprie
2324 5000 2519 5066 secundum

1043 5117 1138 5200 quod
1166 5126 1219 5180 est
1247 5136 1310 5181 ens
1338 5137 1400 5201 per
1427 5137 1465 5181 se
1492 5138 1565 5181 non
1594 5137 1655 5201 per
1686 5117 1860 5195 accidens,
1890 5129 1924 5182 et
1953 5117 2147 5182 secundum
2173 5117 2268 5200 quod
2300 5117 2407 5181 habet
2439 5137 2519 5181 esse

1043 5252 1161 5296 verum
1193 5231 1285 5295 reale
1310 5242 1343 5296 et
1367 5231 1631 5315 quidditativum
1657 5234 1849 5298 secundum
1885 5254 1934 5311 se,
1959 5253 2031 5297 non
2067 5233 2262 5297 secundum
2294 5233 2389 5316 quod
2413 5233 2520 5296 habet

1043 5368 1122 5412 esse
1147 5345 1351 5411 diminutum
1377 5349 1569 5413 secundum
1596 5347 1863 5433 conceptionem
1881 5347 2087 5425 intellectus,
2113 5368 2156 5412 eo
2182 5348 2288 5412 modo
2313 5346 2519 5432 ponendum

1044 5473 1097 5528 est
1121 5483 1176 5528 res
1199 5461 1309 5528 fuisse
1334 5462 1367 5526 in
1392 5485 1522 5551 genere
1547 5466 1591 5528 ab
1616 5477 1769 5542 aeterno,
1787 5465 1965 5547 quomodo
1991 5465 2034 5527 ab
2059 5474 2202 5528 aeterno
2226 5463 2426 5528 habuerunt
2452 5464 2520 5528 tale

1044 5601 1123 5644 esse
1147 5579 1240 5644 reale
1264 5578 1527 5663 quidditativum
1553 5591 1586 5643 et
1611 5578 1804 5653 essentiale.

1134 5694 1227 5780 Quia
1265 5715 1347 5760 vero
1387 5696 1431 5759 de
1469 5696 1539 5759 hoc
1578 5694 1662 5758 alias
1680 5700 1726 5777 (1)
1767 5693 1926 5759 diffusius
1965 5706 2018 5760 est
2053 5705 2245 5775 tractatum,
2278 5705 2445 5779 quantum
2476 5695 2522 5760 ad

1044 5831 1212 5898 praesens
1243 5822 1385 5896 propter
1408 5810 1555 5896 primum
1579 5810 1761 5877 articulum
1785 5821 1837 5876 est
1867 5812 2097 5899 repetendum
2133 5812 2228 5895 quod
2264 5809 2356 5876 circa
2386 5809 2521 5887 habitu-

1135 6080 1172 6157 (1)
1193 6077 1301 6155 Quodl.
1322 6078 1357 6145 lI,
1377 6096 1404 6157 q.
1424 6083 1449 6135 2.
