6700 7992
1238 1442 1456 1504 SECUNDUM
1485 1445 1785 1519 QUODLIBETUM,
1814 1446 1850 1521 Q.
1879 1438 1934 1503 Vll
2277 1440 2325 1501 tts

848 1645 890 1695 ex
907 1651 978 1714 quo
994 1629 1070 1714 ipsa
1094 1651 1165 1693 nou
1190 1638 1244 1694 est
1268 1627 1301 1693 id
1320 1629 1328 1663 ¹
1353 1629 1465 1715 ipsum
1484 1629 1618 1695 realiter
1634 1631 1729 1713 quod
1752 1630 1863 1693 forma
1887 1628 2171 1714 supernaturalis,
2189 1637 2326 1714 oportet

803 1807 809 1818 ,
847 1746 943 1829 quod
966 1746 1159 1811 secundum
1185 1744 1268 1809 illud
1294 1745 1499 1810 actualitatis
1523 1767 1624 1828 quam
1650 1747 1755 1810 babet
1780 1745 1823 1809 sit
1847 1745 1958 1808 forma
1982 1746 2069 1809 dans
2094 1745 2326 1812 actualitatem

847 1860 1044 1925 distinctam
1076 1862 1120 1923 ab
1150 1882 1192 1926 ea
1224 1883 1327 1945 qtraur
1356 1862 1415 1925 dat
1443 1861 1568 1935 anima,
1586 1882 1676 1943 quae
1705 1861 1806 1925 etiam
1836 1860 1977 1945 ponitur
2005 1882 2083 1926 esse
2112 1861 2194 1945 quid
2222 1861 2325 1926 aliud.

848 1976 996 2042 Constat
1012 1975 1104 2041 enim
1130 1977 1225 2062 quod
1250 1976 1361 2062 prima
1385 1977 1496 2041 forma
1515 1988 1566 2041 est
1583 1978 1756 2060 quaedam
1781 1976 1905 2041 entitas
1930 1976 2085 2058 actualis,
2109 1999 2181 2042 non
2206 1987 2327 2062 poten·

848 2092 937 2157 tialis
953 2102 991 2157 ut
1007 2091 1189 2157 existentia
1214 2092 1399 2172 materiae3
1419 2114 1502 2175 ergo
1520 2114 1562 2157 ex
1582 2091 1657 2177 ipsa
1674 2093 1779 2158 babet
1796 2092 2026 2178 compositum
2045 2092 2194 2177 aliquam
2211 2103 2327 2159 actua·

849 2208 976 2273 litatem
1001 2208 1264 2274 substantialem
1289 2219 1426 2294 praeter
1450 2208 1561 2287 aliam,
1587 2220 1620 2273 et
1648 2207 1724 2292 ipsa
1749 2209 1942 2274 secundum
1970 2229 2009 2273 se
2036 2221 2198 2293 respectu
2222 2219 2327 2274 mate·

848 2324 918 2390 riae
943 2324 1048 2389 habet
1068 2323 1235 2389 rationem
1261 2325 1393 2389 formae
1418 2323 1618 2409 simpliciter
1640 2323 1720 2389 licet
1746 2324 1947 2409 imperfecte
1965 2336 2126 2409 respectu
2146 2326 2326 2389 multamm

849 2439 1001 2505 aliarum.
1031 2440 1126 2526 Ergo
1152 2441 1241 2505 male
1269 2440 1389 2505 dicuut
1418 2439 1568 2504 dicendo
1597 2441 1691 2523 ‹puid
1721 2461 1790 2503 una
1819 2440 1929 2505 forma
1957 2461 2028 2505 non
2057 2441 2115 2505 dat
2143 2462 2222 2506 esse
2251 2440 2327 2505 sine

850 2556 925 2635 alia,
949 2557 1018 2621 hoc
1043 2554 1094 2620 sic
1118 2555 1345 2641 intelligendo
1370 2556 1492 2640 quorl⁹
1516 2579 1594 2621 esse
1619 2558 1714 2641 quiid
1739 2558 1798 2621 dat
1822 2578 1892 2621 una
1915 2556 2024 2621 sonna
2047 2568 2098 2622 est
2123 2556 2213 2622 idem
2231 2558 2325 2641 quod

849 2693 929 2737 esse
953 2673 1048 2756 quod
1072 2673 1132 2736 dat
1148 2671 1224 2751 alia,
1242 2684 1275 2737 et
1292 2673 1387 2756 quod
1411 2673 1505 2737 nulla
1530 2694 1645 2737 earum
1673 2672 1757 2737 det³
1781 2693 1860 2738 esse
1888 2674 1891 2755 Ι
1919 2671 2095 2758 proprium
2119 2685 2153 2737 et
2178 2674 2222 2736 ab
2247 2693 2326 2737 esse

850 2789 945 2871 quod
970 2788 1029 2853 dat
1053 2787 1119 2853 alia
1143 2787 1353 2854 distinctum.
1372 2787 1464 2871 Quia
1482 2810 1561 2852 cum
1578 2789 1752 2873 <praelibet
1775 2787 1915 2852 istarum
1940 2788 2123 2852 formarum
2149 2787 2192 2852 sit
2217 2789 2326 2853 forma

850 2903 1097 2983 substantialis,
1130 2904 1263 2969 formae
1292 2915 1406 2969 autem
1436 2904 1654 2969 substantiali
1688 2903 1850 2969 convenit
1890 2905 1972 2969 dare
2004 2925 2083 2969 esse
2115 2903 2325 2989 simpliciter,

850 3020 1025 3105 quaelibet
1052 3019 1193 3084 istarum
1219 3020 1315 3085 dabit
1338 3042 1417 3086 esse
1445 3020 1655 3106 simpliciter.
1682 3021 1764 3100 Sed,
1791 3032 1825 3084 ut
1850 3020 1978 3104 pluries
2002 3019 2130 3085 dictum
2156 3032 2218 3097 est,
2244 3019 2327 3084 illud

852 3135 885 3200 iu
911 3157 980 3220 quo
1006 3146 1087 3200 sunt
1111 3136 1228 3222 plures
1253 3137 1384 3201 formae
1405 3136 1529 3201 dantes
1547 3158 1625 3201 esse
1653 3135 1688 3200 in
1718 3148 1798 3201 actu
1832 3158 1904 3201 non
1933 3147 2048 3220 potest
2082 3157 2160 3201 esse
2185 3135 2327 3219 aliquod

852 3274 958 3316 unum
984 3272 1046 3336 per
1069 3272 1117 3316 se.
1142 3252 1237 3337 Ergo
1262 3264 1296 3316 et
1320 3263 1445 3318 cetera.

941 3366 979 3433 Si
1007 3378 1122 3432 autem
1151 3366 1285 3433 dicatur
1312 3369 1406 3453 quod
1436 3368 1620 3433 formarum
1654 3367 1933 3432 substantialium
1965 3369 2136 3451 quaedam
2168 3377 2220 3433 est
2251 3367 2327 3432 talis

852 3484 947 3568 quod
980 3504 1051 3547 una
1082 3483 1156 3548 sola
1188 3483 1340 3549 existens
1373 3506 1436 3568 per
1467 3506 1505 3549 se
1537 3485 1596 3548 dat
1628 3505 1707 3548 esse
1736 3483 1936 3568 simpliciter
1963 3485 2095 3568 absque
2124 3482 2190 3548 alia
2218 3484 2328 3549 forma

851 3598 1081 3679 substantiali,
1098 3598 1188 3664 sicut
1213 3610 1265 3664 est
1290 3599 1344 3663 illa
1368 3599 1424 3664 cui
1449 3600 1638 3684 respondet
1656 3621 1726 3663 una
1742 3599 1897 3685 potentia
1921 3599 2094 3680 materiae,
2112 3600 2231 3684 quales
2248 3609 2329 3665 sunt

852 3736 976 3780 omnes
1000 3716 1131 3780 formae
1155 3715 1403 3780 substantiales
1421 3714 1508 3780 aliae
1534 3717 1577 3779 ab
1602 3714 1717 3779 anima
1741 3716 1893 3780 humana
1911 3726 1945 3781 et
1961 3716 2072 3780 forma
2088 3715 2329 3802 corporeitatis

852 3830 887 3895 in
915 3830 1068 3912 homine,
1097 3832 1268 3915 quaedam
1293 3852 1375 3897 vero
1404 3834 1482 3897 est⁴
1510 3831 1586 3895 talis
1615 3833 1710 3915 quod
1738 3853 1817 3896 cum
1846 3831 1912 3896 alia
1940 3831 1999 3896 dat
2027 3853 2104 3897 esse
2132 3831 2330 3917 simpliciter

853 3957 887 4014 et
910 3968 983 4013 non
1008 3968 1069 4032 per
1092 3968 1131 4012 se
1155 3948 1275 4026 solam,
1293 3946 1383 4012 sicut
1400 3948 1542 4031 quando
1559 3969 1629 4011 una
1646 3948 1721 4013 sola
1738 3947 1893 4033 potentia
1917 3947 2079 4013 materiae
2108 3952 2111 4031 l
2139 3948 2330 4032 respondet

852 4063 1010 4150 pluribus
1035 4063 1153 4128 formis
1169 4062 1190 4143 ⁶,
1211 4062 1300 4129 sicut
1324 4074 1377 4128 est
1401 4063 1435 4127 in
1459 4063 1601 4129 homine
1629 4063 1663 4128 in
1692 4085 1762 4147 quo
1791 4086 1861 4128 una
1888 4064 1963 4129 sola
1987 4063 2142 4149 potentia
2166 4064 2329 4130 materiae

852 4179 1045 4266 respondet
1069 4180 1200 4245 formae
1222 4179 1462 4265 corporeitatis
1480 4192 1513 4244 et
1530 4179 1675 4258 animae,
1694 4192 1834 4265 propter
1852 4181 1920 4245 boc
1936 4181 2030 4264 quod
2048 4203 2118 4244 uua
2135 4192 2187 4246 est
2204 4181 2330 4246 educta

853 4295 897 4360 de
914 4295 1070 4381 potentia
1093 4295 1258 4360 materiae
1276 4307 1309 4360 et
1326 4295 1392 4359 alia
1409 4295 1550 4360 inducta
1572 4298 1615 4360 ab
1634 4295 1841 4376 extrinseco,
1859 4335 1899 4342 —
1917 4297 1986 4361 hoc
2007 4317 2079 4361 non
2096 4297 2195 4362 valet.
2215 4296 2330 4361 Primo

853 4411 934 4497 quia
951 4410 986 4475 in
1002 4413 1071 4476 hoc
1088 4411 1215 4497 petitur
1230 4411 1462 4496 principium3
1488 4434 1567 4475 nam
1593 4414 1660 4477 hoc
1678 4423 1730 4477 est
1749 4412 1842 4496 quod
1861 4411 2044 4495 quaeritur,
2059 4423 2171 4477 utrum
2188 4412 2330 4478 materia

853 4526 963 4613 possit
980 4527 1053 4592 sive
1077 4526 1112 4591 in
1137 4526 1278 4592 homine
1296 4526 1368 4592 sive
1386 4527 1420 4591 in
1438 4527 1505 4591 alio
1524 4527 1675 4592 ordinari
1693 4528 1737 4591 ad
1755 4526 1910 4592 diversas
1931 4528 2060 4592 formas
2085 4528 2330 4594 substantiales

854 4642 980 4727 quibus
1004 4641 1106 4707 simul
1129 4642 1251 4727 perfici
1276 4654 1309 4708 et
1334 4643 1509 4707 informari
1534 4643 1654 4727 possit.
1680 4682 1720 4689 —
1748 4645 1828 4708 ltem
1848 4665 1909 4728 per
1933 4644 2080 4708 eandem
2106 4643 2194 4708 viam
2220 4666 2331 4729 aeque

854 4757 998 4824 faciliter
1013 4757 1139 4844 poterit
1162 4758 1247 4844 poni
1272 4758 1305 4822 in
1332 4758 1486 4842 quolibet
1504 4758 1570 4822 alio
1588 4781 1667 4824 esse
1685 4761 1801 4843 plures
1835 4781 1950 4824 orruas
1975 4759 2232 4840 substantiales
2250 4760 2331 4846 quia

855 4873 988 4939 dicetur
1011 4875 1106 4958 quod
1131 4874 1306 4957 quaelibet
1331 4874 1486 4959 potentia
1510 4874 1673 4940 materiae
1698 4896 1739 4939 ex
1765 4898 1834 4958 qua
1857 4876 1962 4940 debet
1987 4875 2126 4960 aliquod
2147 4897 2211 4942 eus
2226 4898 2332 4964 gene·

750 5008 756 5016 ’
854 4989 921 5054 rari
944 4991 1134 5075 respondet
1158 4991 1310 5074 quodam
1336 4990 1458 5054 ordine
1483 4990 1639 5074 pluribus
1664 4990 1793 5069 formis,
1812 4990 1870 5055 uni
1888 4991 2062 5056 mediante
2080 4991 2156 5069 alia,
2180 5003 2214 5057 et
2238 4994 2332 5076 quod

853 5106 948 5170 nulla
973 5128 1034 5191 per
1058 5127 1096 5170 se
1121 5107 1179 5170 dat
1204 5128 1282 5171 esse
1299 5106 1521 5191 completum,
1540 5107 1602 5171 sed
1628 5109 1750 5171 ambae
1775 5106 1885 5170 simul.
1905 5146 1945 5153 -
1962 5107 2037 5171 Nec
2058 5107 2149 5173 valet
2166 5109 2259 5192 quod
2277 5108 2332 5173 isti

855 5222 975 5288 dicunt
991 5222 1086 5306 quod
1110 5222 1255 5286 diversis
1280 5222 1398 5286 formis
1423 5221 1654 5287 educibilibus
1679 5223 1723 5286 de
1748 5221 1905 5306 potentia
1929 5222 2092 5288 materiae
2116 5224 2332 5307 respondent

855 5330 1014 5403 diversae
1037 5338 1225 5423 potentiae,
1251 5349 1284 5401 et
1308 5338 1403 5421 quod
1429 5338 1603 5422 quaelibet
1630 5339 1823 5423 completur
1840 5359 1901 5422 per
1929 5327 2032 5402 unam
2059 5339 2214 5403 foratam.
2240 5340 2332 5422 Quia

856 5451 989 5519 dicetur
1012 5454 1107 5536 quod
1131 5453 1200 5518 boc
1225 5466 1276 5518 est
1301 5475 1419 5518 verum
1444 5455 1487 5517 de
1514 5453 1657 5518 diversis
1683 5454 1801 5518 forruis
1819 5476 1909 5538 (prae
1925 5477 1997 5518 non
2016 5456 2146 5519 liabent
2162 5455 2329 5521 ordinem.

855 5566 925 5634 Sed
944 5569 988 5633 de
1005 5568 1214 5634 habentibus
1239 5569 1394 5633 ordinem
1420 5591 1493 5632 uon
1511 5581 1647 5653 oportet
1664 5568 1746 5653 quin
1766 5591 1835 5632 una
1855 5569 2010 5653 potentia
2035 5572 2246 5656 respondeat
2269 5571 2330 5651 eiS,

854 5682 914 5748 uni
934 5682 1046 5768 primo
1063 5694 1096 5748 et
1121 5683 1328 5764 immediate,
1346 5698 1379 5749 et
1397 5684 1450 5748 alii
1476 5685 1633 5748 secundo
1652 5697 1685 5750 et
1710 5684 1884 5749 mediante
1907 5684 2026 5769 prima,
2045 5698 2079 5750 et
2095 5687 2188 5769 quod
2206 5689 2330 5751 ambae

854 5797 955 5863 simul
973 5799 1156 5885 perficiunt
1171 5799 1182 5829 '³
1206 5800 1392 5880 materiam,
1411 5823 1476 5865 uec
1494 5800 1619 5895 sullicit
1637 5822 1706 5864 uua
1723 5800 1798 5865 siue
1823 5800 1897 5879 alia,
1916 5800 1942 5864 si
1968 5800 2013 5865 ita
2039 5800 2082 5865 sit
2105 5802 2199 5885 quod
2220 5803 2331 5867 forma

946 6048 953 6078 ¹
967 6044 1005 6100 ad
1019 6046 1050 6100 P.
1061 6077 1094 6085 -
1108 6047 1118 6077 ²
1132 6046 1220 6098 debet
1234 6046 1302 6098 (ulii.
1318 6064 1413 6114 uruqq.
1426 6046 1455 6098 l’.
1470 6079 1502 6083 —
1515 6048 1524 6077 ²¹
1538 6047 1627 6100 debet
1642 6048 1671 6100 l‘.
1685 6079 1717 6086 —
1733 6051 1737 6078 ¹
1752 6047 1821 6100 illud
1836 6048 1868 6100 V.
1882 6078 1913 6085 -
1929 6049 1939 6075 ⁵
1952 6065 2006 6100 om.
2022 6048 2052 6101 P.
2065 6080 2096 6086 -
2108 6050 2119 6078 ⁶
2131 6050 2285 6119 perficiant
2298 6052 2329 6107 P.
