<?xml version="1.0" encoding="UTF-8"?>
<!DOCTYPE html PUBLIC "-//W3C//DTD XHTML 1.0 Transitional//EN"
    "http://www.w3.org/TR/xhtml1/DTD/xhtml1-transitional.dtd">
<html xmlns="http://www.w3.org/1999/xhtml" xml:lang="en" lang="en">
 <head>
  <title>
</title>
<meta http-equiv="Content-Type" content="text/html;charset=utf-8" />
  <meta name='ocr-system' content='tesseract 3.04.00' />
  <meta name='ocr-capabilities' content='ocr_page ocr_carea ocr_par ocr_line ocrx_word'/>
</head>
<body>
  <div class='ocr_page' id='page_1' title='image "./lesquatrepremie00wulfgoog_0285.png"; bbox 0 0 6700 7992; ppageno 0'>
   <div class='ocr_carea' id='block_1_1' title="bbox 1255 1444 1912 1518">
    <p class='ocr_par' dir='ltr' id='par_1_1' title="bbox 1255 1444 1912 1518">
     <span class='ocr_line' id='line_1_1' title="bbox 1255 1444 1912 1518; baseline -0.003 -15"><span class='ocrx_word' id='word_1_1' title='bbox 1255 1444 1450 1518; x_wconf 75' lang='lat' dir='ltr'>QUAR&#39;stut</span> <span class='ocrx_word' id='word_1_2' title='bbox 1480 1448 1779 1518; x_wconf 82' lang='lat' dir='ltr'>QUODLIBETUM,</span> <span class='ocrx_word' id='word_1_3' title='bbox 1808 1448 1844 1518; x_wconf 78' lang='lat' dir='ltr'>Q.</span> <span class='ocrx_word' id='word_1_4' title='bbox 1874 1447 1912 1501; x_wconf 83' lang='lat' dir='ltr'>lx</span> 
     </span>
    </p>
   </div>
   <div class='ocr_carea' id='block_1_2' title="bbox 1372 1917 1773 2158">
    <p class='ocr_par' dir='ltr' id='par_1_2' title="bbox 1372 1917 1773 2158">
     <span class='ocr_line' id='line_1_2' title="bbox 1372 1917 1773 2001; baseline -0.005 -18"><span class='ocrx_word' id='word_1_5' title='bbox 1372 1917 1773 2001; x_wconf 68' lang='lat' dir='ltr'>Quaesturrx</span> 
     </span>
     <span class='ocr_line' id='line_1_3' title="bbox 1486 2086 1676 2158; baseline -0.016 -19"><span class='ocrx_word' id='word_1_6' title='bbox 1486 2086 1676 2158; x_wconf 64' lang='lat' dir='ltr'>(concap</span> 
     </span>
    </p>
   </div>
   <div class='ocr_carea' id='block_1_3' title="bbox 1026 2286 2200 2516">
    <p class='ocr_par' dir='ltr' id='par_1_3' title="bbox 1026 2286 2200 2516">
     <span class='ocr_line' id='line_1_4' title="bbox 1026 2286 2200 2385; baseline -0.003 -23"><span class='ocrx_word' id='word_1_7' title='bbox 1026 2287 1167 2362; x_wconf 77' lang='lat' dir='ltr'>Utrum</span> <span class='ocrx_word' id='word_1_8' title='bbox 1201 2287 1242 2360; x_wconf 81' lang='lat' dir='ltr'>in</span> <span class='ocrx_word' id='word_1_9' title='bbox 1267 2287 1405 2385; x_wconf 73' lang='lat' dir='ltr'>primo</span> <span class='ocrx_word' id='word_1_10' title='bbox 1432 2287 1697 2384; x_wconf 76' lang='lat' dir='ltr'>productione</span> <span class='ocrx_word' id='word_1_11' title='bbox 1728 2313 1859 2360; x_wconf 69' lang='lat' dir='ltr'>rcr&#39;um</span> <span class='ocrx_word' id='word_1_12' title='bbox 1894 2286 2039 2360; x_wconf 81' lang='lat' dir='ltr'>mulier</span> <span class='ocrx_word' id='word_1_13' title='bbox 2066 2286 2200 2360; x_wconf 76' lang='lat' dir='ltr'>debuit</span> 
     </span>
     <span class='ocr_line' id='line_1_5' title="bbox 1307 2418 1849 2516; baseline 0 -25"><span class='ocrx_word' id='word_1_14' title='bbox 1307 2418 1486 2516; x_wconf 77' lang='lat' dir='ltr'>produci</span> <span class='ocrx_word' id='word_1_15' title='bbox 1515 2418 1554 2491; x_wconf 82' lang='lat' dir='ltr'>iu</span> <span class='ocrx_word' id='word_1_16' title='bbox 1586 2445 1668 2492; x_wconf 82' lang='lat' dir='ltr'>csse</span> <span class='ocrx_word' id='word_1_17' title='bbox 1697 2445 1722 2491; x_wconf 85' lang='lat' dir='ltr'>a</span> <span class='ocrx_word' id='word_1_18' title='bbox 1752 2420 1849 2492; x_wconf 78' lang='lat' dir='ltr'>Deo.</span> 
     </span>
    </p>
   </div>
   <div class='ocr_carea' id='block_1_4' title="bbox 845 2720 2516 5774">
    <p class='ocr_par' dir='ltr' id='par_1_4' title="bbox 845 2720 2516 3358">
     <span class='ocr_line' id='line_1_6' title="bbox 935 2720 2321 2805; baseline -0.001 -19"><span class='ocrx_word' id='word_1_19' title='bbox 935 2723 1019 2787; x_wconf 89' lang='lat' dir='ltr'>Post</span> <span class='ocrx_word' id='word_1_20' title='bbox 1050 2724 1118 2787; x_wconf 86' lang='lat' dir='ltr'>lroc</span> <span class='ocrx_word' id='word_1_21' title='bbox 1150 2744 1233 2787; x_wconf 82' lang='lat' dir='ltr'>vero</span> <span class='ocrx_word' id='word_1_22' title='bbox 1259 2721 1351 2786; x_wconf 88' lang='lat' dir='ltr'>circa</span> <span class='ocrx_word' id='word_1_23' title='bbox 1376 2723 1571 2786; x_wconf 88' lang='lat' dir='ltr'>secundum</span> <span class='ocrx_word' id='word_1_24' title='bbox 1596 2723 1828 2805; x_wconf 80' lang='lat' dir='ltr'>quaerebatur</span> <span class='ocrx_word' id='word_1_25' title='bbox 1852 2744 1970 2800; x_wconf 86' lang='lat' dir='ltr'>unum,</span> <span class='ocrx_word' id='word_1_26' title='bbox 1996 2721 2126 2786; x_wconf 89' lang='lat' dir='ltr'>scilicet</span> <span class='ocrx_word' id='word_1_27' title='bbox 2151 2733 2262 2786; x_wconf 92' lang='lat' dir='ltr'>utrum</span> <span class='ocrx_word' id='word_1_28' title='bbox 2287 2720 2321 2786; x_wconf 91' lang='lat' dir='ltr'>in</span> 
     </span>
     <span class='ocr_line' id='line_1_7' title="bbox 846 2835 2322 2922; baseline -0.001 -21"><span class='ocrx_word' id='word_1_29' title='bbox 846 2837 956 2922; x_wconf 90' lang='lat' dir='ltr'>prima</span> <span class='ocrx_word' id='word_1_30' title='bbox 996 2836 1228 2921; x_wconf 88' lang='lat' dir='ltr'>productione</span> <span class='ocrx_word' id='word_1_31' title='bbox 1267 2858 1380 2901; x_wconf 91' lang='lat' dir='ltr'>rerum</span> <span class='ocrx_word' id='word_1_32' title='bbox 1420 2836 1541 2900; x_wconf 90' lang='lat' dir='ltr'>mulier</span> <span class='ocrx_word' id='word_1_33' title='bbox 1581 2836 1701 2900; x_wconf 84' lang='lat' dir='ltr'>debuit</span> <span class='ocrx_word' id='word_1_34' title='bbox 1740 2835 1885 2920; x_wconf 75' lang='lat' dir='ltr'>produci</span> <span class='ocrx_word' id='word_1_35' title='bbox 1918 2836 1951 2899; x_wconf 92' lang='lat' dir='ltr'>in</span> <span class='ocrx_word' id='word_1_36' title='bbox 1993 2858 2071 2901; x_wconf 89' lang='lat' dir='ltr'>esse</span> <span class='ocrx_word' id='word_1_37' title='bbox 2103 2858 2123 2899; x_wconf 91' lang='lat' dir='ltr'>a</span> <span class='ocrx_word' id='word_1_38' title='bbox 2155 2837 2243 2901; x_wconf 75' lang='lat' dir='ltr'>Deo:</span> <span class='ocrx_word' id='word_1_39' title='bbox 2281 2836 2322 2899; x_wconf 86' lang='lat' dir='ltr'>Et</span> 
     </span>
     <span class='ocr_line' id='line_1_8' title="bbox 847 2918 2516 3044; baseline -0.001 -29"><span class='ocrx_word' id='word_1_40' title='bbox 847 2952 1058 3038; x_wconf 84' lang='lat' dir='ltr'><strong>arguebatur</strong></span> <span class='ocrx_word' id='word_1_41' title='bbox 1092 2950 1186 3035; x_wconf 89' lang='lat' dir='ltr'>quod</span> <span class='ocrx_word' id='word_1_42' title='bbox 1212 2971 1294 3030; x_wconf 87' lang='lat' dir='ltr'>non,</span> <span class='ocrx_word' id='word_1_43' title='bbox 1320 2950 1400 3034; x_wconf 88' lang='lat' dir='ltr'>quia</span> <span class='ocrx_word' id='word_1_44' title='bbox 1424 2950 1507 3014; x_wconf 93' lang='lat' dir='ltr'>illud</span> <span class='ocrx_word' id='word_1_45' title='bbox 1541 2951 1636 3034; x_wconf 87' lang='lat' dir='ltr'>quod</span> <span class='ocrx_word' id='word_1_46' title='bbox 1674 2950 1736 3013; x_wconf 90' lang='lat' dir='ltr'>fuit</span> <span class='ocrx_word' id='word_1_47' title='bbox 1760 2971 1865 3014; x_wconf 88' lang='lat' dir='ltr'>causa</span> <span class='ocrx_word' id='word_1_48' title='bbox 1898 2953 1901 3031; x_wconf 73' lang='lat' dir='ltr'>i</span> <span class='ocrx_word' id='word_1_49' title='bbox 1933 2950 1987 3013; x_wconf 81' lang='lat' dir='ltr'>vel</span> <span class='ocrx_word' id='word_1_50' title='bbox 2012 2950 2152 3014; x_wconf 79' lang='lat' dir='ltr'>occasio</span> <span class='ocrx_word' id='word_1_51' title='bbox 2177 2949 2256 3013; x_wconf 93' lang='lat' dir='ltr'>mali</span> <span class='ocrx_word' id='word_1_52' title='bbox 2289 2959 2322 3014; x_wconf 90' lang='lat' dir='ltr'>et</span> <span class='ocrx_word' id='word_1_53' title='bbox 2344 2918 2516 3044; x_wconf 52' lang='lat' dir='ltr'>f0{⁰{¹g5l}32</span> 
     </span>
     <span class='ocr_line' id='line_1_9' title="bbox 845 3062 2321 3149; baseline -0.001 -20"><span class='ocrx_word' id='word_1_54' title='bbox 845 3064 982 3149; x_wconf 89' lang='lat' dir='ltr'>peccati</span> <span class='ocrx_word' id='word_1_55' title='bbox 1013 3086 1033 3128; x_wconf 90' lang='lat' dir='ltr'>a</span> <span class='ocrx_word' id='word_1_56' title='bbox 1065 3065 1142 3129; x_wconf 90' lang='lat' dir='ltr'>Deo</span> <span class='ocrx_word' id='word_1_57' title='bbox 1167 3063 1299 3148; x_wconf 91' lang='lat' dir='ltr'>optimo</span> <span class='ocrx_word' id='word_1_58' title='bbox 1335 3086 1405 3128; x_wconf 92' lang='lat' dir='ltr'>non</span> <span class='ocrx_word' id='word_1_59' title='bbox 1438 3062 1558 3128; x_wconf 86' lang='lat' dir='ltr'>debuit</span> <span class='ocrx_word' id='word_1_60' title='bbox 1583 3062 1738 3148; x_wconf 86' lang='lat' dir='ltr'>produci.</span> <span class='ocrx_word' id='word_1_61' title='bbox 1765 3064 1835 3128; x_wconf 85' lang='lat' dir='ltr'>Sed</span> <span class='ocrx_word' id='word_1_62' title='bbox 1869 3064 1990 3127; x_wconf 89' lang='lat' dir='ltr'>mulier</span> <span class='ocrx_word' id='word_1_63' title='bbox 2014 3064 2077 3128; x_wconf 85' lang='lat' dir='ltr'>fuit</span> <span class='ocrx_word' id='word_1_64' title='bbox 2101 3063 2321 3141; x_wconf 79' lang='lat' dir='ltr'>huiusmodi3</span> 
     </span>
     <span class='ocr_line' id='line_1_10' title="bbox 846 3177 2322 3265; baseline -0.001 -23"><span class='ocrx_word' id='word_1_65' title='bbox 846 3200 926 3243; x_wconf 88' lang='lat' dir='ltr'>narn</span> <span class='ocrx_word' id='word_1_66' title='bbox 963 3179 1039 3263; x_wconf 91' lang='lat' dir='ltr'>ipsa</span> <span class='ocrx_word' id='word_1_67' title='bbox 1074 3178 1138 3242; x_wconf 89' lang='lat' dir='ltr'>fuit</span> <span class='ocrx_word' id='word_1_68' title='bbox 1173 3178 1314 3242; x_wconf 80' lang='lat' dir='ltr'>occasio</span> <span class='ocrx_word' id='word_1_69' title='bbox 1351 3178 1485 3263; x_wconf 87' lang='lat' dir='ltr'>peccati</span> <span class='ocrx_word' id='word_1_70' title='bbox 1521 3177 1622 3242; x_wconf 82' lang='lat' dir='ltr'>Adae</span> <span class='ocrx_word' id='word_1_71' title='bbox 1654 3190 1688 3242; x_wconf 94' lang='lat' dir='ltr'>et</span> <span class='ocrx_word' id='word_1_72' title='bbox 1720 3177 1771 3241; x_wconf 90' lang='lat' dir='ltr'>sic</span> <span class='ocrx_word' id='word_1_73' title='bbox 1805 3177 2011 3262; x_wconf 76' lang='lat' dir='ltr'>proditionis</span> <span class='ocrx_word' id='word_1_74' title='bbox 2043 3178 2148 3242; x_wconf 87' lang='lat' dir='ltr'>totius</span> <span class='ocrx_word' id='word_1_75' title='bbox 2183 3177 2322 3265; x_wconf 79' lang='lat' dir='ltr'>generis</span> 
     </span>
     <span class='ocr_line' id='line_1_11' title="bbox 846 3293 1195 3358; baseline -0.006 -1"><span class='ocrx_word' id='word_1_76' title='bbox 846 3293 987 3357; x_wconf 91' lang='lat' dir='ltr'>humani</span> <span class='ocrx_word' id='word_1_77' title='bbox 1013 3304 1047 3358; x_wconf 91' lang='lat' dir='ltr'>et</span> <span class='ocrx_word' id='word_1_78' title='bbox 1071 3304 1195 3357; x_wconf 85' lang='lat' dir='ltr'>cetera.</span> 
     </span>
    </p>

    <p class='ocr_par' dir='ltr' id='par_1_5' title="bbox 935 3406 1663 3491">
     <span class='ocr_line' id='line_1_12' title="bbox 935 3406 1663 3491; baseline -0.001 -20"><span class='ocrx_word' id='word_1_79' title='bbox 935 3406 1154 3472; x_wconf 83' lang='lat' dir='ltr'>Contrarium</span> <span class='ocrx_word' id='word_1_80' title='bbox 1181 3418 1275 3491; x_wconf 85' lang='lat' dir='ltr'>patet</span> <span class='ocrx_word' id='word_1_81' title='bbox 1300 3406 1450 3471; x_wconf 83' lang='lat' dir='ltr'>Genesis</span> <span class='ocrx_word' id='word_1_82' title='bbox 1476 3407 1618 3491; x_wconf 86' lang='lat' dir='ltr'>primo(</span> <span class='ocrx_word' id='word_1_83' title='bbox 1642 3410 1663 3488; x_wconf 91' lang='grc'>).</span> 
     </span>
    </p>

    <p class='ocr_par' dir='ltr' id='par_1_6' title="bbox 845 3517 2324 5774">
     <span class='ocr_line' id='line_1_13' title="bbox 936 3517 2323 3606; baseline -0.001 -20"><span class='ocrx_word' id='word_1_84' title='bbox 936 3522 1149 3606; x_wconf 88' lang='lat' dir='ltr'>Respondeo</span> <span class='ocrx_word' id='word_1_85' title='bbox 1186 3517 1373 3586; x_wconf 87' lang='lat' dir='ltr'>dicendum</span> <span class='ocrx_word' id='word_1_86' title='bbox 1409 3522 1504 3605; x_wconf 88' lang='lat' dir='ltr'>quod</span> <span class='ocrx_word' id='word_1_87' title='bbox 1537 3541 1615 3585; x_wconf 91' lang='lat' dir='ltr'>cum</span> <span class='ocrx_word' id='word_1_88' title='bbox 1641 3541 1748 3605; x_wconf 90' lang='lat' dir='ltr'>opera</span> <span class='ocrx_word' id='word_1_89' title='bbox 1773 3520 1838 3585; x_wconf 92' lang='lat' dir='ltr'>Dei</span> <span class='ocrx_word' id='word_1_90' title='bbox 1862 3519 1931 3584; x_wconf 89' lang='lat' dir='ltr'>sint</span> <span class='ocrx_word' id='word_1_91' title='bbox 1962 3520 2185 3605; x_wconf 65' lang='lat' dir='ltr'>perfectam</span> <span class='ocrx_word' id='word_1_92' title='bbox 2213 3520 2323 3605; x_wconf 89' lang='lat' dir='ltr'>prima</span> 
     </span>
     <span class='ocr_line' id='line_1_14' title="bbox 846 3634 2322 3721; baseline 0 -22"><span class='ocrx_word' id='word_1_93' title='bbox 846 3634 1078 3721; x_wconf 89' lang='lat' dir='ltr'>productione</span> <span class='ocrx_word' id='word_1_94' title='bbox 1109 3657 1221 3700; x_wconf 92' lang='lat' dir='ltr'>rerum</span> <span class='ocrx_word' id='word_1_95' title='bbox 1258 3634 1375 3700; x_wconf 83' lang='lat' dir='ltr'>decuit</span> <span class='ocrx_word' id='word_1_96' title='bbox 1406 3634 1519 3720; x_wconf 89' lang='lat' dir='ltr'>ipsum</span> <span class='ocrx_word' id='word_1_97' title='bbox 1555 3635 1751 3720; x_wconf 88' lang='lat' dir='ltr'>producere</span> <span class='ocrx_word' id='word_1_98' title='bbox 1790 3657 1831 3699; x_wconf 92' lang='lat' dir='ltr'>ea</span> <span class='ocrx_word' id='word_1_99' title='bbox 1867 3656 1956 3720; x_wconf 89' lang='lat' dir='ltr'>quae</span> <span class='ocrx_word' id='word_1_100' title='bbox 1992 3635 2036 3699; x_wconf 91' lang='lat' dir='ltr'>ad</span> <span class='ocrx_word' id='word_1_101' title='bbox 2070 3635 2322 3720; x_wconf 84' lang='lat' dir='ltr'>perfectionem</span> 
     </span>
     <span class='ocr_line' id='line_1_15' title="bbox 846 3748 2322 3835; baseline -0.001 -21"><span class='ocrx_word' id='word_1_102' title='bbox 846 3749 998 3815; x_wconf 88' lang='lat' dir='ltr'>universi</span> <span class='ocrx_word' id='word_1_103' title='bbox 1016 3749 1199 3835; x_wconf 88' lang='lat' dir='ltr'>pertinent.</span> <span class='ocrx_word' id='word_1_104' title='bbox 1227 3750 1324 3813; x_wconf 82' lang='lat' dir='ltr'>llaec</span> <span class='ocrx_word' id='word_1_105' title='bbox 1342 3760 1456 3813; x_wconf 89' lang='lat' dir='ltr'>autem</span> <span class='ocrx_word' id='word_1_106' title='bbox 1481 3760 1562 3813; x_wconf 89' lang='lat' dir='ltr'>sunt</span> <span class='ocrx_word' id='word_1_107' title='bbox 1586 3771 1699 3814; x_wconf 90' lang='lat' dir='ltr'>rerum</span> <span class='ocrx_word' id='word_1_108' title='bbox 1724 3748 1862 3834; x_wconf 90' lang='lat' dir='ltr'>species</span> <span class='ocrx_word' id='word_1_109' title='bbox 1880 3760 1913 3814; x_wconf 89' lang='lat' dir='ltr'>et</span> <span class='ocrx_word' id='word_1_110' title='bbox 1928 3749 2118 3835; x_wconf 82' lang='lat' dir='ltr'>praecipue</span> <span class='ocrx_word' id='word_1_111' title='bbox 2134 3749 2322 3814; x_wconf 88' lang='lat' dir='ltr'>nobiliores</span> 
     </span>
     <span class='ocr_line' id='line_1_16' title="bbox 847 3862 2323 3948; baseline 0 -21"><span class='ocrx_word' id='word_1_112' title='bbox 847 3863 935 3929; x_wconf 91' lang='lat' dir='ltr'>inter</span> <span class='ocrx_word' id='word_1_113' title='bbox 959 3885 1045 3948; x_wconf 86' lang='lat' dir='ltr'>quas</span> <span class='ocrx_word' id='word_1_114' title='bbox 1070 3875 1238 3948; x_wconf 89' lang='lat' dir='ltr'>quantum</span> <span class='ocrx_word' id='word_1_115' title='bbox 1263 3864 1306 3927; x_wconf 90' lang='lat' dir='ltr'>ad</span> <span class='ocrx_word' id='word_1_116' title='bbox 1332 3862 1525 3928; x_wconf 85' lang='lat' dir='ltr'>materiales</span> <span class='ocrx_word' id='word_1_117' title='bbox 1550 3862 1699 3927; x_wconf 87' lang='lat' dir='ltr'>nobilior</span> <span class='ocrx_word' id='word_1_118' title='bbox 1734 3874 1788 3928; x_wconf 90' lang='lat' dir='ltr'>est</span> <span class='ocrx_word' id='word_1_119' title='bbox 1822 3863 1959 3948; x_wconf 85' lang='lat' dir='ltr'>species</span> <span class='ocrx_word' id='word_1_120' title='bbox 1984 3865 2146 3928; x_wconf 90' lang='lat' dir='ltr'>humana.</span> <span class='ocrx_word' id='word_1_121' title='bbox 2171 3864 2215 3928; x_wconf 88' lang='lat' dir='ltr'>Et</span> <span class='ocrx_word' id='word_1_122' title='bbox 2242 3863 2323 3947; x_wconf 90' lang='lat' dir='ltr'>quia</span> 
     </span>
     <span class='ocr_line' id='line_1_17' title="bbox 846 3976 2323 4063; baseline -0.001 -20"><span class='ocrx_word' id='word_1_123' title='bbox 846 3977 984 4063; x_wconf 88' lang='lat' dir='ltr'>species</span> <span class='ocrx_word' id='word_1_124' title='bbox 1009 3977 1283 4063; x_wconf 85' lang='lat' dir='ltr'>corruptibilium</span> <span class='ocrx_word' id='word_1_125' title='bbox 1318 3999 1389 4042; x_wconf 92' lang='lat' dir='ltr'>non</span> <span class='ocrx_word' id='word_1_126' title='bbox 1426 3988 1677 4043; x_wconf 85' lang='lat' dir='ltr'>conservantur</span> <span class='ocrx_word' id='word_1_127' title='bbox 1708 3998 1775 4042; x_wconf 90' lang='lat' dir='ltr'>nec</span> <span class='ocrx_word' id='word_1_128' title='bbox 1809 3987 2059 4063; x_wconf 89' lang='lat' dir='ltr'>perpetuantur</span> <span class='ocrx_word' id='word_1_129' title='bbox 2093 3976 2128 4041; x_wconf 91' lang='lat' dir='ltr'>in</span> <span class='ocrx_word' id='word_1_130' title='bbox 2158 3999 2239 4057; x_wconf 85' lang='lat' dir='ltr'>un0‚</span> <span class='ocrx_word' id='word_1_131' title='bbox 2272 3977 2323 4041; x_wconf 86' lang='lat' dir='ltr'>sie</span> 
     </span>
     <span class='ocr_line' id='line_1_18' title="bbox 847 4081 2323 4177; baseline 0 -22"><span class='ocrx_word' id='word_1_132' title='bbox 847 4091 963 4158; x_wconf 92' lang='lat' dir='ltr'>decuit</span> <span class='ocrx_word' id='word_1_133' title='bbox 993 4113 1072 4156; x_wconf 89' lang='lat' dir='ltr'>eum</span> <span class='ocrx_word' id='word_1_134' title='bbox 1097 4113 1211 4156; x_wconf 90' lang='lat' dir='ltr'>rerum</span> <span class='ocrx_word' id='word_1_135' title='bbox 1239 4081 1376 4177; x_wconf 75' lang='lat' dir='ltr'>s&#39;pecies</span> <span class='ocrx_word' id='word_1_136' title='bbox 1402 4093 1596 4177; x_wconf 90' lang='lat' dir='ltr'>producere</span> <span class='ocrx_word' id='word_1_137' title='bbox 1621 4091 1655 4155; x_wconf 92' lang='lat' dir='ltr'>in</span> <span class='ocrx_word' id='word_1_138' title='bbox 1680 4091 1753 4155; x_wconf 84' lang='lat' dir='ltr'>suis</span> <span class='ocrx_word' id='word_1_139' title='bbox 1778 4091 1965 4155; x_wconf 90' lang='lat' dir='ltr'>individuis</span> <span class='ocrx_word' id='word_1_140' title='bbox 1990 4090 2024 4155; x_wconf 93' lang='lat' dir='ltr'>in</span> <span class='ocrx_word' id='word_1_141' title='bbox 2048 4091 2188 4177; x_wconf 90' lang='lat' dir='ltr'>propria</span> <span class='ocrx_word' id='word_1_142' title='bbox 2212 4091 2323 4155; x_wconf 87' lang='lat' dir='ltr'>forma</span> 
     </span>
     <span class='ocr_line' id='line_1_19' title="bbox 848 4204 2322 4291; baseline -0.001 -21"><span class='ocrx_word' id='word_1_143' title='bbox 848 4216 881 4271; x_wconf 91' lang='lat' dir='ltr'>et</span> <span class='ocrx_word' id='word_1_144' title='bbox 904 4215 1027 4270; x_wconf 89' lang='lat' dir='ltr'>natura</span> <span class='ocrx_word' id='word_1_145' title='bbox 1066 4206 1119 4270; x_wconf 90' lang='lat' dir='ltr'>vel</span> <span class='ocrx_word' id='word_1_146' title='bbox 1155 4205 1190 4269; x_wconf 93' lang='lat' dir='ltr'>in</span> <span class='ocrx_word' id='word_1_147' title='bbox 1219 4205 1290 4270; x_wconf 90' lang='lat' dir='ltr'>suis</span> <span class='ocrx_word' id='word_1_148' title='bbox 1323 4204 1438 4270; x_wconf 89' lang='lat' dir='ltr'>causis</span> <span class='ocrx_word' id='word_1_149' title='bbox 1463 4216 1496 4270; x_wconf 91' lang='lat' dir='ltr'>et</span> <span class='ocrx_word' id='word_1_150' title='bbox 1531 4204 1709 4291; x_wconf 87' lang='lat' dir='ltr'>principiis</span> <span class='ocrx_word' id='word_1_151' title='bbox 1741 4206 1955 4269; x_wconf 89' lang='lat' dir='ltr'>naturalibus</span> <span class='ocrx_word' id='word_1_152' title='bbox 1991 4207 2086 4290; x_wconf 92' lang='lat' dir='ltr'>quod</span> <span class='ocrx_word' id='word_1_153' title='bbox 2118 4217 2263 4291; x_wconf 87' lang='lat' dir='ltr'>possent</span> <span class='ocrx_word' id='word_1_154' title='bbox 2288 4206 2322 4269; x_wconf 92' lang='lat' dir='ltr'>in</span> 
     </span>
     <span class='ocr_line' id='line_1_20' title="bbox 847 4318 2323 4405; baseline -0.001 -21"><span class='ocrx_word' id='word_1_155' title='bbox 847 4341 927 4385; x_wconf 89' lang='lat' dir='ltr'>esse</span> <span class='ocrx_word' id='word_1_156' title='bbox 966 4319 1166 4384; x_wconf 88' lang='lat' dir='ltr'>conservari</span> <span class='ocrx_word' id='word_1_157' title='bbox 1202 4331 1235 4384; x_wconf 89' lang='lat' dir='ltr'>et</span> <span class='ocrx_word' id='word_1_158' title='bbox 1266 4319 1463 4405; x_wconf 84' lang='lat' dir='ltr'>perpetuari</span> <span class='ocrx_word' id='word_1_159' title='bbox 1487 4330 1522 4384; x_wconf 90' lang='lat' dir='ltr'>et</span> <span class='ocrx_word' id='word_1_160' title='bbox 1555 4318 1783 4405; x_wconf 89' lang='lat' dir='ltr'>multiplicari.</span> <span class='ocrx_word' id='word_1_161' title='bbox 1817 4320 1860 4384; x_wconf 86' lang='lat' dir='ltr'>Et</span> <span class='ocrx_word' id='word_1_162' title='bbox 1891 4319 2079 4405; x_wconf 89' lang='lat' dir='ltr'>praecipue</span> <span class='ocrx_word' id='word_1_163' title='bbox 2109 4321 2178 4385; x_wconf 92' lang='lat' dir='ltr'>hoc</span> <span class='ocrx_word' id='word_1_164' title='bbox 2213 4320 2323 4385; x_wconf 90' lang='lat' dir='ltr'>inten-</span> 
     </span>
     <span class='ocr_line' id='line_1_21' title="bbox 847 4433 2324 4519; baseline -0.001 -20"><span class='ocrx_word' id='word_1_165' title='bbox 847 4435 995 4499; x_wconf 89' lang='lat' dir='ltr'>debatur</span> <span class='ocrx_word' id='word_1_166' title='bbox 1019 4434 1110 4498; x_wconf 91' lang='lat' dir='ltr'>circa</span> <span class='ocrx_word' id='word_1_167' title='bbox 1134 4434 1311 4499; x_wconf 91' lang='lat' dir='ltr'>hominem</span> <span class='ocrx_word' id='word_1_168' title='bbox 1348 4434 1406 4518; x_wconf 90' lang='lat' dir='ltr'>qui</span> <span class='ocrx_word' id='word_1_169' title='bbox 1438 4445 1490 4498; x_wconf 85' lang='lat' dir='ltr'>est</span> <span class='ocrx_word' id='word_1_170' title='bbox 1525 4433 1602 4497; x_wconf 84' lang='lat' dir='ltr'>finis</span> <span class='ocrx_word' id='word_1_171' title='bbox 1638 4433 1782 4499; x_wconf 91' lang='lat' dir='ltr'>aliorum</span> <span class='ocrx_word' id='word_1_172' title='bbox 1818 4434 1971 4500; x_wconf 89' lang='lat' dir='ltr'>omnium</span> <span class='ocrx_word' id='word_1_173' title='bbox 2008 4433 2251 4519; x_wconf 87' lang='lat' dir='ltr'>corporalium,</span> <span class='ocrx_word' id='word_1_174' title='bbox 2290 4446 2324 4499; x_wconf 92' lang='lat' dir='ltr'>et</span> 
     </span>
     <span class='ocr_line' id='line_1_22' title="bbox 846 4547 2323 4633; baseline -0.001 -20"><span class='ocrx_word' id='word_1_175' title='bbox 846 4548 946 4613; x_wconf 87' lang='lat' dir='ltr'>cuius</span> <span class='ocrx_word' id='word_1_176' title='bbox 990 4547 1227 4632; x_wconf 89' lang='lat' dir='ltr'>multiplicatio</span> <span class='ocrx_word' id='word_1_177' title='bbox 1267 4548 1460 4612; x_wconf 89' lang='lat' dir='ltr'>secundum</span> <span class='ocrx_word' id='word_1_178' title='bbox 1502 4570 1682 4612; x_wconf 88' lang='lat' dir='ltr'>numerum</span> <span class='ocrx_word' id='word_1_179' title='bbox 1723 4547 1948 4633; x_wconf 86' lang='lat' dir='ltr'>principalius</span> <span class='ocrx_word' id='word_1_180' title='bbox 1988 4547 2242 4613; x_wconf 89' lang='lat' dir='ltr'>intendebatur.</span> <span class='ocrx_word' id='word_1_181' title='bbox 2280 4547 2323 4611; x_wconf 90' lang='lat' dir='ltr'>Et</span> 
     </span>
     <span class='ocr_line' id='line_1_23' title="bbox 847 4661 2323 4749; baseline -0.001 -22"><span class='ocrx_word' id='word_1_182' title='bbox 847 4662 927 4746; x_wconf 88' lang='lat' dir='ltr'>quia</span> <span class='ocrx_word' id='word_1_183' title='bbox 959 4664 1065 4726; x_wconf 90' lang='lat' dir='ltr'>homo</span> <span class='ocrx_word' id='word_1_184' title='bbox 1090 4661 1289 4726; x_wconf 84' lang='lat' dir='ltr'>naturaliter</span> <span class='ocrx_word' id='word_1_185' title='bbox 1322 4683 1393 4725; x_wconf 90' lang='lat' dir='ltr'>non</span> <span class='ocrx_word' id='word_1_186' title='bbox 1425 4673 1477 4726; x_wconf 88' lang='lat' dir='ltr'>est</span> <span class='ocrx_word' id='word_1_187' title='bbox 1501 4661 1566 4725; x_wconf 88' lang='lat' dir='ltr'>nisi</span> <span class='ocrx_word' id='word_1_188' title='bbox 1592 4683 1633 4727; x_wconf 85' lang='lat' dir='ltr'>ex</span> <span class='ocrx_word' id='word_1_189' title='bbox 1668 4661 1811 4726; x_wconf 89' lang='lat' dir='ltr'>bomine</span> <span class='ocrx_word' id='word_1_190' title='bbox 1846 4682 1907 4745; x_wconf 89' lang='lat' dir='ltr'>per</span> <span class='ocrx_word' id='word_1_191' title='bbox 1931 4663 2122 4726; x_wconf 88' lang='lat' dir='ltr'>naturalem</span> <span class='ocrx_word' id='word_1_192' title='bbox 2150 4683 2323 4749; x_wconf 82' lang='lat' dir='ltr'>propaga·</span> 
     </span>
     <span class='ocr_line' id='line_1_24' title="bbox 846 4774 2322 4861; baseline 0.001 -22"><span class='ocrx_word' id='word_1_193' title='bbox 846 4775 987 4856; x_wconf 84' lang='lat' dir='ltr'>tionem,</span> <span class='ocrx_word' id='word_1_194' title='bbox 1028 4789 1060 4841; x_wconf 92' lang='lat' dir='ltr'>et</span> <span class='ocrx_word' id='word_1_195' title='bbox 1096 4776 1140 4839; x_wconf 89' lang='lat' dir='ltr'>ad</span> <span class='ocrx_word' id='word_1_196' title='bbox 1180 4776 1249 4840; x_wconf 93' lang='lat' dir='ltr'>hoc</span> <span class='ocrx_word' id='word_1_197' title='bbox 1284 4774 1466 4859; x_wconf 84' lang='lat' dir='ltr'>requiritur</span> <span class='ocrx_word' id='word_1_198' title='bbox 1504 4796 1578 4839; x_wconf 88' lang='lat' dir='ltr'>mas</span> <span class='ocrx_word' id='word_1_199' title='bbox 1614 4787 1647 4839; x_wconf 92' lang='lat' dir='ltr'>et</span> <span class='ocrx_word' id='word_1_200' title='bbox 1682 4775 1821 4854; x_wconf 79' lang='lat' dir='ltr'>semina,</span> <span class='ocrx_word' id='word_1_201' title='bbox 1858 4775 1937 4840; x_wconf 88' lang='lat' dir='ltr'>ideo</span> <span class='ocrx_word' id='word_1_202' title='bbox 1974 4774 2093 4839; x_wconf 87' lang='lat' dir='ltr'>debuit</span> <span class='ocrx_word' id='word_1_203' title='bbox 2128 4776 2322 4861; x_wconf 90' lang='lat' dir='ltr'>producere</span> 
     </span>
     <span class='ocr_line' id='line_1_25' title="bbox 846 4887 2321 4976; baseline -0.001 -20"><span class='ocrx_word' id='word_1_204' title='bbox 846 4890 1024 4956; x_wconf 90' lang='lat' dir='ltr'>hominem</span> <span class='ocrx_word' id='word_1_205' title='bbox 1064 4890 1256 4975; x_wconf 88' lang='lat' dir='ltr'>perfectum</span> <span class='ocrx_word' id='word_1_206' title='bbox 1292 4888 1325 4953; x_wconf 92' lang='lat' dir='ltr'>in</span> <span class='ocrx_word' id='word_1_207' title='bbox 1362 4911 1440 4955; x_wconf 83' lang='lat' dir='ltr'>esse</span> <span class='ocrx_word' id='word_1_208' title='bbox 1469 4889 1636 4974; x_wconf 89' lang='lat' dir='ltr'>specifico</span> <span class='ocrx_word' id='word_1_209' title='bbox 1665 4900 1699 4953; x_wconf 93' lang='lat' dir='ltr'>et</span> <span class='ocrx_word' id='word_1_210' title='bbox 1734 4888 1836 4954; x_wconf 90' lang='lat' dir='ltr'>etiarn</span> <span class='ocrx_word' id='word_1_211' title='bbox 1876 4888 1911 4953; x_wconf 93' lang='lat' dir='ltr'>in</span> <span class='ocrx_word' id='word_1_212' title='bbox 1949 4887 2073 4955; x_wconf 85' lang='lat' dir='ltr'>virtute</span> <span class='ocrx_word' id='word_1_213' title='bbox 2101 4888 2321 4976; x_wconf 82' lang='lat' dir='ltr'>propagandi</span> 
     </span>
     <span class='ocr_line' id='line_1_26' title="bbox 846 5003 2322 5092; baseline -0.001 -22"><span class='ocrx_word' id='word_1_214' title='bbox 846 5016 880 5070; x_wconf 89' lang='lat' dir='ltr'>et</span> <span class='ocrx_word' id='word_1_215' title='bbox 914 5004 1117 5092; x_wconf 83' lang='lat' dir='ltr'>generandi.</span> <span class='ocrx_word' id='word_1_216' title='bbox 1155 5003 1324 5087; x_wconf 80' lang='lat' dir='ltr'>Quamvis</span> <span class='ocrx_word' id='word_1_217' title='bbox 1364 5015 1479 5068; x_wconf 91' lang='lat' dir='ltr'>autem</span> <span class='ocrx_word' id='word_1_218' title='bbox 1516 5025 1586 5068; x_wconf 91' lang='lat' dir='ltr'>uno</span> <span class='ocrx_word' id='word_1_219' title='bbox 1622 5004 1794 5088; x_wconf 89' lang='lat' dir='ltr'>producto</span> <span class='ocrx_word' id='word_1_220' title='bbox 1830 5004 1975 5069; x_wconf 89' lang='lat' dir='ltr'>haberet</span> <span class='ocrx_word' id='word_1_221' title='bbox 2009 5015 2131 5068; x_wconf 86' lang='lat' dir='ltr'>natura</span> <span class='ocrx_word' id='word_1_222' title='bbox 2170 5006 2322 5068; x_wconf 91' lang='lat' dir='ltr'>humana</span> 
     </span>
     <span class='ocr_line' id='line_1_27' title="bbox 846 5118 2323 5204; baseline -0.002 -19"><span class='ocrx_word' id='word_1_223' title='bbox 846 5140 925 5185; x_wconf 89' lang='lat' dir='ltr'>esse</span> <span class='ocrx_word' id='word_1_224' title='bbox 959 5118 1152 5204; x_wconf 87' lang='lat' dir='ltr'>perfectum</span> <span class='ocrx_word' id='word_1_225' title='bbox 1189 5118 1383 5183; x_wconf 89' lang='lat' dir='ltr'>secundum</span> <span class='ocrx_word' id='word_1_226' title='bbox 1408 5140 1456 5197; x_wconf 86' lang='lat' dir='ltr'>se,</span> <span class='ocrx_word' id='word_1_227' title='bbox 1481 5140 1552 5182; x_wconf 92' lang='lat' dir='ltr'>non</span> <span class='ocrx_word' id='word_1_228' title='bbox 1585 5129 1700 5183; x_wconf 89' lang='lat' dir='ltr'>tamen</span> <span class='ocrx_word' id='word_1_229' title='bbox 1737 5128 1850 5183; x_wconf 88' lang='lat' dir='ltr'>otest</span> <span class='ocrx_word' id='word_1_230' title='bbox 1885 5118 2124 5183; x_wconf 85' lang='lat' dir='ltr'>conservativa</span> <span class='ocrx_word' id='word_1_231' title='bbox 2157 5129 2190 5184; x_wconf 89' lang='lat' dir='ltr'>et</span> <span class='ocrx_word' id='word_1_232' title='bbox 2214 5119 2323 5184; x_wconf 90' lang='lat' dir='ltr'>multi·</span> 
     </span>
     <span class='ocr_line' id='line_1_28' title="bbox 845 5231 2322 5319; baseline -0.001 -21"><span class='ocrx_word' id='word_1_233' title='bbox 845 5232 1009 5319; x_wconf 88' lang='lat' dir='ltr'>plicativa</span> <span class='ocrx_word' id='word_1_234' title='bbox 1032 5231 1086 5297; x_wconf 87' lang='lat' dir='ltr'>sui</span> <span class='ocrx_word' id='word_1_235' title='bbox 1110 5231 1229 5318; x_wconf 81' lang='lat' dir='ltr'>ipsius</span> <span class='ocrx_word' id='word_1_236' title='bbox 1255 5232 1298 5296; x_wconf 89' lang='lat' dir='ltr'>Et</span> <span class='ocrx_word' id='word_1_237' title='bbox 1322 5231 1402 5297; x_wconf 92' lang='lat' dir='ltr'>ideo</span> <span class='ocrx_word' id='word_1_238' title='bbox 1428 5232 1572 5297; x_wconf 88' lang='lat' dir='ltr'>intentio</span> <span class='ocrx_word' id='word_1_239' title='bbox 1597 5244 1741 5297; x_wconf 85' lang='lat' dir='ltr'>naturae</span> <span class='ocrx_word' id='word_1_240' title='bbox 1767 5233 1810 5296; x_wconf 89' lang='lat' dir='ltr'>ad</span> <span class='ocrx_word' id='word_1_241' title='bbox 1843 5253 1921 5297; x_wconf 91' lang='lat' dir='ltr'>esse</span> <span class='ocrx_word' id='word_1_242' title='bbox 1949 5232 2099 5296; x_wconf 91' lang='lat' dir='ltr'>hominis</span> <span class='ocrx_word' id='word_1_243' title='bbox 2131 5233 2322 5317; x_wconf 83' lang='lat' dir='ltr'>perlectum</span> 
     </span>
     <span class='ocr_line' id='line_1_29' title="bbox 845 5345 2323 5431; baseline 0 -19"><span class='ocrx_word' id='word_1_244' title='bbox 845 5369 917 5412; x_wconf 92' lang='lat' dir='ltr'>non</span> <span class='ocrx_word' id='word_1_245' title='bbox 949 5346 1037 5411; x_wconf 89' lang='lat' dir='ltr'>sistit</span> <span class='ocrx_word' id='word_1_246' title='bbox 1072 5345 1106 5410; x_wconf 93' lang='lat' dir='ltr'>in</span> <span class='ocrx_word' id='word_1_247' title='bbox 1139 5347 1214 5412; x_wconf 91' lang='lat' dir='ltr'>solo</span> <span class='ocrx_word' id='word_1_248' title='bbox 1245 5346 1327 5426; x_wconf 80' lang='lat' dir='ltr'>viro,</span> <span class='ocrx_word' id='word_1_249' title='bbox 1360 5356 1501 5431; x_wconf 89' lang='lat' dir='ltr'>propter</span> <span class='ocrx_word' id='word_1_250' title='bbox 1532 5347 1626 5431; x_wconf 91' lang='lat' dir='ltr'>quod</span> <span class='ocrx_word' id='word_1_251' title='bbox 1651 5346 1771 5411; x_wconf 92' lang='lat' dir='ltr'>debuit</span> <span class='ocrx_word' id='word_1_252' title='bbox 1799 5346 1920 5411; x_wconf 91' lang='lat' dir='ltr'>mulier</span> <span class='ocrx_word' id='word_1_253' title='bbox 1943 5345 2015 5411; x_wconf 89' lang='lat' dir='ltr'>fieri</span> <span class='ocrx_word' id='word_1_254' title='bbox 2048 5346 2082 5410; x_wconf 93' lang='lat' dir='ltr'>in</span> <span class='ocrx_word' id='word_1_255' title='bbox 2114 5346 2323 5412; x_wconf 88' lang='lat' dir='ltr'>adiutorium</span> 
     </span>
     <span class='ocr_line' id='line_1_30' title="bbox 845 5459 2323 5547; baseline -0.001 -21"><span class='ocrx_word' id='word_1_256' title='bbox 845 5460 908 5526; x_wconf 92' lang='lat' dir='ltr'>viri</span> <span class='ocrx_word' id='word_1_257' title='bbox 932 5459 1169 5546; x_wconf 88' lang='lat' dir='ltr'>principaliter</span> <span class='ocrx_word' id='word_1_258' title='bbox 1193 5471 1361 5544; x_wconf 88' lang='lat' dir='ltr'>quantum</span> <span class='ocrx_word' id='word_1_259' title='bbox 1377 5462 1421 5524; x_wconf 88' lang='lat' dir='ltr'>ad</span> <span class='ocrx_word' id='word_1_260' title='bbox 1438 5469 1552 5524; x_wconf 89' lang='lat' dir='ltr'>actum</span> <span class='ocrx_word' id='word_1_261' title='bbox 1577 5459 1823 5547; x_wconf 82' lang='lat' dir='ltr'>generationis.</span> <span class='ocrx_word' id='word_1_262' title='bbox 1842 5460 1944 5525; x_wconf 90' lang='lat' dir='ltr'>Unde</span> <span class='ocrx_word' id='word_1_263' title='bbox 1970 5460 2094 5525; x_wconf 90' lang='lat' dir='ltr'>dicitur</span> <span class='ocrx_word' id='word_1_264' title='bbox 2111 5460 2261 5526; x_wconf 88' lang='lat' dir='ltr'>Genesis</span> <span class='ocrx_word' id='word_1_265' title='bbox 2275 5466 2323 5545; x_wconf 76' lang='lat'>(2)</span> 
     </span>
     <span class='ocr_line' id='line_1_31' title="bbox 846 5573 2322 5661; baseline 0 -22"><span class='ocrx_word' id='word_1_266' title='bbox 846 5574 982 5661; x_wconf 90' lang='lat' dir='ltr'>primo:</span> <span class='ocrx_word' id='word_1_267' title='bbox 1021 5575 1150 5639; x_wconf 90' lang='lat' dir='ltr'>creavit</span> <span class='ocrx_word' id='word_1_268' title='bbox 1187 5574 1284 5638; x_wconf 89' lang='lat' dir='ltr'>Deus</span> <span class='ocrx_word' id='word_1_269' title='bbox 1324 5574 1500 5638; x_wconf 92' lang='lat' dir='ltr'>hominem</span> <span class='ocrx_word' id='word_1_270' title='bbox 1540 5574 1585 5638; x_wconf 90' lang='lat' dir='ltr'>ad</span> <span class='ocrx_word' id='word_1_271' title='bbox 1624 5573 1811 5658; x_wconf 74' lang='lat' dir='ltr'>imaginem</span> <span class='ocrx_word' id='word_1_272' title='bbox 1851 5585 1885 5638; x_wconf 91' lang='lat' dir='ltr'>et</span> <span class='ocrx_word' id='word_1_273' title='bbox 1920 5574 2176 5639; x_wconf 90' lang='lat' dir='ltr'>similitudinem</span> <span class='ocrx_word' id='word_1_274' title='bbox 2213 5597 2322 5654; x_wconf 84' lang='lat' dir='ltr'>suam,</span> 
     </span>
     <span class='ocr_line' id='line_1_32' title="bbox 845 5687 2322 5774; baseline 0.001 -20"><span class='ocrx_word' id='word_1_275' title='bbox 845 5690 1038 5754; x_wconf 87' lang='lat' dir='ltr'>masculum</span> <span class='ocrx_word' id='word_1_276' title='bbox 1065 5699 1098 5754; x_wconf 90' lang='lat' dir='ltr'>et</span> <span class='ocrx_word' id='word_1_277' title='bbox 1121 5687 1286 5753; x_wconf 83' lang='lat' dir='ltr'>feminam</span> <span class='ocrx_word' id='word_1_278' title='bbox 1311 5687 1440 5752; x_wconf 81' lang='lat' dir='ltr'>creavit</span> <span class='ocrx_word' id='word_1_279' title='bbox 1464 5708 1526 5753; x_wconf 86' lang='lat' dir='ltr'>eos</span> <span class='ocrx_word' id='word_1_280' title='bbox 1551 5697 1584 5753; x_wconf 93' lang='lat' dir='ltr'>et</span> <span class='ocrx_word' id='word_1_281' title='bbox 1609 5688 1694 5752; x_wconf 87' lang='lat' dir='ltr'>dixit</span> <span class='ocrx_word' id='word_1_282' title='bbox 1717 5688 1791 5753; x_wconf 88' lang='lat' dir='ltr'>eis:</span> <span class='ocrx_word' id='word_1_283' title='bbox 1818 5688 1963 5753; x_wconf 86' lang='lat' dir='ltr'>crescite</span> <span class='ocrx_word' id='word_1_284' title='bbox 1988 5700 2022 5754; x_wconf 92' lang='lat' dir='ltr'>et</span> <span class='ocrx_word' id='word_1_285' title='bbox 2050 5688 2322 5774; x_wconf 89' lang='lat' dir='ltr'>multiplicamini</span> 
     </span>
    </p>
   </div>
   <div class='ocr_carea' id='block_1_5' title="bbox 845 5814 1029 5871">
    <p class='ocr_par' dir='ltr' id='par_1_7' title="bbox 845 5814 1029 5871">
     <span class='ocr_line' id='line_1_33' title="bbox 845 5814 1029 5871; baseline -0.016 -1"><span class='ocrx_word' id='word_1_286' title='bbox 845 5814 880 5870; x_wconf 71' lang='lat' dir='ltr'>et</span> <span class='ocrx_word' id='word_1_287' title='bbox 903 5814 1029 5871; x_wconf 70' lang='lat' dir='ltr'>celera.</span> 
     </span>
    </p>
   </div>
   <div class='ocr_carea' id='block_1_6' title="bbox 844 6016 2322 6186">
    <p class='ocr_par' dir='ltr' id='par_1_8' title="bbox 844 6016 2322 6186">
     <span class='ocr_line' id='line_1_34' title="bbox 935 6016 2322 6095; baseline -0.001 -16"><span class='ocrx_word' id='word_1_288' title='bbox 935 6029 974 6092; x_wconf 84' lang='lat' dir='ltr'>(l)</span> <span class='ocrx_word' id='word_1_289' title='bbox 996 6025 1120 6080; x_wconf 82' lang='lat' dir='ltr'>Genesis</span> <span class='ocrx_word' id='word_1_290' title='bbox 1141 6043 1165 6079; x_wconf 92' lang='lat' dir='ltr'>c.</span> <span class='ocrx_word' id='word_1_291' title='bbox 1192 6025 1213 6090; x_wconf 90' lang='lat'>1,</span> <span class='ocrx_word' id='word_1_292' title='bbox 1236 6043 1262 6078; x_wconf 85' lang='lat' dir='ltr'>v.</span> <span class='ocrx_word' id='word_1_293' title='bbox 1285 6027 1317 6078; x_wconf 84' lang='lat'>31</span> <span class='ocrx_word' id='word_1_294' title='bbox 1338 6016 1349 6078; x_wconf 72' lang='grc' dir='ltr'>ε’</span> <span class='ocrx_word' id='word_1_295' title='bbox 1372 6043 1384 6075; x_wconf 76' lang='lat' dir='ltr'>r</span> <span class='ocrx_word' id='word_1_296' title='bbox 1407 6024 1545 6095; x_wconf 91' lang='lat' dir='ltr'>Viditque</span> <span class='ocrx_word' id='word_1_297' title='bbox 1571 6024 1652 6077; x_wconf 91' lang='lat' dir='ltr'>Deus</span> <span class='ocrx_word' id='word_1_298' title='bbox 1678 6031 1783 6077; x_wconf 89' lang='lat' dir='ltr'>cuncta</span> <span class='ocrx_word' id='word_1_299' title='bbox 1809 6038 1885 6094; x_wconf 89' lang='lat' dir='ltr'>quae</span> <span class='ocrx_word' id='word_1_300' title='bbox 1910 6021 2048 6077; x_wconf 81' lang='lat' dir='ltr'>fecerat:</span> <span class='ocrx_word' id='word_1_301' title='bbox 2075 6032 2105 6077; x_wconf 89' lang='lat' dir='ltr'>et</span> <span class='ocrx_word' id='word_1_302' title='bbox 2130 6032 2213 6077; x_wconf 84' lang='lat' dir='ltr'>erant</span> <span class='ocrx_word' id='word_1_303' title='bbox 2235 6022 2322 6078; x_wconf 81' lang='lat' dir='ltr'>valde</span> 
     </span>
     <span class='ocr_line' id='line_1_35' title="bbox 844 6111 2150 6186; baseline -0.002 -17"><span class='ocrx_word' id='word_1_304' title='bbox 844 6113 931 6170; x_wconf 88' lang='lat' dir='ltr'>bona.</span> <span class='ocrx_word' id='word_1_305' title='bbox 951 6115 988 6168; x_wconf 87' lang='lat' dir='ltr'>Et</span> <span class='ocrx_word' id='word_1_306' title='bbox 1007 6112 1118 6168; x_wconf 85' lang='lat' dir='ltr'>lactum</span> <span class='ocrx_word' id='word_1_307' title='bbox 1138 6122 1182 6167; x_wconf 88' lang='lat' dir='ltr'>est</span> <span class='ocrx_word' id='word_1_308' title='bbox 1202 6131 1326 6186; x_wconf 87' lang='lat' dir='ltr'>vespere</span> <span class='ocrx_word' id='word_1_309' title='bbox 1346 6122 1375 6167; x_wconf 90' lang='lat' dir='ltr'>et</span> <span class='ocrx_word' id='word_1_310' title='bbox 1394 6130 1488 6178; x_wconf 86' lang='lat' dir='ltr'>mane,</span> <span class='ocrx_word' id='word_1_311' title='bbox 1508 6113 1571 6167; x_wconf 90' lang='lat' dir='ltr'>dies</span> <span class='ocrx_word' id='word_1_312' title='bbox 1590 6125 1728 6166; x_wconf 79' lang='lat' dir='ltr'>sextus.»</span> <span class='ocrx_word' id='word_1_313' title='bbox 1752 6143 1784 6151; x_wconf 98' lang='lat'><em>-</em></span> <span class='ocrx_word' id='word_1_314' title='bbox 1804 6116 1843 6179; x_wconf 78' lang='lat'>(2)</span> <span class='ocrx_word' id='word_1_315' title='bbox 1862 6111 1947 6177; x_wconf 68' lang='lat' dir='ltr'>loia,</span> <span class='ocrx_word' id='word_1_316' title='bbox 1960 6130 1987 6166; x_wconf 78' lang='lat' dir='ltr'>r.</span> <span class='ocrx_word' id='word_1_317' title='bbox 2006 6112 2040 6168; x_wconf 74' lang='lat'>‘27</span> <span class='ocrx_word' id='word_1_318' title='bbox 2060 6120 2089 6165; x_wconf 93' lang='lat' dir='ltr'>et</span> <span class='ocrx_word' id='word_1_319' title='bbox 2108 6115 2150 6167; x_wconf 74' lang='lat'>28.</span> 
     </span>
    </p>
   </div>
   <div class='ocr_carea' id='block_1_7' title="bbox 0 0 3354 7990">
    <p class='ocr_par' dir='ltr' id='par_1_9' title="bbox 0 0 3354 7990">
     <span class='ocr_line' id='line_1_36' title="bbox 0 0 3354 7990; baseline 0 0"><span class='ocrx_word' id='word_1_320' title='bbox 0 0 3354 7990; x_wconf 95' lang='lat' dir='ltr'> </span> 
     </span>
    </p>
   </div>
  </div>
 </body>
</html>
