<?xml version="1.0" encoding="UTF-8"?>
<!DOCTYPE html PUBLIC "-//W3C//DTD XHTML 1.0 Transitional//EN"
    "http://www.w3.org/TR/xhtml1/DTD/xhtml1-transitional.dtd">
<html xmlns="http://www.w3.org/1999/xhtml" xml:lang="en" lang="en">
 <head>
  <title>
</title>
<meta http-equiv="Content-Type" content="text/html;charset=utf-8" />
  <meta name='ocr-system' content='tesseract 3.04.00' />
  <meta name='ocr-capabilities' content='ocr_page ocr_carea ocr_par ocr_line ocrx_word'/>
</head>
<body>
  <div class='ocr_page' id='page_1' title='image "./lesquatrepremie00wulfgoog_0073.png"; bbox 0 0 6700 7992; ppageno 0'>
   <div class='ocr_carea' id='block_1_1' title="bbox 1341 1405 2405 1477">
    <p class='ocr_par' dir='ltr' id='par_1_1' title="bbox 1341 1405 2405 1477">
     <span class='ocr_line' id='line_1_1' title="bbox 1341 1405 2405 1477; baseline -0.007 -15"><span class='ocrx_word' id='word_1_1' title='bbox 1341 1407 1557 1463; x_wconf 88' lang='lat' dir='ltr'><strong>SECUNDUM</strong></span> <span class='ocrx_word' id='word_1_2' title='bbox 1589 1405 1887 1477; x_wconf 86' lang='lat' dir='ltr'>QUODLIBETUM,</span> <span class='ocrx_word' id='word_1_3' title='bbox 1919 1405 1955 1476; x_wconf 81' lang='lat' dir='ltr'>Q.</span> <span class='ocrx_word' id='word_1_4' title='bbox 1984 1405 1996 1458; x_wconf 94' lang='grc' dir='ltr'>Ι</span> <span class='ocrx_word' id='word_1_5' title='bbox 2370 1406 2405 1455; x_wconf 87' lang='grc'>49</span> 
     </span>
    </p>
   </div>
   <div class='ocr_carea' id='block_1_2' title="bbox 873 1568 2409 4218">
    <p class='ocr_par' dir='ltr' id='par_1_2' title="bbox 873 1568 2409 4218">
     <span class='ocr_line' id='line_1_2' title="bbox 930 1568 2406 1673; baseline -0.005 -19"><span class='ocrx_word' id='word_1_6' title='bbox 930 1568 1096 1654; x_wconf 90' lang='lat' dir='ltr'>declarari</span> <span class='ocrx_word' id='word_1_7' title='bbox 1122 1587 1321 1673; x_wconf 63' lang='lat' dir='ltr'>,specialiter</span> <span class='ocrx_word' id='word_1_8' title='bbox 1346 1589 1389 1652; x_wconf 90' lang='lat' dir='ltr'>de</span> <span class='ocrx_word' id='word_1_9' title='bbox 1414 1587 1528 1651; x_wconf 92' lang='lat' dir='ltr'>anima</span> <span class='ocrx_word' id='word_1_10' title='bbox 1554 1585 1693 1664; x_wconf 81' lang='lat' dir='ltr'>Christi,</span> <span class='ocrx_word' id='word_1_11' title='bbox 1718 1586 1830 1670; x_wconf 92' lang='lat' dir='ltr'>primo</span> <span class='ocrx_word' id='word_1_12' title='bbox 1855 1608 1897 1651; x_wconf 90' lang='lat' dir='ltr'>ex</span> <span class='ocrx_word' id='word_1_13' title='bbox 1921 1587 1989 1649; x_wconf 92' lang='lat' dir='ltr'>hoc</span> <span class='ocrx_word' id='word_1_14' title='bbox 2014 1585 2109 1668; x_wconf 91' lang='lat' dir='ltr'>quod</span> <span class='ocrx_word' id='word_1_15' title='bbox 2133 1583 2245 1671; x_wconf 85' lang='lat' dir='ltr'>magis</span> <span class='ocrx_word' id='word_1_16' title='bbox 2270 1581 2406 1648; x_wconf 91' lang='lat' dir='ltr'>videtur</span> 
     </span>
     <span class='ocr_line' id='line_1_3' title="bbox 929 1698 2405 1788; baseline -0.003 -19"><span class='ocrx_word' id='word_1_17' title='bbox 929 1703 1089 1788; x_wconf 90' lang='lat' dir='ltr'>impediri</span> <span class='ocrx_word' id='word_1_18' title='bbox 1117 1702 1231 1768; x_wconf 90' lang='lat' dir='ltr'>anima</span> <span class='ocrx_word' id='word_1_19' title='bbox 1261 1702 1296 1767; x_wconf 94' lang='lat' dir='ltr'>in</span> <span class='ocrx_word' id='word_1_20' title='bbox 1325 1715 1404 1768; x_wconf 88' lang='lat' dir='ltr'>actu</span> <span class='ocrx_word' id='word_1_21' title='bbox 1431 1702 1603 1767; x_wconf 81' lang='lat' dir='ltr'>fruitionis</span> <span class='ocrx_word' id='word_1_22' title='bbox 1630 1704 1755 1767; x_wconf 90' lang='lat' dir='ltr'>beatae</span> <span class='ocrx_word' id='word_1_23' title='bbox 1780 1723 1841 1786; x_wconf 91' lang='lat' dir='ltr'>per</span> <span class='ocrx_word' id='word_1_24' title='bbox 1865 1703 2006 1765; x_wconf 92' lang='lat' dir='ltr'>modum</span> <span class='ocrx_word' id='word_1_25' title='bbox 2031 1698 2230 1764; x_wconf 91' lang='lat' dir='ltr'>huiusmodi</span> <span class='ocrx_word' id='word_1_26' title='bbox 2254 1700 2405 1764; x_wconf 88' lang='lat' dir='ltr'>abstrac-</span> 
     </span>
     <span class='ocr_line' id='line_1_4' title="bbox 929 1813 2405 1903; baseline -0.005 -18"><span class='ocrx_word' id='word_1_27' title='bbox 929 1819 1034 1885; x_wconf 82' lang='lat' dir='ltr'>tionis</span> <span class='ocrx_word' id='word_1_28' title='bbox 1050 1820 1103 1884; x_wconf 91' lang='lat' dir='ltr'>vel</span> <span class='ocrx_word' id='word_1_29' title='bbox 1126 1818 1369 1897; x_wconf 70' lang='lat' dir='ltr'>distractionis</span> <span class='ocrx_word' id='word_1_30' title='bbox 1396 1840 1436 1883; x_wconf 88' lang='lat' dir='ltr'>ex</span> <span class='ocrx_word' id='word_1_31' title='bbox 1462 1819 1582 1883; x_wconf 92' lang='lat' dir='ltr'>dolore</span> <span class='ocrx_word' id='word_1_32' title='bbox 1607 1829 1641 1883; x_wconf 92' lang='lat' dir='ltr'>et</span> <span class='ocrx_word' id='word_1_33' title='bbox 1663 1817 1798 1882; x_wconf 76' lang='lat' dir='ltr'>tristitia</span> <span class='ocrx_word' id='word_1_34' title='bbox 1822 1817 1858 1881; x_wconf 90' lang='lat' dir='ltr'>in</span> <span class='ocrx_word' id='word_1_35' title='bbox 1882 1815 2047 1903; x_wconf 90' lang='lat' dir='ltr'>potentiis</span> <span class='ocrx_word' id='word_1_36' title='bbox 2071 1815 2207 1880; x_wconf 86' lang='lat' dir='ltr'>animae</span> <span class='ocrx_word' id='word_1_37' title='bbox 2231 1813 2405 1881; x_wconf 87' lang='lat' dir='ltr'>sensitivis</span> 
     </span>
     <span class='ocr_line' id='line_1_5' title="bbox 928 1930 2405 2016; baseline -0.004 -17"><span class='ocrx_word' id='word_1_38' title='bbox 928 1934 1092 2000; x_wconf 89' lang='lat' dir='ltr'>radicatis</span> <span class='ocrx_word' id='word_1_39' title='bbox 1110 1933 1145 1998; x_wconf 90' lang='lat' dir='ltr'>in</span> <span class='ocrx_word' id='word_1_40' title='bbox 1162 1935 1285 1999; x_wconf 89' lang='lat' dir='ltr'>eadem</span> <span class='ocrx_word' id='word_1_41' title='bbox 1303 1933 1455 1998; x_wconf 82' lang='lat' dir='ltr'>essentia</span> <span class='ocrx_word' id='word_1_42' title='bbox 1472 1933 1608 1998; x_wconf 90' lang='lat' dir='ltr'>animae</span> <span class='ocrx_word' id='word_1_43' title='bbox 1625 1933 1660 1996; x_wconf 94' lang='lat' dir='ltr'>in</span> <span class='ocrx_word' id='word_1_44' title='bbox 1678 1955 1746 2016; x_wconf 90' lang='lat' dir='ltr'>qua</span> <span class='ocrx_word' id='word_1_45' title='bbox 1763 1932 1962 1998; x_wconf 84' lang='lat' dir='ltr'>radicantur</span> <span class='ocrx_word' id='word_1_46' title='bbox 1978 1932 2155 2016; x_wconf 89' lang='lat' dir='ltr'>potentiae</span> <span class='ocrx_word' id='word_1_47' title='bbox 2172 1930 2405 1997; x_wconf 86' lang='lat' dir='ltr'>mediantibus</span> 
     </span>
     <span class='ocr_line' id='line_1_6' title="bbox 929 2046 2406 2136; baseline -0.003 -21"><span class='ocrx_word' id='word_1_48' title='bbox 929 2050 1056 2136; x_wconf 91' lang='lat' dir='ltr'>quibus</span> <span class='ocrx_word' id='word_1_49' title='bbox 1072 2049 1203 2130; x_wconf 84' lang='lat' dir='ltr'>fruitur,</span> <span class='ocrx_word' id='word_1_50' title='bbox 1221 2071 1323 2134; x_wconf 89' lang='lat' dir='ltr'>quam</span> <span class='ocrx_word' id='word_1_51' title='bbox 1341 2071 1383 2114; x_wconf 87' lang='lat' dir='ltr'>ex</span> <span class='ocrx_word' id='word_1_52' title='bbox 1400 2051 1475 2114; x_wconf 92' lang='lat' dir='ltr'>sola</span> <span class='ocrx_word' id='word_1_53' title='bbox 1492 2049 1648 2134; x_wconf 86' lang='lat' dir='ltr'>corporis</span> <span class='ocrx_word' id='word_1_54' title='bbox 1664 2049 1837 2128; x_wconf 89' lang='lat' dir='ltr'>carentia;</span> <span class='ocrx_word' id='word_1_55' title='bbox 1863 2058 1897 2113; x_wconf 87' lang='lat' dir='ltr'>et</span> <span class='ocrx_word' id='word_1_56' title='bbox 1920 2069 1999 2113; x_wconf 89' lang='lat' dir='ltr'>cum</span> <span class='ocrx_word' id='word_1_57' title='bbox 2023 2046 2224 2113; x_wconf 91' lang='lat' dir='ltr'>huiusmodi</span> <span class='ocrx_word' id='word_1_58' title='bbox 2248 2047 2348 2112; x_wconf 91' lang='lat' dir='ltr'>dolor</span> <span class='ocrx_word' id='word_1_59' title='bbox 2372 2056 2406 2112; x_wconf 92' lang='lat' dir='ltr'>et</span> 
     </span>
     <span class='ocr_line' id='line_1_7' title="bbox 873 2148 2405 2256; baseline -0.002 -25"><span class='ocrx_word' id='word_1_60' title='bbox 873 2148 875 2153; x_wconf 33' lang='lat'>⁵</span> <span class='ocrx_word' id='word_1_61' title='bbox 927 2165 1063 2232; x_wconf 89' lang='lat' dir='ltr'>tristitia</span> <span class='ocrx_word' id='word_1_62' title='bbox 1086 2167 1276 2231; x_wconf 89' lang='lat' dir='ltr'>vehemens</span> <span class='ocrx_word' id='word_1_63' title='bbox 1301 2164 1551 2256; x_wconf 83' lang='lat' dir='ltr'>perfectionem</span> <span class='ocrx_word' id='word_1_64' title='bbox 1576 2163 1747 2229; x_wconf 88' lang='lat' dir='ltr'>fruitionis</span> <span class='ocrx_word' id='word_1_65' title='bbox 1771 2163 1806 2227; x_wconf 95' lang='lat' dir='ltr'>in</span> <span class='ocrx_word' id='word_1_66' title='bbox 1832 2163 1973 2229; x_wconf 90' lang='lat' dir='ltr'>Christo</span> <span class='ocrx_word' id='word_1_67' title='bbox 1996 2184 2067 2228; x_wconf 92' lang='lat' dir='ltr'>non</span> <span class='ocrx_word' id='word_1_68' title='bbox 2093 2161 2280 2248; x_wconf 90' lang='lat' dir='ltr'>impedivit,</span> <span class='ocrx_word' id='word_1_69' title='bbox 2298 2183 2405 2247; x_wconf 86' lang='lat' dir='ltr'>quare</span> 
     </span>
     <span class='ocr_line' id='line_1_8' title="bbox 928 2278 2406 2367; baseline -0.003 -21"><span class='ocrx_word' id='word_1_70' title='bbox 928 2303 995 2348; x_wconf 88' lang='lat' dir='ltr'>nec</span> <span class='ocrx_word' id='word_1_71' title='bbox 1015 2281 1189 2367; x_wconf 85' lang='lat' dir='ltr'>separatio</span> <span class='ocrx_word' id='word_1_72' title='bbox 1214 2281 1350 2346; x_wconf 89' lang='lat' dir='ltr'>animae</span> <span class='ocrx_word' id='word_1_73' title='bbox 1375 2303 1395 2345; x_wconf 94' lang='lat' dir='ltr'>a</span> <span class='ocrx_word' id='word_1_74' title='bbox 1419 2302 1567 2365; x_wconf 86' lang='lat' dir='ltr'>corpore</span> <span class='ocrx_word' id='word_1_75' title='bbox 1592 2279 1779 2364; x_wconf 89' lang='lat' dir='ltr'>impedivit.</span> <span class='ocrx_word' id='word_1_76' title='bbox 1806 2318 1846 2326; x_wconf 90' lang='lat'>-</span> <span class='ocrx_word' id='word_1_77' title='bbox 1872 2281 1950 2344; x_wconf 91' lang='lat' dir='ltr'>Hoc</span> <span class='ocrx_word' id='word_1_78' title='bbox 1974 2278 2104 2345; x_wconf 87' lang='lat' dir='ltr'>etiam¹</span> <span class='ocrx_word' id='word_1_79' title='bbox 2128 2279 2286 2344; x_wconf 89' lang='lat' dir='ltr'>secundo</span> <span class='ocrx_word' id='word_1_80' title='bbox 2310 2289 2406 2364; x_wconf 90' lang='lat' dir='ltr'>patet</span> 
     </span>
     <span class='ocr_line' id='line_1_9' title="bbox 928 2394 2405 2483; baseline -0.003 -20"><span class='ocrx_word' id='word_1_81' title='bbox 928 2407 1091 2483; x_wconf 91' lang='lat' dir='ltr'>respectu</span> <span class='ocrx_word' id='word_1_82' title='bbox 1115 2397 1367 2481; x_wconf 89' lang='lat' dir='ltr'>cuiuscumque</span> <span class='ocrx_word' id='word_1_83' title='bbox 1392 2396 1538 2475; x_wconf 90' lang='lat' dir='ltr'>animae,</span> <span class='ocrx_word' id='word_1_84' title='bbox 1563 2395 1696 2461; x_wconf 86' lang='lat' dir='ltr'>scilicet</span> <span class='ocrx_word' id='word_1_85' title='bbox 1720 2396 1814 2480; x_wconf 87' lang='lat' dir='ltr'>quod</span> <span class='ocrx_word' id='word_1_86' title='bbox 1840 2408 1981 2481; x_wconf 90' lang='lat' dir='ltr'>propter</span> <span class='ocrx_word' id='word_1_87' title='bbox 1997 2394 2196 2460; x_wconf 91' lang='lat' dir='ltr'>huiusmodi</span> <span class='ocrx_word' id='word_1_88' title='bbox 2214 2394 2405 2480; x_wconf 89' lang='lat' dir='ltr'>appetitum</span> 
     </span>
     <span class='ocr_line' id='line_1_10' title="bbox 929 2509 2405 2597; baseline -0.003 -19"><span class='ocrx_word' id='word_1_89' title='bbox 929 2512 1193 2578; x_wconf 90' lang='lat' dir='ltr'>administrandi</span> <span class='ocrx_word' id='word_1_90' title='bbox 1210 2533 1340 2597; x_wconf 85' lang='lat' dir='ltr'>corpus</span> <span class='ocrx_word' id='word_1_91' title='bbox 1357 2533 1429 2576; x_wconf 90' lang='lat' dir='ltr'>non</span> <span class='ocrx_word' id='word_1_92' title='bbox 1447 2511 1644 2576; x_wconf 90' lang='lat' dir='ltr'>distrahitur</span> <span class='ocrx_word' id='word_1_93' title='bbox 1666 2513 1710 2576; x_wconf 89' lang='lat' dir='ltr'>ab</span> <span class='ocrx_word' id='word_1_94' title='bbox 1736 2521 1815 2576; x_wconf 89' lang='lat' dir='ltr'>actu</span> <span class='ocrx_word' id='word_1_95' title='bbox 1840 2509 2075 2591; x_wconf 67' lang='lat' dir='ltr'>beatitudinis</span> <span class='ocrx_word' id='word_1_96' title='bbox 2102 2510 2181 2595; x_wconf 87' lang='lat' dir='ltr'>quia</span> <span class='ocrx_word' id='word_1_97' title='bbox 2206 2509 2405 2576; x_wconf 91' lang='lat' dir='ltr'>huiusmodi</span> 
     </span>
     <span class='ocr_line' id='line_1_11' title="bbox 929 2625 2406 2715; baseline -0.003 -21"><span class='ocrx_word' id='word_1_98' title='bbox 929 2629 1104 2715; x_wconf 90' lang='lat' dir='ltr'>appetitus</span> <span class='ocrx_word' id='word_1_99' title='bbox 1129 2628 1174 2693; x_wconf 92' lang='lat' dir='ltr'>ad</span> <span class='ocrx_word' id='word_1_100' title='bbox 1194 2628 1360 2693; x_wconf 90' lang='lat' dir='ltr'>unionem</span> <span class='ocrx_word' id='word_1_101' title='bbox 1378 2649 1457 2694; x_wconf 90' lang='lat' dir='ltr'>cum</span> <span class='ocrx_word' id='word_1_102' title='bbox 1475 2648 1622 2712; x_wconf 90' lang='lat' dir='ltr'>corpore</span> <span class='ocrx_word' id='word_1_103' title='bbox 1639 2648 1725 2712; x_wconf 90' lang='lat' dir='ltr'>pure</span> <span class='ocrx_word' id='word_1_104' title='bbox 1742 2627 1907 2692; x_wconf 89' lang='lat' dir='ltr'>naturalis</span> <span class='ocrx_word' id='word_1_105' title='bbox 1924 2638 1958 2692; x_wconf 92' lang='lat' dir='ltr'>et</span> <span class='ocrx_word' id='word_1_106' title='bbox 1975 2626 2079 2693; x_wconf 90' lang='lat' dir='ltr'>estin</span> <span class='ocrx_word' id='word_1_107' title='bbox 2100 2626 2252 2692; x_wconf 90' lang='lat' dir='ltr'>essentia</span> <span class='ocrx_word' id='word_1_108' title='bbox 2269 2625 2406 2691; x_wconf 89' lang='lat' dir='ltr'>animae</span> 
     </span>
     <span class='ocr_line' id='line_1_12' title="bbox 930 2741 2406 2831; baseline -0.002 -22"><span class='ocrx_word' id='word_1_109' title='bbox 930 2754 1032 2831; x_wconf 92' lang='lat' dir='ltr'>prout</span> <span class='ocrx_word' id='word_1_110' title='bbox 1048 2745 1154 2809; x_wconf 91' lang='lat' dir='ltr'>habet</span> <span class='ocrx_word' id='word_1_111' title='bbox 1170 2765 1298 2829; x_wconf 88' lang='lat' dir='ltr'>corpus</span> <span class='ocrx_word' id='word_1_112' title='bbox 1322 2765 1423 2807; x_wconf 91' lang='lat' dir='ltr'>suum</span> <span class='ocrx_word' id='word_1_113' title='bbox 1448 2743 1721 2808; x_wconf 80' lang='lat' dir='ltr'>substantialiter</span> <span class='ocrx_word' id='word_1_114' title='bbox 1745 2743 1912 2828; x_wconf 84' lang='lat' dir='ltr'>perficere</span> <span class='ocrx_word' id='word_1_115' title='bbox 1936 2743 1992 2808; x_wconf 90' lang='lat' dir='ltr'>cui</span> <span class='ocrx_word' id='word_1_116' title='bbox 2016 2743 2207 2829; x_wconf 89' lang='lat' dir='ltr'>respondet</span> <span class='ocrx_word' id='word_1_117' title='bbox 2231 2741 2406 2828; x_wconf 88' lang='lat' dir='ltr'>appetitus</span> 
     </span>
     <span class='ocr_line' id='line_1_13' title="bbox 931 2857 2405 2944; baseline -0.002 -19"><span class='ocrx_word' id='word_1_118' title='bbox 931 2881 974 2925; x_wconf 90' lang='lat' dir='ltr'>ex</span> <span class='ocrx_word' id='word_1_119' title='bbox 990 2871 1086 2944; x_wconf 84' lang='lat' dir='ltr'>parte</span> <span class='ocrx_word' id='word_1_120' title='bbox 1104 2859 1260 2944; x_wconf 89' lang='lat' dir='ltr'>corporis</span> <span class='ocrx_word' id='word_1_121' title='bbox 1278 2880 1347 2943; x_wconf 89' lang='lat' dir='ltr'>quo</span> <span class='ocrx_word' id='word_1_122' title='bbox 1364 2857 1496 2943; x_wconf 90' lang='lat' dir='ltr'>appetit</span> <span class='ocrx_word' id='word_1_123' title='bbox 1514 2859 1633 2942; x_wconf 87' lang='lat' dir='ltr'>perfici</span> <span class='ocrx_word' id='word_1_124' title='bbox 1651 2860 1695 2923; x_wconf 89' lang='lat' dir='ltr'>ab</span> <span class='ocrx_word' id='word_1_125' title='bbox 1712 2858 1828 2923; x_wconf 92' lang='lat' dir='ltr'>anima</span> <span class='ocrx_word' id='word_1_126' title='bbox 1844 2871 1879 2924; x_wconf 90' lang='lat' dir='ltr'>et</span> <span class='ocrx_word' id='word_1_127' title='bbox 1902 2880 1923 2923; x_wconf 91' lang='lat' dir='ltr'>a</span> <span class='ocrx_word' id='word_1_128' title='bbox 1946 2881 2011 2923; x_wconf 90' lang='lat' dir='ltr'>sua</span> <span class='ocrx_word' id='word_1_129' title='bbox 2035 2860 2145 2923; x_wconf 88' lang='lat' dir='ltr'>forma</span> <span class='ocrx_word' id='word_1_130' title='bbox 2169 2857 2405 2936; x_wconf 73' lang='lat' dir='ltr'>substantiali,</span> 
     </span>
     <span class='ocr_line' id='line_1_14' title="bbox 930 2973 2407 3058; baseline -0.001 -18"><span class='ocrx_word' id='word_1_131' title='bbox 930 2986 965 3041; x_wconf 90' lang='lat' dir='ltr'>et</span> <span class='ocrx_word' id='word_1_132' title='bbox 991 2984 1045 3040; x_wconf 88' lang='lat' dir='ltr'>est</span> <span class='ocrx_word' id='word_1_133' title='bbox 1072 2975 1185 3039; x_wconf 90' lang='lat' dir='ltr'>solum</span> <span class='ocrx_word' id='word_1_134' title='bbox 1214 2973 1387 3058; x_wconf 92' lang='lat' dir='ltr'>quaedam</span> <span class='ocrx_word' id='word_1_135' title='bbox 1418 2974 1579 3038; x_wconf 83' lang='lat' dir='ltr'>habilitas</span> <span class='ocrx_word' id='word_1_136' title='bbox 1611 2974 1777 3039; x_wconf 86' lang='lat' dir='ltr'>naturalis</span> <span class='ocrx_word' id='word_1_137' title='bbox 1809 2975 1854 3038; x_wconf 87' lang='lat' dir='ltr'>ad</span> <span class='ocrx_word' id='word_1_138' title='bbox 1885 2985 2039 3039; x_wconf 91' lang='lat' dir='ltr'>mutuam</span> <span class='ocrx_word' id='word_1_139' title='bbox 2072 2974 2246 3040; x_wconf 91' lang='lat' dir='ltr'>unionem.</span> <span class='ocrx_word' id='word_1_140' title='bbox 2276 2973 2320 3038; x_wconf 89' lang='lat' dir='ltr'>Et</span> <span class='ocrx_word' id='word_1_141' title='bbox 2353 2984 2407 3040; x_wconf 90' lang='lat' dir='ltr'>est</span> 
     </span>
     <span class='ocr_line' id='line_1_15' title="bbox 931 3088 2406 3175; baseline 0.001 -22"><span class='ocrx_word' id='word_1_142' title='bbox 931 3089 1130 3155; x_wconf 93' lang='lat' dir='ltr'>huiusmodi</span> <span class='ocrx_word' id='word_1_143' title='bbox 1146 3089 1320 3175; x_wconf 87' lang='lat' dir='ltr'>appetitus</span> <span class='ocrx_word' id='word_1_144' title='bbox 1337 3088 1456 3154; x_wconf 89' lang='lat' dir='ltr'>similis</span> <span class='ocrx_word' id='word_1_145' title='bbox 1481 3089 1648 3174; x_wconf 90' lang='lat' dir='ltr'>appetitui</span> <span class='ocrx_word' id='word_1_146' title='bbox 1672 3089 1819 3154; x_wconf 91' lang='lat' dir='ltr'>naturali</span> <span class='ocrx_word' id='word_1_147' title='bbox 1844 3089 2030 3155; x_wconf 90' lang='lat' dir='ltr'>voluntatis</span> <span class='ocrx_word' id='word_1_148' title='bbox 2054 3091 2099 3154; x_wconf 88' lang='lat' dir='ltr'>ad</span> <span class='ocrx_word' id='word_1_149' title='bbox 2122 3091 2254 3155; x_wconf 91' lang='lat' dir='ltr'>bonum</span> <span class='ocrx_word' id='word_1_150' title='bbox 2278 3089 2406 3175; x_wconf 92' lang='lat' dir='ltr'>simpli·</span> 
     </span>
     <span class='ocr_line' id='line_1_16' title="bbox 889 3204 2406 3290; baseline 0 -20"><span class='ocrx_word' id='word_1_151' title='bbox 889 3249 894 3258; x_wconf 88' lang='lat'><em>·</em></span> <span class='ocrx_word' id='word_1_152' title='bbox 931 3205 1015 3272; x_wconf 92' lang='lat' dir='ltr'>citer</span> <span class='ocrx_word' id='word_1_153' title='bbox 1039 3226 1142 3290; x_wconf 88' lang='lat' dir='ltr'>quem</span> <span class='ocrx_word' id='word_1_154' title='bbox 1166 3206 1272 3270; x_wconf 91' lang='lat' dir='ltr'>habet</span> <span class='ocrx_word' id='word_1_155' title='bbox 1297 3204 1547 3269; x_wconf 93' lang='lat' dir='ltr'>nihilomnino</span> <span class='ocrx_word' id='word_1_156' title='bbox 1572 3205 1713 3283; x_wconf 86' lang='lat' dir='ltr'>volens;</span> <span class='ocrx_word' id='word_1_157' title='bbox 1739 3216 1773 3271; x_wconf 93' lang='lat' dir='ltr'>et</span> <span class='ocrx_word' id='word_1_158' title='bbox 1796 3216 1849 3270; x_wconf 93' lang='lat' dir='ltr'>est</span> <span class='ocrx_word' id='word_1_159' title='bbox 1873 3205 2064 3290; x_wconf 89' lang='lat' dir='ltr'>aequaliter</span> <span class='ocrx_word' id='word_1_160' title='bbox 2087 3205 2121 3270; x_wconf 94' lang='lat' dir='ltr'>in</span> <span class='ocrx_word' id='word_1_161' title='bbox 2150 3204 2344 3272; x_wconf 90' lang='lat' dir='ltr'>dormiente</span> <span class='ocrx_word' id='word_1_162' title='bbox 2372 3216 2406 3271; x_wconf 85' lang='lat' dir='ltr'>et</span> 
     </span>
     <span class='ocr_line' id='line_1_17' title="bbox 930 3320 2406 3409; baseline 0.001 -24"><span class='ocrx_word' id='word_1_163' title='bbox 930 3320 1114 3409; x_wconf 86' lang='lat' dir='ltr'>vigilante;</span> <span class='ocrx_word' id='word_1_164' title='bbox 1140 3321 1233 3386; x_wconf 89' lang='lat' dir='ltr'>unde</span> <span class='ocrx_word' id='word_1_165' title='bbox 1257 3322 1418 3385; x_wconf 90' lang='lat' dir='ltr'>voluntas</span> <span class='ocrx_word' id='word_1_166' title='bbox 1444 3333 1480 3385; x_wconf 92' lang='lat' dir='ltr'>ut</span> <span class='ocrx_word' id='word_1_167' title='bbox 1504 3321 1664 3385; x_wconf 89' lang='lat' dir='ltr'>voluntas</span> <span class='ocrx_word' id='word_1_168' title='bbox 1690 3333 1743 3385; x_wconf 90' lang='lat' dir='ltr'>est</span> <span class='ocrx_word' id='word_1_169' title='bbox 1766 3331 1800 3386; x_wconf 89' lang='lat' dir='ltr'>et</span> <span class='ocrx_word' id='word_1_170' title='bbox 1816 3332 1896 3386; x_wconf 91' lang='lat' dir='ltr'>actu</span> <span class='ocrx_word' id='word_1_171' title='bbox 1913 3321 2035 3386; x_wconf 88' lang='lat' dir='ltr'>volens</span> <span class='ocrx_word' id='word_1_172' title='bbox 2052 3321 2088 3387; x_wconf 93' lang='lat' dir='ltr'>in</span> <span class='ocrx_word' id='word_1_173' title='bbox 2105 3343 2170 3387; x_wconf 91' lang='lat' dir='ltr'>suo</span> <span class='ocrx_word' id='word_1_174' title='bbox 2182 3331 2269 3387; x_wconf 86' lang='lat' dir='ltr'>actu</span> <span class='ocrx_word' id='word_1_175' title='bbox 2287 3322 2331 3385; x_wconf 91' lang='lat' dir='ltr'>ab</span> <span class='ocrx_word' id='word_1_176' title='bbox 2348 3320 2406 3386; x_wconf 91' lang='lat' dir='ltr'>illo</span> 
     </span>
     <span class='ocr_line' id='line_1_18' title="bbox 932 3436 2308 3523; baseline -0.001 -21"><span class='ocrx_word' id='word_1_177' title='bbox 932 3436 1088 3523; x_wconf 87' lang='lat' dir='ltr'>appetitu</span> <span class='ocrx_word' id='word_1_178' title='bbox 1105 3437 1140 3501; x_wconf 95' lang='lat' dir='ltr'>in</span> <span class='ocrx_word' id='word_1_179' title='bbox 1158 3437 1253 3501; x_wconf 90' lang='lat' dir='ltr'>nullo</span> <span class='ocrx_word' id='word_1_180' title='bbox 1271 3437 1458 3520; x_wconf 86' lang='lat' dir='ltr'>dependet,</span> <span class='ocrx_word' id='word_1_181' title='bbox 1476 3457 1583 3520; x_wconf 89' lang='lat' dir='ltr'>quare</span> <span class='ocrx_word' id='word_1_182' title='bbox 1600 3457 1716 3520; x_wconf 90' lang='lat' dir='ltr'>neque</span> <span class='ocrx_word' id='word_1_183' title='bbox 1734 3437 1990 3521; x_wconf 90' lang='lat' dir='ltr'>[de]retrahitur</span> <span class='ocrx_word' id='word_1_184' title='bbox 2005 3436 2017 3471; x_wconf 76' lang='lat'>⁹</span> <span class='ocrx_word' id='word_1_185' title='bbox 2031 3448 2090 3502; x_wconf 90' lang='lat' dir='ltr'>aut</span> <span class='ocrx_word' id='word_1_186' title='bbox 2106 3439 2308 3503; x_wconf 89' lang='lat' dir='ltr'>retardatur.</span> 
     </span>
     <span class='ocr_line' id='line_1_19' title="bbox 1020 3550 2408 3639; baseline -0.001 -20"><span class='ocrx_word' id='word_1_187' title='bbox 1020 3554 1123 3620; x_wconf 92' lang='lat' dir='ltr'>Unde</span> <span class='ocrx_word' id='word_1_188' title='bbox 1158 3551 1379 3639; x_wconf 84' lang='lat' dir='ltr'>Augustinus</span> <span class='ocrx_word' id='word_1_189' title='bbox 1418 3553 1487 3617; x_wconf 90' lang='lat' dir='ltr'>hoc</span> <span class='ocrx_word' id='word_1_190' title='bbox 1521 3550 1673 3618; x_wconf 90' lang='lat' dir='ltr'>innuens</span> <span class='ocrx_word' id='word_1_191' title='bbox 1708 3573 1779 3616; x_wconf 92' lang='lat' dir='ltr'>non</span> <span class='ocrx_word' id='word_1_192' title='bbox 1814 3550 1898 3617; x_wconf 90' lang='lat' dir='ltr'>dixit</span> <span class='ocrx_word' id='word_1_193' title='bbox 1932 3553 2116 3619; x_wconf 90' lang='lat' dir='ltr'>absolute:</span> <span class='ocrx_word' id='word_1_194' title='bbox 2156 3583 2168 3609; x_wconf 86' lang='lat'>‹</span> <span class='ocrx_word' id='word_1_195' title='bbox 2197 3553 2279 3638; x_wconf 89' lang='lat' dir='ltr'>quia</span> <span class='ocrx_word' id='word_1_196' title='bbox 2317 3553 2408 3620; x_wconf 90' lang='lat' dir='ltr'>inest</span> 
     </span>
     <span class='ocr_line' id='line_1_20' title="bbox 932 3667 2408 3754; baseline 0.001 -20"><span class='ocrx_word' id='word_1_197' title='bbox 932 3669 963 3735; x_wconf 88' lang='lat' dir='ltr'>ei</span> <span class='ocrx_word' id='word_1_198' title='bbox 991 3668 1131 3754; x_wconf 93' lang='lat' dir='ltr'>quidam</span> <span class='ocrx_word' id='word_1_199' title='bbox 1159 3667 1333 3753; x_wconf 89' lang='lat' dir='ltr'>appetitus</span> <span class='ocrx_word' id='word_1_200' title='bbox 1361 3667 1526 3732; x_wconf 92' lang='lat' dir='ltr'>naturalis</span> <span class='ocrx_word' id='word_1_201' title='bbox 1557 3696 1583 3747; x_wconf 74' lang='grc' dir='ltr'>ι,</span> <span class='ocrx_word' id='word_1_202' title='bbox 1611 3668 1675 3732; x_wconf 91' lang='lat' dir='ltr'>sed</span> <span class='ocrx_word' id='word_1_203' title='bbox 1703 3669 1769 3732; x_wconf 92' lang='lat' dir='ltr'>sub</span> <span class='ocrx_word' id='word_1_204' title='bbox 1797 3667 2031 3734; x_wconf 88' lang='lat' dir='ltr'>disiunctione</span> <span class='ocrx_word' id='word_1_205' title='bbox 2058 3668 2173 3735; x_wconf 90' lang='lat' dir='ltr'>dixit:</span> <span class='ocrx_word' id='word_1_206' title='bbox 2205 3699 2217 3727; x_wconf 80' lang='grc' dir='ltr'><strong><em>ι</em></strong></span> <span class='ocrx_word' id='word_1_207' title='bbox 2243 3670 2317 3736; x_wconf 88' lang='lat' dir='ltr'>sive</span> <span class='ocrx_word' id='word_1_208' title='bbox 2341 3669 2408 3735; x_wconf 91' lang='lat' dir='ltr'>alia</span> 
     </span>
     <span class='ocr_line' id='line_1_21' title="bbox 931 3783 2408 3873; baseline 0.001 -24"><span class='ocrx_word' id='word_1_209' title='bbox 931 3783 1113 3850; x_wconf 85' lang='lat' dir='ltr'>latentiore</span> <span class='ocrx_word' id='word_1_210' title='bbox 1148 3804 1255 3849; x_wconf 87' lang='lat' dir='ltr'>causa</span> <span class='ocrx_word' id='word_1_211' title='bbox 1280 3812 1305 3846; x_wconf 70' lang='grc' dir='ltr'>ι.</span> <span class='ocrx_word' id='word_1_212' title='bbox 1339 3783 1438 3849; x_wconf 88' lang='lat' dir='ltr'>Haec</span> <span class='ocrx_word' id='word_1_213' title='bbox 1470 3804 1555 3870; x_wconf 87' lang='lat' dir='ltr'>ergo</span> <span class='ocrx_word' id='word_1_214' title='bbox 1586 3803 1694 3848; x_wconf 91' lang='lat' dir='ltr'>causa</span> <span class='ocrx_word' id='word_1_215' title='bbox 1731 3793 1783 3849; x_wconf 88' lang='lat' dir='ltr'>est</span> <span class='ocrx_word' id='word_1_216' title='bbox 1819 3783 2074 3873; x_wconf 82' lang='lat' dir='ltr'>investiganda.</span> <span class='ocrx_word' id='word_1_217' title='bbox 2108 3786 2190 3851; x_wconf 93' lang='lat' dir='ltr'>Non</span> <span class='ocrx_word' id='word_1_218' title='bbox 2226 3785 2318 3852; x_wconf 91' lang='lat' dir='ltr'>enim</span> <span class='ocrx_word' id='word_1_219' title='bbox 2355 3796 2408 3852; x_wconf 91' lang='lat' dir='ltr'>est</span> 
     </span>
     <span class='ocr_line' id='line_1_22' title="bbox 931 3897 2408 3986; baseline 0.001 -22"><span class='ocrx_word' id='word_1_220' title='bbox 931 3911 1074 3986; x_wconf 88' lang='lat' dir='ltr'>propter</span> <span class='ocrx_word' id='word_1_221' title='bbox 1099 3899 1371 3964; x_wconf 90' lang='lat' dir='ltr'>subtractionem</span> <span class='ocrx_word' id='word_1_222' title='bbox 1400 3897 1545 3964; x_wconf 91' lang='lat' dir='ltr'>alieuius</span> <span class='ocrx_word' id='word_1_223' title='bbox 1573 3898 1778 3984; x_wconf 91' lang='lat' dir='ltr'>pertinentis</span> <span class='ocrx_word' id='word_1_224' title='bbox 1806 3900 1851 3964; x_wconf 93' lang='lat' dir='ltr'>ad</span> <span class='ocrx_word' id='word_1_225' title='bbox 1879 3899 2029 3965; x_wconf 89' lang='lat' dir='ltr'>animam</span> <span class='ocrx_word' id='word_1_226' title='bbox 2055 3900 2178 3986; x_wconf 91' lang='lat' dir='ltr'>ipsam,</span> <span class='ocrx_word' id='word_1_227' title='bbox 2206 3922 2273 3967; x_wconf 88' lang='lat' dir='ltr'>nec</span> <span class='ocrx_word' id='word_1_228' title='bbox 2301 3922 2408 3986; x_wconf 92' lang='lat' dir='ltr'>quan·</span> 
     </span>
     <span class='ocr_line' id='line_1_23' title="bbox 931 4013 2408 4101; baseline 0.001 -21"><span class='ocrx_word' id='word_1_229' title='bbox 931 4025 1004 4080; x_wconf 93' lang='lat' dir='ltr'>tum</span> <span class='ocrx_word' id='word_1_230' title='bbox 1038 4015 1081 4080; x_wconf 91' lang='lat' dir='ltr'>ad</span> <span class='ocrx_word' id='word_1_231' title='bbox 1116 4014 1190 4080; x_wconf 91' lang='lat' dir='ltr'>eius</span> <span class='ocrx_word' id='word_1_232' title='bbox 1223 4014 1407 4100; x_wconf 90' lang='lat' dir='ltr'>potentias,</span> <span class='ocrx_word' id='word_1_233' title='bbox 1442 4035 1508 4080; x_wconf 85' lang='lat' dir='ltr'>nee</span> <span class='ocrx_word' id='word_1_234' title='bbox 1545 4013 1647 4080; x_wconf 88' lang='lat' dir='ltr'>etiam</span> <span class='ocrx_word' id='word_1_235' title='bbox 1675 4025 1841 4099; x_wconf 85' lang='lat' dir='ltr'>quantum</span> <span class='ocrx_word' id='word_1_236' title='bbox 1875 4017 1920 4080; x_wconf 91' lang='lat' dir='ltr'>ad</span> <span class='ocrx_word' id='word_1_237' title='bbox 1952 4015 2063 4101; x_wconf 90' lang='lat' dir='ltr'>ipsam</span> <span class='ocrx_word' id='word_1_238' title='bbox 2095 4016 2293 4083; x_wconf 89' lang='lat' dir='ltr'>essentiam.</span> <span class='ocrx_word' id='word_1_239' title='bbox 2318 4017 2408 4082; x_wconf 90' lang='lat' dir='ltr'>Nam</span> 
     </span>
     <span class='ocr_line' id='line_1_24' title="bbox 931 4129 2409 4218; baseline 0.001 -22"><span class='ocrx_word' id='word_1_240' title='bbox 931 4129 1108 4216; x_wconf 88' lang='lat' dir='ltr'>potentiae</span> <span class='ocrx_word' id='word_1_241' title='bbox 1136 4151 1226 4214; x_wconf 90' lang='lat' dir='ltr'>quae</span> <span class='ocrx_word' id='word_1_242' title='bbox 1254 4140 1335 4195; x_wconf 91' lang='lat' dir='ltr'>sunt</span> <span class='ocrx_word' id='word_1_243' title='bbox 1362 4129 1558 4196; x_wconf 88' lang='lat' dir='ltr'>intellectus</span> <span class='ocrx_word' id='word_1_244' title='bbox 1587 4140 1620 4195; x_wconf 90' lang='lat' dir='ltr'>et</span> <span class='ocrx_word' id='word_1_245' title='bbox 1644 4131 1806 4196; x_wconf 90' lang='lat' dir='ltr'>voluntas</span> <span class='ocrx_word' id='word_1_246' title='bbox 1821 4129 1842 4210; x_wconf 79' lang='lat'>³,</span> <span class='ocrx_word' id='word_1_247' title='bbox 1870 4131 2104 4197; x_wconf 88' lang='lat' dir='ltr'>mediantibus</span> <span class='ocrx_word' id='word_1_248' title='bbox 2132 4132 2259 4218; x_wconf 90' lang='lat' dir='ltr'>quibus</span> <span class='ocrx_word' id='word_1_249' title='bbox 2287 4132 2409 4197; x_wconf 83' lang='lat' dir='ltr'>fruitur</span> 
     </span>
    </p>
   </div>
   <div class='ocr_carea' id='block_1_3' title="bbox 930 4245 2527 4336">
    <p class='ocr_par' dir='ltr' id='par_1_3' title="bbox 930 4245 2527 4336">
     <span class='ocr_line' id='line_1_25' title="bbox 930 4245 2527 4336; baseline 0.004 -25"><span class='ocrx_word' id='word_1_250' title='bbox 930 4246 1055 4325; x_wconf 90' lang='lat' dir='ltr'>anima,</span> <span class='ocrx_word' id='word_1_251' title='bbox 1079 4246 1173 4311; x_wconf 91' lang='lat' dir='ltr'>nullo</span> <span class='ocrx_word' id='word_1_252' title='bbox 1198 4245 1303 4310; x_wconf 92' lang='lat' dir='ltr'>modo</span> <span class='ocrx_word' id='word_1_253' title='bbox 1329 4245 1474 4331; x_wconf 90' lang='lat' dir='ltr'>abipsa</span> <span class='ocrx_word' id='word_1_254' title='bbox 1494 4245 1636 4310; x_wconf 81' lang='lat' dir='ltr'>anima⁴</span> <span class='ocrx_word' id='word_1_255' title='bbox 1659 4247 1919 4327; x_wconf 89' lang='lat' dir='ltr'>subtrahuntur,</span> <span class='ocrx_word' id='word_1_256' title='bbox 1944 4269 2010 4314; x_wconf 88' lang='lat' dir='ltr'>nec</span> <span class='ocrx_word' id='word_1_257' title='bbox 2035 4248 2137 4314; x_wconf 92' lang='lat' dir='ltr'>etiam</span> <span class='ocrx_word' id='word_1_258' title='bbox 2163 4247 2264 4336; x_wconf 87' lang='lat' dir='ltr'>vigor</span> <span class='ocrx_word' id='word_1_259' title='bbox 2287 4269 2407 4314; x_wconf 88' lang='lat' dir='ltr'>eorum</span> <span class='ocrx_word' id='word_1_260' title='bbox 2524 4311 2527 4318; x_wconf 91' lang='lat'>.</span> 
     </span>
    </p>
   </div>
   <div class='ocr_carea' id='block_1_4' title="bbox 932 4352 2413 5613">
    <p class='ocr_par' dir='ltr' id='par_1_4' title="bbox 932 4352 2410 4910">
     <span class='ocr_line' id='line_1_26' title="bbox 933 4352 2410 4450; baseline 0.001 -24"><span class='ocrx_word' id='word_1_261' title='bbox 933 4361 1133 4427; x_wconf 92' lang='lat' dir='ltr'>diminuitur</span> <span class='ocrx_word' id='word_1_262' title='bbox 1156 4382 1235 4427; x_wconf 92' lang='lat' dir='ltr'>cum</span> <span class='ocrx_word' id='word_1_263' title='bbox 1260 4372 1440 4447; x_wconf 90' lang='lat' dir='ltr'>separatur</span> <span class='ocrx_word' id='word_1_264' title='bbox 1457 4360 1581 4440; x_wconf 90' lang='lat' dir='ltr'>anima,</span> <span class='ocrx_word' id='word_1_265' title='bbox 1599 4361 1680 4447; x_wconf 90' lang='lat' dir='ltr'>quia</span> <span class='ocrx_word' id='word_1_266' title='bbox 1697 4352 1738 4427; x_wconf 87' lang='lat' dir='ltr'>ex</span> <span class='ocrx_word' id='word_1_267' title='bbox 1756 4364 1824 4427; x_wconf 88' lang='lat' dir='ltr'>hoc</span> <span class='ocrx_word' id='word_1_268' title='bbox 1839 4363 1971 4428; x_wconf 89' lang='lat' dir='ltr'>habent</span> <span class='ocrx_word' id='word_1_269' title='bbox 1986 4363 2142 4450; x_wconf 83' lang='lat' dir='ltr'>vigorem</span> <span class='ocrx_word' id='word_1_270' title='bbox 2166 4385 2236 4449; x_wconf 92' lang='lat' dir='ltr'>quo</span> <span class='ocrx_word' id='word_1_271' title='bbox 2260 4375 2410 4450; x_wconf 86' lang='lat' dir='ltr'>possunt</span> 
     </span>
     <span class='ocr_line' id='line_1_27' title="bbox 932 4476 2410 4563; baseline 0.002 -21"><span class='ocrx_word' id='word_1_272' title='bbox 932 4477 967 4542; x_wconf 92' lang='lat' dir='ltr'>in</span> <span class='ocrx_word' id='word_1_273' title='bbox 982 4476 994 4512; x_wconf 82' lang='lat'><strong>⁶</strong></span> <span class='ocrx_word' id='word_1_274' title='bbox 1010 4487 1094 4542; x_wconf 85' lang='lat' dir='ltr'>su&#39;os</span> <span class='ocrx_word' id='word_1_275' title='bbox 1115 4488 1213 4542; x_wconf 90' lang='lat' dir='ltr'>actus</span> <span class='ocrx_word' id='word_1_276' title='bbox 1238 4477 1332 4561; x_wconf 91' lang='lat' dir='ltr'>quod</span> <span class='ocrx_word' id='word_1_277' title='bbox 1357 4487 1438 4540; x_wconf 91' lang='lat' dir='ltr'>sunt</span> <span class='ocrx_word' id='word_1_278' title='bbox 1462 4477 1658 4543; x_wconf 90' lang='lat' dir='ltr'>abstractae</span> <span class='ocrx_word' id='word_1_279' title='bbox 1675 4499 1696 4542; x_wconf 90' lang='lat' dir='ltr'>a</span> <span class='ocrx_word' id='word_1_280' title='bbox 1713 4477 1854 4542; x_wconf 86' lang='lat' dir='ltr'>materia</span> <span class='ocrx_word' id='word_1_281' title='bbox 1871 4488 1905 4543; x_wconf 92' lang='lat' dir='ltr'>et</span> <span class='ocrx_word' id='word_1_282' title='bbox 1921 4478 2017 4563; x_wconf 90' lang='lat' dir='ltr'>quod</span> <span class='ocrx_word' id='word_1_283' title='bbox 2033 4490 2114 4544; x_wconf 93' lang='lat' dir='ltr'>sunt</span> <span class='ocrx_word' id='word_1_284' title='bbox 2130 4479 2166 4543; x_wconf 90' lang='lat' dir='ltr'>in</span> <span class='ocrx_word' id='word_1_285' title='bbox 2180 4477 2192 4514; x_wconf 78' lang='lat'>⁰</span> <span class='ocrx_word' id='word_1_286' title='bbox 2215 4479 2410 4545; x_wconf 89' lang='lat' dir='ltr'>substantia</span> 
     </span>
     <span class='ocr_line' id='line_1_28' title="bbox 933 4591 2409 4678; baseline 0.002 -20"><span class='ocrx_word' id='word_1_287' title='bbox 933 4591 1157 4658; x_wconf 89' lang='lat' dir='ltr'>immateriali.</span> <span class='ocrx_word' id='word_1_288' title='bbox 1186 4593 1290 4657; x_wconf 93' lang='lat' dir='ltr'>Nunc</span> <span class='ocrx_word' id='word_1_289' title='bbox 1320 4603 1435 4657; x_wconf 90' lang='lat' dir='ltr'>autem</span> <span class='ocrx_word' id='word_1_290' title='bbox 1464 4591 1499 4655; x_wconf 94' lang='lat' dir='ltr'>in</span> <span class='ocrx_word' id='word_1_291' title='bbox 1528 4591 1643 4656; x_wconf 91' lang='lat' dir='ltr'>anima</span> <span class='ocrx_word' id='word_1_292' title='bbox 1670 4603 1832 4678; x_wconf 90' lang='lat' dir='ltr'>separata</span> <span class='ocrx_word' id='word_1_293' title='bbox 1859 4614 1931 4659; x_wconf 92' lang='lat' dir='ltr'>non</span> <span class='ocrx_word' id='word_1_294' title='bbox 1959 4593 2073 4659; x_wconf 93' lang='lat' dir='ltr'>minus</span> <span class='ocrx_word' id='word_1_295' title='bbox 2105 4605 2185 4660; x_wconf 92' lang='lat' dir='ltr'>sunt</span> <span class='ocrx_word' id='word_1_296' title='bbox 2215 4597 2409 4661; x_wconf 90' lang='lat' dir='ltr'>abstractae</span> 
     </span>
     <span class='ocr_line' id='line_1_29' title="bbox 933 4706 2410 4796; baseline 0.004 -24"><span class='ocrx_word' id='word_1_297' title='bbox 933 4730 1037 4793; x_wconf 92' lang='lat' dir='ltr'>quam</span> <span class='ocrx_word' id='word_1_298' title='bbox 1063 4707 1098 4772; x_wconf 94' lang='lat' dir='ltr'>in</span> <span class='ocrx_word' id='word_1_299' title='bbox 1126 4707 1324 4774; x_wconf 87' lang='lat' dir='ltr'>coniuncta.</span> <span class='ocrx_word' id='word_1_300' title='bbox 1353 4708 1429 4773; x_wconf 88' lang='lat' dir='ltr'>Nec</span> <span class='ocrx_word' id='word_1_301' title='bbox 1457 4706 1560 4773; x_wconf 90' lang='lat' dir='ltr'>etiam</span> <span class='ocrx_word' id='word_1_302' title='bbox 1588 4707 1800 4774; x_wconf 89' lang='lat' dir='ltr'>subtrahitur</span> <span class='ocrx_word' id='word_1_303' title='bbox 1824 4709 1868 4773; x_wconf 89' lang='lat' dir='ltr'>ab</span> <span class='ocrx_word' id='word_1_304' title='bbox 1895 4709 2010 4774; x_wconf 90' lang='lat' dir='ltr'>anima</span> <span class='ocrx_word' id='word_1_305' title='bbox 2038 4732 2081 4775; x_wconf 85' lang='lat' dir='ltr'>ex</span> <span class='ocrx_word' id='word_1_306' title='bbox 2106 4721 2204 4796; x_wconf 89' lang='lat' dir='ltr'>parte</span> <span class='ocrx_word' id='word_1_307' title='bbox 2236 4711 2410 4778; x_wconf 89' lang='lat' dir='ltr'>essentiae</span> 
     </span>
     <span class='ocr_line' id='line_1_30' title="bbox 933 4822 1819 4910; baseline -0.001 -21"><span class='ocrx_word' id='word_1_308' title='bbox 933 4823 1044 4910; x_wconf 90' lang='lat' dir='ltr'>ipsius</span> <span class='ocrx_word' id='word_1_309' title='bbox 1069 4822 1216 4902; x_wconf 90' lang='lat' dir='ltr'>animae,</span> <span class='ocrx_word' id='word_1_310' title='bbox 1241 4844 1320 4888; x_wconf 90' lang='lat' dir='ltr'>cum</span> <span class='ocrx_word' id='word_1_311' title='bbox 1345 4822 1389 4888; x_wconf 90' lang='lat' dir='ltr'>sit</span> <span class='ocrx_word' id='word_1_312' title='bbox 1412 4822 1556 4888; x_wconf 92' lang='lat' dir='ltr'>omnino</span> <span class='ocrx_word' id='word_1_313' title='bbox 1581 4822 1819 4909; x_wconf 81' lang='lat' dir='ltr'>incorporalis</span> 
     </span>
    </p>

    <p class='ocr_par' dir='ltr' id='par_1_5' title="bbox 934 4938 2413 5613">
     <span class='ocr_line' id='line_1_31' title="bbox 1022 4938 2410 5026; baseline 0.004 -23"><span class='ocrx_word' id='word_1_314' title='bbox 1022 4938 1079 5003; x_wconf 92' lang='lat' dir='ltr'>Ad</span> <span class='ocrx_word' id='word_1_315' title='bbox 1106 4938 1296 5004; x_wconf 90' lang='lat' dir='ltr'>videndum</span> <span class='ocrx_word' id='word_1_316' title='bbox 1325 4960 1412 5026; x_wconf 87' lang='lat' dir='ltr'>ergo</span> <span class='ocrx_word' id='word_1_317' title='bbox 1441 4938 1523 5023; x_wconf 91' lang='lat' dir='ltr'>quid</span> <span class='ocrx_word' id='word_1_318' title='bbox 1551 4938 1594 5003; x_wconf 88' lang='lat' dir='ltr'>sit</span> <span class='ocrx_word' id='word_1_319' title='bbox 1622 4960 1730 5004; x_wconf 89' lang='lat' dir='ltr'>causa</span> <span class='ocrx_word' id='word_1_320' title='bbox 1761 4941 1956 5006; x_wconf 90' lang='lat' dir='ltr'>seeundum</span> <span class='ocrx_word' id='word_1_321' title='bbox 1984 4941 2081 5022; x_wconf 91' lang='lat' dir='ltr'>istos,</span> <span class='ocrx_word' id='word_1_322' title='bbox 2115 4941 2410 5009; x_wconf 90' lang='lat' dir='ltr'>considerandum</span> 
     </span>
     <span class='ocr_line' id='line_1_32' title="bbox 934 5053 2410 5144; baseline 0.005 -26"><span class='ocrx_word' id='word_1_323' title='bbox 934 5055 1031 5139; x_wconf 92' lang='lat' dir='ltr'>quod</span> <span class='ocrx_word' id='word_1_324' title='bbox 1069 5054 1103 5119; x_wconf 92' lang='lat' dir='ltr'>in</span> <span class='ocrx_word' id='word_1_325' title='bbox 1136 5054 1232 5120; x_wconf 91' lang='lat' dir='ltr'>omni</span> <span class='ocrx_word' id='word_1_326' title='bbox 1264 5053 1402 5119; x_wconf 88' lang='lat' dir='ltr'>actione</span> <span class='ocrx_word' id='word_1_327' title='bbox 1438 5054 1652 5140; x_wconf 88' lang='lat' dir='ltr'>procedente</span> <span class='ocrx_word' id='word_1_328' title='bbox 1690 5057 1733 5121; x_wconf 89' lang='lat' dir='ltr'>ab</span> <span class='ocrx_word' id='word_1_329' title='bbox 1766 5067 1893 5144; x_wconf 86' lang='lat' dir='ltr'>agente</span> <span class='ocrx_word' id='word_1_330' title='bbox 1921 5067 1973 5122; x_wconf 92' lang='lat' dir='ltr'>est</span> <span class='ocrx_word' id='word_1_331' title='bbox 2000 5057 2224 5125; x_wconf 88' lang='lat' dir='ltr'>considerare</span> <span class='ocrx_word' id='word_1_332' title='bbox 2252 5059 2287 5125; x_wconf 92' lang='lat' dir='ltr'>id</span> <span class='ocrx_word' id='word_1_333' title='bbox 2315 5060 2410 5144; x_wconf 92' lang='lat' dir='ltr'>quod</span> 
     </span>
     <span class='ocr_line' id='line_1_33' title="bbox 934 5156 2411 5257; baseline 0.005 -23"><span class='ocrx_word' id='word_1_334' title='bbox 934 5168 1006 5257; x_wconf 83' lang='lat' dir='ltr'>agit</span> <span class='ocrx_word' id='word_1_335' title='bbox 1022 5170 1117 5254; x_wconf 92' lang='lat' dir='ltr'>quod</span> <span class='ocrx_word' id='word_1_336' title='bbox 1141 5181 1194 5236; x_wconf 92' lang='lat' dir='ltr'>est</span> <span class='ocrx_word' id='word_1_337' title='bbox 1217 5191 1273 5235; x_wconf 89' lang='lat' dir='ltr'>res</span> <span class='ocrx_word' id='word_1_338' title='bbox 1298 5169 1374 5255; x_wconf 89' lang='lat' dir='ltr'>ipsa</span> <span class='ocrx_word' id='word_1_339' title='bbox 1398 5171 1534 5235; x_wconf 89' lang='lat' dir='ltr'>habens</span> <span class='ocrx_word' id='word_1_340' title='bbox 1556 5170 1725 5237; x_wconf 90' lang='lat' dir='ltr'>rationem</span> <span class='ocrx_word' id='word_1_341' title='bbox 1749 5156 1923 5257; x_wconf 86' lang='lat' dir='ltr'>suppositi</span> <span class='ocrx_word' id='word_1_342' title='bbox 1947 5173 2103 5254; x_wconf 87' lang='lat' dir='ltr'>(istorum</span> <span class='ocrx_word' id='word_1_343' title='bbox 2128 5173 2258 5240; x_wconf 87' lang='lat' dir='ltr'>dictum</span> <span class='ocrx_word' id='word_1_344' title='bbox 2283 5175 2318 5241; x_wconf 94' lang='lat' dir='ltr'>in</span> <span class='ocrx_word' id='word_1_345' title='bbox 2341 5179 2411 5243; x_wconf 93' lang='lat' dir='ltr'>hoc</span> 
     </span>
     <span class='ocr_line' id='line_1_34' title="bbox 934 5284 2411 5378; baseline 0.005 -28"><span class='ocrx_word' id='word_1_346' title='bbox 934 5306 1053 5350; x_wconf 88' lang='lat' dir='ltr'>verum</span> <span class='ocrx_word' id='word_1_347' title='bbox 1090 5295 1153 5365; x_wconf 88' lang='lat' dir='ltr'>est,</span> <span class='ocrx_word' id='word_1_348' title='bbox 1181 5286 1244 5350; x_wconf 90' lang='lat' dir='ltr'>sed</span> <span class='ocrx_word' id='word_1_349' title='bbox 1283 5284 1546 5372; x_wconf 85' lang='lat' dir='ltr'>intelligendum</span> <span class='ocrx_word' id='word_1_350' title='bbox 1584 5296 1636 5351; x_wconf 90' lang='lat' dir='ltr'>est</span> <span class='ocrx_word' id='word_1_351' title='bbox 1672 5285 1771 5352; x_wconf 86' lang='lat' dir='ltr'>hoc⁷</span> <span class='ocrx_word' id='word_1_352' title='bbox 1808 5287 1836 5352; x_wconf 93' lang='lat' dir='ltr'>si</span> <span class='ocrx_word' id='word_1_353' title='bbox 1864 5290 1992 5355; x_wconf 90' lang='lat' dir='ltr'>habeat</span> <span class='ocrx_word' id='word_1_354' title='bbox 2030 5289 2200 5357; x_wconf 87' lang='lat' dir='ltr'>rationem</span> <span class='ocrx_word' id='word_1_355' title='bbox 2239 5291 2411 5378; x_wconf 91' lang='lat' dir='ltr'>suppositi</span> 
     </span>
     <span class='ocr_line' id='line_1_35' title="bbox 935 5401 2413 5490; baseline 0.006 -25"><span class='ocrx_word' id='word_1_356' title='bbox 935 5401 1131 5466; x_wconf 88' lang='lat' dir='ltr'>secundum</span> <span class='ocrx_word' id='word_1_357' title='bbox 1166 5401 1308 5465; x_wconf 93' lang='lat' dir='ltr'>modum</span> <span class='ocrx_word' id='word_1_358' title='bbox 1344 5411 1488 5466; x_wconf 88' lang='lat' dir='ltr'>naturae</span> <span class='ocrx_word' id='word_1_359' title='bbox 1517 5422 1602 5467; x_wconf 90' lang='lat' dir='ltr'>suae</span> <span class='ocrx_word' id='word_1_360' title='bbox 1638 5403 1813 5487; x_wconf 90' lang='lat' dir='ltr'>completa</span> <span class='ocrx_word' id='word_1_361' title='bbox 1839 5415 1873 5469; x_wconf 93' lang='lat' dir='ltr'>et</span> <span class='ocrx_word' id='word_1_362' title='bbox 1901 5404 2056 5490; x_wconf 89' lang='lat' dir='ltr'>perfecta</span> <span class='ocrx_word' id='word_1_363' title='bbox 2086 5405 2263 5489; x_wconf 82' lang='lat' dir='ltr'>existens),</span> <span class='ocrx_word' id='word_1_364' title='bbox 2289 5418 2323 5474; x_wconf 90' lang='lat' dir='ltr'>et</span> <span class='ocrx_word' id='word_1_365' title='bbox 2346 5407 2413 5474; x_wconf 81' lang='lat' dir='ltr'>id⁸</span> 
     </span>
     <span class='ocr_line' id='line_1_36' title="bbox 934 5515 2410 5613; baseline 0.006 -33"><span class='ocrx_word' id='word_1_366' title='bbox 934 5536 1005 5600; x_wconf 93' lang='lat' dir='ltr'>quo</span> <span class='ocrx_word' id='word_1_367' title='bbox 1033 5515 1106 5604; x_wconf 85' lang='lat' dir='ltr'>agit</span> <span class='ocrx_word' id='word_1_368' title='bbox 1130 5516 1226 5600; x_wconf 92' lang='lat' dir='ltr'>quod</span> <span class='ocrx_word' id='word_1_369' title='bbox 1254 5527 1306 5581; x_wconf 92' lang='lat' dir='ltr'>est</span> <span class='ocrx_word' id='word_1_370' title='bbox 1336 5515 1544 5601; x_wconf 87' lang='lat' dir='ltr'>principium</span> <span class='ocrx_word' id='word_1_371' title='bbox 1576 5517 1774 5583; x_wconf 90' lang='lat' dir='ltr'>absolutum</span> <span class='ocrx_word' id='word_1_372' title='bbox 1802 5519 1947 5586; x_wconf 90' lang='lat' dir='ltr'>formale</span> <span class='ocrx_word' id='word_1_373' title='bbox 1970 5520 2006 5586; x_wconf 93' lang='lat' dir='ltr'>in</span> <span class='ocrx_word' id='word_1_374' title='bbox 2036 5542 2073 5587; x_wconf 90' lang='lat' dir='ltr'>re</span> <span class='ocrx_word' id='word_1_375' title='bbox 2105 5521 2183 5608; x_wconf 91' lang='lat' dir='ltr'>ipsa</span> <span class='ocrx_word' id='word_1_376' title='bbox 2215 5544 2305 5608; x_wconf 89' lang='lat' dir='ltr'>quae</span> <span class='ocrx_word' id='word_1_377' title='bbox 2329 5523 2410 5613; x_wconf 86' lang='lat' dir='ltr'>agit.</span> 
     </span>
    </p>
   </div>
   <div class='ocr_carea' id='block_1_5' title="bbox 1027 5825 2412 5899">
    <p class='ocr_par' dir='ltr' id='par_1_6' title="bbox 1027 5825 2412 5899">
     <span class='ocr_line' id='line_1_37' title="bbox 1027 5825 2412 5899; baseline 0.006 -20"><span class='ocrx_word' id='word_1_378' title='bbox 1027 5825 1125 5880; x_wconf 86' lang='lat' dir='ltr'>¹enim</span> <span class='ocrx_word' id='word_1_379' title='bbox 1145 5827 1175 5880; x_wconf 91' lang='lat' dir='ltr'>P.</span> <span class='ocrx_word' id='word_1_380' title='bbox 1195 5859 1228 5866; x_wconf 97' lang='lat'>—</span> <span class='ocrx_word' id='word_1_381' title='bbox 1249 5826 1434 5880; x_wconf 84' lang='lat' dir='ltr'>¹detrahitur</span> <span class='ocrx_word' id='word_1_382' title='bbox 1453 5827 1483 5881; x_wconf 89' lang='lat' dir='ltr'>P.</span> <span class='ocrx_word' id='word_1_383' title='bbox 1497 5859 1530 5867; x_wconf 97' lang='lat'>—</span> <span class='ocrx_word' id='word_1_384' title='bbox 1550 5828 1561 5859; x_wconf 80' lang='lat'><strong>³</strong></span> <span class='ocrx_word' id='word_1_385' title='bbox 1582 5826 1749 5882; x_wconf 88' lang='lat' dir='ltr'>intellectus</span> <span class='ocrx_word' id='word_1_386' title='bbox 1769 5837 1798 5882; x_wconf 91' lang='lat' dir='ltr'>et</span> <span class='ocrx_word' id='word_1_387' title='bbox 1817 5829 1963 5899; x_wconf 89' lang='lat' dir='ltr'>voluntas]</span> <span class='ocrx_word' id='word_1_388' title='bbox 1986 5831 2123 5886; x_wconf 90' lang='lat' dir='ltr'>voluntas</span> <span class='ocrx_word' id='word_1_389' title='bbox 2146 5840 2176 5886; x_wconf 88' lang='lat' dir='ltr'>et</span> <span class='ocrx_word' id='word_1_390' title='bbox 2194 5831 2362 5889; x_wconf 89' lang='lat' dir='ltr'>intellectus</span> <span class='ocrx_word' id='word_1_391' title='bbox 2381 5834 2412 5888; x_wconf 88' lang='grc' dir='ltr'>Ρ.</span> 
     </span>
    </p>
   </div>
   <div class='ocr_carea' id='block_1_6' title="bbox 856 5914 1908 5970">
    <p class='ocr_par' dir='ltr' id='par_1_7' title="bbox 856 5914 1908 5970">
     <span class='ocr_line' id='line_1_38' title="bbox 856 5914 1908 5970; baseline 0.006 -6"><span class='ocrx_word' id='word_1_392' title='bbox 856 5949 858 5956; x_wconf 69' lang='lat'>,</span> <span class='ocrx_word' id='word_1_393' title='bbox 936 5914 1435 5968; x_wconf 79' lang='lat' dir='ltr'>-⁴0m.P.-⁶om.P.-⁸sub</span> <span class='ocrx_word' id='word_1_394' title='bbox 1456 5915 1486 5968; x_wconf 92' lang='lat' dir='ltr'>P.</span> <span class='ocrx_word' id='word_1_395' title='bbox 1507 5947 1540 5954; x_wconf 97' lang='lat'>—</span> <span class='ocrx_word' id='word_1_396' title='bbox 1562 5915 1858 5970; x_wconf 81' lang='lat' dir='ltr'>⁷0m.P.—⁸illud</span> <span class='ocrx_word' id='word_1_397' title='bbox 1877 5917 1908 5970; x_wconf 92' lang='lat' dir='ltr'>P.</span> 
     </span>
    </p>
   </div>
   <div class='ocr_carea' id='block_1_7' title="bbox 2290 6013 2306 6062">
    <p class='ocr_par' dir='ltr' id='par_1_8' title="bbox 2290 6013 2306 6062">
     <span class='ocr_line' id='line_1_39' title="bbox 2290 6013 2306 6062; baseline 0 0"><span class='ocrx_word' id='word_1_398' title='bbox 2290 6013 2306 6062; x_wconf 87' lang='lat'><strong>7</strong></span> 
     </span>
    </p>
   </div>
   <div class='ocr_carea' id='block_1_8' title="bbox 0 0 3364 7988">
    <p class='ocr_par' dir='ltr' id='par_1_9' title="bbox 0 0 3364 7988">
     <span class='ocr_line' id='line_1_40' title="bbox 0 0 3364 7988; baseline 0 0"><span class='ocrx_word' id='word_1_399' title='bbox 0 0 3364 7988; x_wconf 95' lang='lat' dir='ltr'> </span> 
     </span>
    </p>
   </div>
  </div>
 </body>
</html>
