6700 7992
1232 1393 1428 1477 Quantum
1457 1393 1758 1477 Quommarun,
1786 1405 1822 1476 Q.
1850 1391 1934 1458 xxm
2274 1394 2327 1457 aas

816 1643 821 1650 .
847 1586 910 1654 sed
934 1589 1128 1654 secundum
1153 1589 1249 1672 quod
1273 1587 1339 1652 sibi
1356 1589 1453 1653 Deus
1471 1586 1661 1672 inspirabit,
1686 1586 1795 1651 τιιἸιιἸ1
1812 1587 2106 1677 contra-divinum
2124 1586 2324 1653 instinctum

847 1715 976 1771 temere
1001 1704 1266 1770 determinando
1283 1704 1327 1769 de
1351 1705 1420 1770 hoc
1444 1725 1510 1768 nec
1532 1703 1667 1768 obicem
1691 1705 1869 1789 ponendo,
1895 1714 1978 1770 tunc
2002 1715 2178 1789 oporteret
2201 1692 2324 1769 eadem

847 1820 980 1886 ratione
1003 1820 1093 1886 sicut
1125 1820 1220 1906 prius
1252 1821 1405 1898 deberet,
1438 1821 1567 1883 habere
1592 1819 1809 1905 propositum
1846 1820 2030 1905 profitendi
2067 1818 2267 1905 simpliciter
2291 1831 2325 1884 et

847 1936 1008 2001 absolute
1032 1947 1066 2001 et
1091 1947 1215 2001 cetera.

935 2052 1030 2117 Talis
1046 2074 1132 2139 ergo
1157 2054 1321 2119 liberatur
1345 2075 1365 2118 a
1388 2065 1481 2134 voto,
1504 2054 1567 2117 sed
1593 2062 1709 2137 potest
1733 2072 1881 2137 peccare
1906 2073 1968 2136 per
1991 2052 2167 2132 accidens,
2193 2051 2325 2118 scilicet

842 2179 988 2253 propter
1026 2170 1230 2235 scandalum
1265 2171 1407 2235 fratrum
1444 2171 1497 2234 vel
1535 2168 1667 2233 ordinis
1709 2169 1762 2233 uel
1799 2167 1955 2248 aliorum,
1992 2169 2049 2253 qui
2082 2171 2125 2233 ab
2162 2167 2323 2256 ingressu

846 2284 1023 2372 religionis
1048 2288 1304 2351 retraherentur
1327 2287 1414 2351 forte
1440 2297 1580 2371 propter
1604 2288 1728 2351 malam
1761 2287 1999 2372 suspicionem
2025 2310 2128 2371 quam
2161 2287 2324 2371 concipe-

847 2413 923 2466 rent
946 2423 989 2466 ex
1013 2401 1071 2466 tali
1087 2424 1242 2489 egressu.
1267 2403 1339 2468 Sed
1363 2405 1432 2468 hoc
1457 2402 1560 2467 etiam
1584 2414 1705 2487 posset
1729 2402 1934 2489 contingere
1959 2402 1994 2467 in
2019 2402 2075 2467 illo
2100 2402 2159 2487 qui
2183 2402 2324 2468 intraret

846 2519 980 2602 absque
1005 2517 1121 2602 aliquo
1145 2530 1227 2583 voto
1245 2517 1547 2603 praeee[n]denti'².
1573 2519 1644 2583 Sed
1662 2540 1741 2583 cum
1767 2518 1822 2583 ille
1847 2518 1905 2603 qui
1922 2520 2056 2602 absque
2079 2530 2162 2583 voto
2183 2518 2324 2585 intraret

832 2653 925 2697 cum
961 2634 1142 2719 proposito
1178 2634 1292 2700 statim
1329 2634 1479 2698 exeundi
1516 2645 1689 2719 peccaret,
1727 2634 1862 2699 uidetur
1885 2636 1980 2719 quod
2011 2634 2114 2699 etiam
2147 2634 2221 2699 iste.
2252 2636 2323 2701 Sed

847 2749 1033 2815 dicendum
1059 2752 1154 2835 quod
1180 2750 1238 2835 qui
1262 2750 1404 2815 intraret
1428 2752 1561 2835 absque
1579 2762 1661 2815 voto
1679 2762 1713 2815 et
1737 2750 1787 2815 sic
1812 2752 1945 2834 absque
1970 2751 2085 2834 aliqua
2110 2730 2324 2839 obligatione

846 2866 1091 2932 necessitatem
1123 2866 1284 2947 faciente,
1310 2888 1381 2931 non
1406 2866 1579 2931 videretur
1610 2868 1679 2932 hoc
1704 2867 1819 2931 facere
1851 2866 1918 2931 nisi
1953 2878 2095 2952 propter
2119 2868 2323 2933 scandalum

846 2993 880 3048 et
896 2992 989 3048 esset
1015 2982 1157 3048 stultitia
1173 2983 1227 3047 vel
1251 2982 1379 3047 malitia
1404 2982 1608 3062 manifesta3
1634 3004 1705 3046 non
1731 2982 1781 3046 sic
1806 2994 1921 3048 autem
1946 2982 1980 3048 in
2006 2983 2062 3048 illo
2087 2984 2145 3068 qui
2170 2984 2323 3049 necessi·

846 3110 916 3164 tate
951 3098 1175 3186 obligationis
1211 3098 1360 3163 intraret.
1397 3098 1505 3163 Immo
1544 3098 1646 3162 etiam
1684 3098 1742 3182 qui
1777 3100 1910 3183 absque
1946 3110 2029 3163 voto
2065 3098 2206 3165 intraret
2244 3122 2323 3165 cum

846 3215 1028 3301 proposito
1063 3214 1268 3281 remanendi
1303 3226 1338 3280 et
1369 3214 1568 3299 experiendi
1606 3236 1667 3299 per
1698 3226 1808 3278 totum
1832 3226 1970 3299 tempus
2005 3216 2234 3300 probationis
2260 3217 2323 3281 sed

846 3352 926 3396 cum
951 3331 1050 3396 firmo
1074 3330 1256 3417 proposito
1281 3330 1432 3395 exeundi
1463 3346 1544 3394 ante
1568 3330 1835 3414 professionem,
1861 3330 2035 3396 videretur
2068 3353 2227 3417 peccare.
2253 3333 2324 3398 Sed

847 3469 889 3512 ex
912 3449 982 3513 hoc
1012 3469 1083 3511 non
1105 3448 1209 3511 debet
1228 3446 1326 3533 argui
1351 3458 1534 3531 peccatum
1559 3446 1593 3509 in
1622 3446 1701 3510 alio,
1719 3446 1813 3511 Talis
1834 3467 1918 3532 ergo
1947 3469 2017 3511 non
2050 3447 2218 3513 diminute
2241 3449 2324 3514 facit

848 3565 943 3649 quod
962 3563 1065 3643 vovit,
1091 3562 1172 3647 quia
1202 3562 1282 3627 licet
1312 3562 1417 3627 faciat
1450 3583 1528 3626 cum
1561 3562 1790 3627 diminutione
1821 3563 1896 3627 eius
1927 3565 2022 3648 quod
2053 3565 2118 3627 sub
2144 3565 2324 3649 proposito

848 3680 1007 3760 cadebat,
1032 3691 1240 3744 nontamen
1275 3699 1354 3743 cum
1375 3676 1604 3742 diminutione
1625 3678 1707 3743 eius·
1731 3680 1827 3762 quod
1851 3680 1916 3743 sub
1942 3691 2024 3744 voto
2050 3679 2112 3744 fuit
2133 3692 2169 3745 ut
2193 3680 2323 3746 dictum

848 3808 910 3862 est.
941 3796 985 3861 Et
1016 3794 1066 3861 sic
1090 3794 1253 3860 intrando
1289 3796 1401 3858 solum
1436 3794 1602 3879 perficere
1637 3806 1753 3879 potest
1784 3796 1879 3879 quod
1913 3794 2007 3860 vovit
2038 3808 2071 3860 et
2101 3817 2144 3860 eo
2175 3797 2323 3882 amplius

846 3933 920 3978 non
943 3912 1078 3999 ligatur.
1110 3911 1191 3977 Non
1223 3910 1315 3976 enim
1349 3920 1485 3975 tenetur
1514 3910 1591 3994 quis
1622 3911 1666 3975 ad
1698 3910 1827 3996 aliquid
1861 3910 1995 3976 ratione
2025 3912 2195 3998 propositi
2228 3913 2323 4002 quod

847 4039 899 4094 est
923 4027 1098 4108 mutabile,
1123 4028 1186 4092 sed
1210 4026 1344 4091 ratione
1368 4026 1530 4112 promissi
1554 4027 1608 4091 vel
1634 4026 1705 4091 voti
1729 4028 1825 4110 quod
1845 4038 1897 4091 est
1921 4027 2142 4094 immutabile.

936 4143 974 4211 Si
989 4164 1074 4231 ergo
1091 4143 1169 4207 talis
1185 4153 1321 4208 tenetur
1337 4142 1463 4206 intrare
1476 4164 1555 4206 cum
1568 4141 1627 4206 tali
1644 4142 1837 4227 proposito,
1853 4164 1938 4234 ergo
1952 4165 2024 4208 non
2038 4146 2150 4210 solum
2167 4145 2324 4230 promisit

846 4254 900 4326 vel
930 4260 1025 4326 vovit
1060 4260 1155 4343 quod
1191 4257 1341 4339 intraret,
1374 4260 1436 4323 sed
1469 4258 1571 4323 etiam
1604 4259 1699 4343 quod
1732 4258 1892 4323 intrando
1924 4261 2067 4344 haberet
2105 4262 2323 4346 propositum

845 4374 1048 4443 remanendi
1082 4375 1137 4440 vel
1168 4376 1263 4459 quod
1294 4385 1374 4461 post
1407 4374 1583 4439 introitum
1611 4375 1813 4440 remanebit.
1850 4375 1921 4440 Sed
1963 4387 2147 4462 utrumque
2186 4376 2324 4444 videtur

846 4492 1054 4572 irrationale,
1081 4513 1161 4556 nam
1192 4490 1279 4556 ratio
1304 4490 1375 4557 voti
1407 4491 1463 4555 vel
1494 4490 1655 4580 promissi
1675 4511 1748 4556 non
1765 4489 1901 4582 videtur
1920 4493 2045 4557 cadere
2070 4514 2133 4578 per
2156 4514 2194 4558 se
2219 4515 2325 4579 super

847 4621 962 4674 actum
993 4605 1180 4673 voluntatis
1212 4609 1266 4673 vel
1295 4606 1465 4693 propositi
1496 4608 1540 4671 ab
1571 4605 1647 4698 ipsa
1678 4606 1857 4672 voluntate
1887 4607 2084 4697 immediate
2116 4608 2229 4690 eliciti,
2260 4611 2324 4676 sed

733 4818 736 4821 Ι
848 4727 961 4791 solum
992 4747 1098 4812 super
1128 4728 1133 4812 l
1163 4736 1278 4791 actum
1311 4723 1415 4788 alium
1448 4721 1674 4809 principalem
1707 4724 1751 4787 ab
1783 4722 1859 4808 ipsa
1882 4724 2061 4790 voluntate
2088 4724 2324 4810 imperabilem
2347 4683 2518 4810 foiigggiia

847 4852 882 4909 et
918 4852 1080 4927 respectu
1117 4841 1216 4907 cuius
1247 4840 1410 4905 voluntas
1449 4840 1555 4904 habet
1589 4837 1791 4903 dominium.
1827 4839 1929 4905 Unde
1963 4862 2035 4905 non
2067 4852 2119 4905 est
2157 4840 2325 4907 rationale

848 4958 943 5043 quod
978 4957 1101 5044 aliquis
1135 4968 1262 5023 voveat
1295 4956 1350 5022 vel
1385 4955 1580 5043 promittat:
1618 4975 1688 5042 ego
1724 4977 1918 5040 proponam
1953 4957 2008 5021 vel
2043 4976 2111 5044 ego
2146 4956 2325 5023 intendam

847 5075 902 5139 vel
917 5074 1031 5139 volam
1056 5074 1124 5139 tale
1139 5073 1223 5158 quid
1247 5073 1374 5152 facere,
1399 5072 1463 5138 sed
1483 5070 1550 5137 tale
1575 5070 1658 5155 quid
1675 5071 1770 5155 quod
1795 5072 1902 5136 modo
1919 5070 2063 5137 intendo
2083 5073 2138 5139 vel
2162 5094 2325 5159 propono

847 5190 902 5257 vel
936 5191 1017 5255 volo
1053 5211 1117 5276 pro
1152 5188 1270 5273 aliquo
1294 5200 1451 5274 tempore
1486 5188 1602 5253 iacere
1636 5186 1800 5272 promitto
1820 5188 1874 5253 vel
1909 5207 2021 5253 voveo
2056 5209 2112 5253 me
2144 5189 2324 5255 facturum.

847 5306 942 5394 Ergo
975 5304 1185 5392 promissum
1223 5315 1257 5371 et
1295 5315 1413 5369 votum
1461 5302 1662 5368 huiusmodi
1701 5324 1772 5368 non
1815 5303 1907 5368 cadit
1939 5325 2056 5389 ‚super
2094 5316 2209 5370 actum
2248 5326 2326 5391 pro·

847 5421 953 5509 positi
987 5443 1050 5508 per
1084 5444 1123 5487 se
1158 5433 1192 5487 et
1211 5420 1409 5486 immediate
1441 5420 1495 5486 vel
1530 5418 1780 5513 principaliter,
1799 5420 1863 5486 sed
1897 5418 2031 5486 ratione
2060 5432 2159 5487 aetus
2185 5422 2325 5489 alterius

847 5535 970 5602 intenti
998 5537 1052 5603 vel
1087 5525 1258 5622 propositi
1282 5533 1364 5600 fieri.
1389 5533 1591 5618 Aliquando
1629 5554 1715 5620 ergo
1739 5532 1774 5597 in
1799 5533 1992 5619 proposito,
2028 5534 2057 5599 si
2087 5535 2163 5600 talis
2191 5536 2326 5601 ratione
2356 5540 2360 5547 '

847 5651 918 5719 voti
958 5663 1095 5718 tenetur
1125 5653 1169 5716 ad
1205 5650 1334 5736 aliquid
1370 5649 1517 5736 amplius
1553 5672 1656 5735 quam
1692 5651 1737 5714 ad
1776 5649 1912 5731 intrare,
1948 5651 2018 5717 hoc
2051 5674 2123 5717 non
2158 5663 2210 5717 est
2244 5652 2325 5737 quia

939 5936 1010 5995 ¹vel
1027 5937 1062 5993 V.
1081 5968 1115 5977 -
1135 5936 1362 6011 ’praetendenti
1381 5935 1415 5993 V.
