6700 7992
927 1439 962 1489 32
1292 1435 1485 1492 MAGISTRI
1514 1436 1734 1491 GODEFRIDI
1763 1436 1814 1490 DE
1843 1435 2041 1492 FONTIBUS

928 1636 969 1680 ex
996 1615 1077 1694 hoc,
1103 1626 1137 1681 et
1165 1615 1216 1680 sic
1239 1615 1399 1681 infidelis.
1425 1615 1495 1698 Qui
1525 1626 1641 1680 autem
1672 1637 1744 1681 non
1774 1616 1846 1680 vult
1877 1615 2046 1700 baptizari
2077 1638 2256 1700 nunquam
2289 1616 2404 1683 huius·

927 1729 1022 1795 modi
1045 1730 1136 1795 viam
1160 1729 1310 1797 iustitiae
1335 1731 1491 1816 agnovit,
1510 1744 1543 1797 et
1567 1730 1618 1797 sic
1641 1752 1709 1797 nec
1734 1733 1777 1796 ab
1803 1753 1845 1796 ea
1869 1731 2065 1797 retrocedit.
2085 1731 2204 1814 Quare
2228 1743 2262 1798 et
2278 1744 2403 1798 cetera.

1015 1845 1228 1931 Respondeo
1252 1846 1440 1912 dicendum
1461 1848 1566 1930 quod,
1586 1867 1665 1912 cum
1693 1847 1886 1913 secundum
1904 1846 2140 1934 Augustinum
2155 1849 2202 1930 ll)
2220 1859 2403 1933 peccatum

926 1961 970 2026 sit
993 1961 1133 2040 dictum,
1158 1963 1211 2027 vel
1237 1962 1378 2040 factum,
1403 1962 1458 2027 vel
1483 1951 1708 2046 concupitum
1733 1971 1855 2027 contra
1878 1962 1992 2049 legem
2017 1973 2205 2042 aeternam,
2223 1962 2285 2027 id¹
2309 1964 2405 2047 quod

927 2065 1118 2162 principale
1135 2089 1168 2142 et
1193 2079 1287 2163 quod
1312 2078 1455 2143 formale
1480 2077 1591 2143 estin
1615 2089 1762 2163 peccato
1788 2089 1840 2143 est
1868 2089 2101 2163 contemptus
2130 2078 2262 2164 reliqua
2289 2090 2404 2144 autem

926 2204 1007 2256 sunt
1031 2191 1229 2259 materialia.
1256 2194 1401 2278 Propter
1425 2193 1531 2277 quod,
1556 2192 1613 2257 ubi
1631 2204 1685 2258 est
1700 2191 1810 2258 maior
1826 2192 1893 2258 Dei
1908 2203 2140 2278 contemptus¹
2159 2193 2205 2258 ibi
2222 2205 2276 2260 est
2292 2193 2404 2259 maius

927 2319 1128 2393 peccatum:
1147 2309 1242 2374 unde
1258 2319 1293 2374 et
1308 2307 1544 2399 indifferentia
1567 2309 1660 2374 facta
1683 2319 1806 2374 contra
1830 2307 2082 2374 conscientiam
2108 2321 2141 2374 et
2165 2309 2199 2375 in
2225 2319 2416 2395 contemp.

926 2434 998 2487 tum
1026 2434 1107 2488 sunt
1134 2434 1281 2508 peccata
1310 2423 1475 2488 mortalia.
1505 2423 1541 2489 Si
1571 2444 1655 2511 ergo
1683 2444 1756 2488 non
1780 2423 1976 2509 baptizatus
2001 2423 2099 2489 non²
2126 2425 2197 2488 vult
2224 2423 2405 2509 baptizari,

926 2538 1042 2604 sciens
1072 2549 1239 2623 quantum
1269 2539 1402 2604 virtutis
1431 2538 1651 2623 praedicatur
1677 2551 1712 2604 et
1738 2550 1876 2604 tenetur
1902 2541 1946 2603 ab
1975 2538 2133 2605 Ecclesia
2158 2560 2237 2604 esse
2262 2539 2296 2604 in
2322 2542 2405 2625 bap·

927 2653 1039 2734 tism0,
1058 2667 1091 2721 et
1109 2654 1334 2720 nihilominus
1350 2638 1533 2739 vilipendit
1559 2666 1593 2720 et
1620 2653 1704 2718 nihil
1730 2664 1868 2740 reputat
1891 2655 2100 2739 baptismum
2125 2653 2159 2718 in
2186 2653 2346 2721 Ecclesia
2366 2694 2398 2702 —

927 2773 1058 2836 utendo
1087 2770 1260 2856 baptismo
1295 2770 1404 2836 credit
1433 2791 1556 2849 errare,
1590 2808 1629 2818 -
1661 2781 1694 2835 et
1722 2768 1802 2835 ideo
1839 2791 1906 2835 nec
1938 2770 2052 2855 ipsum
2085 2781 2183 2836 curat
2214 2771 2404 2856 suscipere,

926 2886 1066 2975 gravius
1091 2885 1227 2952 videtur
1250 2906 1397 2972 peccare
1422 2907 1525 2971 quarn
1549 2885 1604 2951 ille
1629 2884 1688 2969 qui
1713 2884 1748 2949 in
1772 2885 1917 2951 infantia
1941 2886 2097 2972 suscepit
2120 2884 2342 2971 baptismum,
2371 2897 2405 2951 et

927 3002 1072 3069 veniens
1089 3003 1134 3066 ad
1158 3013 1307 3068 aetatem
1332 3002 1483 3067 adultam
1508 3012 1695 3085 antequam
1720 3001 1892 3086 complete
1917 3001 1961 3065 sit
1976 3001 2166 3067 instructus
2183 3001 2217 3066 in
2243 3001 2405 3086 hisquae

927 3117 1009 3184 fidei
1033 3129 1124 3198 sunt,
1143 3118 1196 3183 vel
1220 3117 1322 3184 etiam
1347 3117 1486 3182 adultus
1511 3128 1698 3201 antequam
1723 3115 1825 3182 etiam
1850 3117 1954 3201 plene
1977 3116 2021 3182 sit
2039 3116 2238 3197 instructus
2256 3117 2405 3183 credens

927 3255 1090 3322 magnam
1114 3233 1304 3300 efficaciam
1321 3233 1451 3298 babere
1475 3231 1696 3317 baptismum,
1714 3231 1795 3297 ideo
1812 3243 1849 3296 ut
1872 3231 2115 3316 perfectiorem
2140 3232 2302 3298 effectum
2320 3253 2405 3298 con·

927 3361 1103 3434 sequatur,
1124 3349 1246 3415 iterum
1263 3359 1428 3433 procurat
1454 3369 1492 3412 se
1516 3347 1693 3433 baptizari.
1711 3345 1803 3430 Quia
1827 3347 1882 3412 ille
1907 3346 1970 3412 etsi
1995 3358 2118 3432 peccet
2142 3368 2185 3413 ex
2208 3347 2405 3436 ignorantia

929 3503 969 3512 -
997 3487 1066 3531 non
1097 3464 1240 3529 omnino
1267 3463 1466 3542 invincibili,
1497 3462 1577 3548 quia
1607 3462 1751 3528 deberet
1783 3461 1956 3546 inquirere
1984 3462 2066 3546 quid
2095 3461 2187 3529 circa
2214 3465 2283 3528 hoc
2313 3474 2406 3529 esset

928 3582 1115 3668 agendum,
1134 3619 1175 3628 —
1193 3592 1309 3645 tamen
1327 3579 1408 3664 quia
1432 3600 1504 3644 non
1529 3589 1583 3643 est
1606 3588 1724 3642 tantus
1749 3588 1969 3663 contemptus
1992 3577 2082 3643 sicut
2096 3578 2141 3645 ,in
2169 3578 2281 3663 primo
2309 3599 2404 3660 casu,

928 3694 1008 3761 ideo
1036 3717 1103 3762 nec
1131 3707 1263 3761 tantum
1292 3706 1426 3781 peccat.
1456 3693 1493 3760 Si
1522 3704 1636 3759 autem
1668 3702 1750 3778 post
1777 3693 2008 3758 sufficientem
2039 3693 2303 3760 instructionem
2332 3714 2404 3760 non

927 3812 1000 3877 vult
1017 3813 1159 3877 credere
1184 3810 1365 3877 Ecclesiae
1390 3809 1530 3876 docenti
1547 3810 1643 3894 quod
1659 3808 1854 3894 baptismus
1878 3829 1950 3873 non
1967 3819 2020 3873 est
2035 3808 2214 3875 iterandus
2231 3820 2265 3875 et
2281 3811 2378 3895 quod
2394 3807 2406 3845 ⁸

928 3927 1069 3993 iteratus
1093 3928 1223 3993 nullum
1241 3928 1372 3991 bonum
1397 3924 1481 3990 facit
1496 3924 1601 3989 immo
1618 3924 1757 4004 malum,
1774 3923 1809 3988 in
1835 3923 1928 3989 dicto
1954 3944 2038 3989 casu
2062 3945 2125 4009 per
2148 3924 2313 3990 accidens
2329 3945 2405 4012 gra·

928 4042 1004 4108 vius
1021 4054 1154 4128 peccat,
1172 4063 1251 4108 cum
1268 4041 1344 4107 talis
1369 4040 1436 4105 iam
1452 4039 1495 4105 sit
1519 4050 1689 4126 apostata,
1714 4051 1749 4105 et
1772 4039 1968 4105 haereticus
1992 4038 2165 4105 efficiatur
2188 4061 2208 4104 a
2227 4038 2405 4105 communi

928 4160 1087 4225 doctrina
1103 4157 1297 4224 catholicae
1314 4155 1493 4223 Ecclesiae
1510 4154 1707 4236 resiliendo,
1725 4153 1825 4220 etsie
1842 4153 1999 4243 ingratus
2016 4166 2069 4220 est
2084 4155 2217 4242 gratiae
2234 4154 2268 4220 in
2294 4155 2405 4240 primo

928 4275 1102 4361 baptismo
1119 4283 1314 4357 susceptae.

1017 4389 1122 4474 Quod
1148 4409 1233 4475 ergo
1257 4387 1333 4452 talis
1357 4388 1463 4452 habet
1488 4384 1753 4472 dispositionem
1778 4385 1822 4450 ad
1847 4385 1992 4473 gratiam
2017 4397 2183 4470 quantum
2201 4386 2246 4450 ad
2263 4387 2404 4450 charac-

927 4519 1035 4572 terem
1064 4505 1158 4590 quod
1183 4515 1237 4569 est
1261 4503 1436 4587 quoddam
1461 4503 1592 4567 bonum
1618 4500 1712 4585 quod
1738 4500 1825 4565 alius
1849 4521 1922 4566 non
1946 4502 2061 4580 habet,
2086 4521 2158 4566 non
2182 4500 2266 4566 facit
2289 4500 2404 4586 ipsum

929 4621 1070 4688 minus⁴
1101 4620 1228 4685 malum
1258 4617 1458 4703 simpliciter
1485 4617 1547 4683 sed
1582 4616 1777 4682 secundum
1802 4614 1896 4701 quid,
1925 4637 2004 4681 narn
2031 4615 2086 4682 isti
2115 4615 2337 4701 dispositioni
2364 4637 2406 4681 ex

928 4737 1088 4827 graviore
1120 4745 1321 4820 contemptu
1355 4744 1389 4799 et
1420 4742 1566 4817 peccato
1599 4731 1849 4826 superinducto
1874 4731 2039 4796 maiorem
2063 4730 2366 4818 indispositionem
2394 4729 2407 4766 ⁸

929 4852 1071 4920 inducit.
1097 4850 1317 4918 Characteris
1341 4848 1433 4916 enim
1458 4846 1689 4932 dispositione
1713 4867 1784 4912 non
1809 4858 2034 4933 praeparatur
2060 4848 2166 4913 homo
2192 4846 2331 4912 adultus
2361 4847 2405 4912 ad

929 4969 1076 5058 gratiam
1116 4967 1402 5052 consequendam
1437 4963 1504 5028 nisi
1538 4962 1649 5028 libero
1685 4961 1825 5027 arbitrio
1861 4973 1940 5028 actu
1980 4974 2221 5029 concurrente.
2261 4963 2366 5028 Nunc
2394 4961 2407 4996 ⁶

929 5097 1044 5151 autem
1068 5083 1125 5150 ille
1148 5094 1341 5169 peractum
1365 5079 1463 5146 liberi
1480 5077 1608 5144 arbitrii
1632 5077 1746 5164 magis
1769 5077 1924 5143 redditur
1947 5077 2176 5164 indispositus
2198 5079 2243 5143 ad
2259 5078 2405 5166 gratiam

929 5222 1032 5286 quam
1058 5199 1155 5264 alius.
1181 5198 1264 5263 ideo
1289 5207 1323 5263 et
1343 5206 1467 5262 cetera.

1020 5505 1028 5533 ¹
1042 5499 1112 5555 illud
1127 5499 1157 5552 P.
1171 5530 1204 5538 —
1218 5497 1229 5528 ’
1242 5513 1297 5550 om.
1312 5496 1344 5549 V.
1359 5527 1391 5534 —
1405 5495 1417 5527 ⁸
1430 5512 1484 5548 mn.
1499 5494 1529 5548 P.
1543 5525 1576 5533 —
1591 5495 1601 5524 ⁴
1615 5492 1710 5546 maius
1725 5492 1755 5546 P.
1770 5524 1802 5531 -
1817 5493 1828 5523 ⁸
1841 5491 2063 5563 dispositionem
2077 5491 2108 5545 P.
2124 5522 2157 5530 —
2172 5491 2251 5545 “nec
2264 5491 2295 5546 P.

1018 5732 1057 5800 (l)
1075 5727 1272 5801 Augustini
1294 5726 1407 5781 Contra
1428 5727 1584 5792 Faustum,
1603 5725 1620 5778 l.
1640 5724 1733 5790 XXII,
1753 5741 1778 5777 c.
1796 5726 1830 5777 27
1851 5721 1908 5789 (ed.
1928 5720 2034 5792 Migne,
2054 5721 2128 5789 P.L.,
2148 5740 2174 5775 v.
2192 5725 2236 5791 24,
2255 5722 2311 5776 col.
2330 5724 2405 5787 418).

932 5843 943 5871 t
959 5821 1206 5891 Ergopeccatum
1220 5813 1386 5869 estfactum
1401 5813 1447 5867 vel
1461 5811 1571 5866 dictum
1586 5810 1633 5865 vel
1647 5809 1835 5882 concupitum
1856 5807 1965 5880 aliquid
1986 5817 2087 5863 contra
2106 5809 2203 5880 legem
2217 5817 2366 5863 aeternam
2382 5830 2406 5862 ».
