6700 7992
1459 1407 1649 1463 MAGISTRl
1680 1408 1900 1463 GODEFRIDI
1929 1411 1981 1464 DE
2010 1409 2208 1465 FONTlBUS

1643 1830 1908 1899 Qiisiesrro
1940 1831 2025 1883 xxi

1752 1992 1915 2041 ‹Bnuvtst

1097 2183 1206 2237 Utrum
1225 2183 1334 2237 holmus
1354 2187 1470 2235 centum.
1490 2183 1584 2235 libras
1604 2183 1735 2252 Iegiliuw
1754 2188 1782 2235 et
1800 2189 1916 2236 centron
1937 2185 2030 2235 libros
2049 2186 2084 2236 di·
2105 2203 2198 2236 usuro
2227 2190 2325 2255 posset
2343 2187 2407 2239 sine
2434 2187 2572 2256 periurio

1128 2281 1235 2333 iurare
1253 2299 1282 2333 se
1301 2299 1360 2333 nou
1384 2282 1491 2334 babere
1518 2282 1579 2333 nisi
1604 2286 1720 2333 centnm
1742 2282 1837 2333 libros
1862 2287 1986 2352 propter
2004 2283 2057 2334 hoc
2082 2283 2161 2351 quod
2185 2283 2315 2352 pecnnia
2345 2285 2492 2336 usurario
2511 2302 2569 2337 non

1128 2381 1239 2431 transit
1260 2380 1292 2431 iu
1313 2380 1480 2431 donrr'nium
1500 2381 1565 2431 ains
1578 2383 1617 2446 (l)

1179 2648 1287 2701 Postea
1301 2649 1496 2718 quaerebatur
1515 2664 1603 2700 unum
1623 2648 1773 2718 pertinens
1794 2647 1831 2700 ad
1850 2666 1993 2718 personas
2013 2649 2188 2714 saeculares,
2209 2649 2322 2703 scilicet
2342 2659 2437 2703 utrum
2458 2651 2570 2703 habens

1091 2754 1209 2800 centurn
1228 2745 1317 2799 libras
1340 2745 1469 2815 legitime
1492 2753 1520 2798 et
1543 2753 1659 2799 centum
1683 2745 1772 2798 libras
1795 2745 1832 2799 de
1858 2762 1945 2799 usura
1965 2754 2065 2816 posset
2085 2747 2148 2799 sine
2168 2747 2295 2817 periurio
2313 2750 2319 2778 ¹
2344 2747 2440 2800 iurare
2459 2765 2492 2801 se
2511 2764 2570 2800 non

1091 2845 1200 2897 babere
1220 2843 1275 2897 nisi
1295 2852 1411 2896 centum
1432 2844 1521 2896 libras
1540 2852 1662 2915 propter
1682 2845 1738 2896 boe
1761 2843 1840 2914 quod
1861 2843 1985 2914 pecunia
2005 2845 2137 2898 usuraria
2156 2863 2214 2898 non
2235 2846 2338 2899 transit
2359 2846 2387 2898 in
2408 2845 2569 2898 dominium

1091 2942 1162 2995 eius.
1182 2943 1218 2996 Et
1238 2942 1368 3012 arguitur
1393 2941 1473 3012 quod
1498 2941 1549 3007 sic,
1569 2941 1638 3012 quia
1662 2941 1732 2994 nulli
1762 2940 1921 3012 acquiritur
1950 2942 1993 2994 ius
2022 2942 2050 2994 in
2081 2941 2176 3012 aliqua
2207 2961 2237 2996 re
2263 2942 2360 2995 ultra²
2389 2943 2569 2997 voluntatem

1091 3039 1201 3093 domini
1233 3039 1293 3093 veri
1307 3041 1324 3090 ³.
1358 3040 1417 3093 Sed
1449 3048 1550 3093 eontra
1583 3040 1765 3092 voluntatem
1797 3038 1852 3092 Dei
1881 3039 1930 3108 qui
1962 3049 2007 3092 est
2038 3057 2124 3093 verus
2156 3041 2298 3093 Dominus
2331 3042 2460 3094 omnium
2489 3049 2571 3095 tenet

1090 3136 1240 3191 usurarius
1259 3139 1413 3209 pecuniam
1427 3138 1598 3191 usurariam.
1614 3138 1691 3208 Ergo
1710 3136 1760 3189 illa
1780 3137 1904 3207 pecunia
1927 3154 1985 3190 non
2005 3146 2050 3191 est
2069 3155 2131 3203 sua,
2152 3146 2180 3191 et
2201 3136 2257 3209 per'
2267 3156 2452 3208 consequens
2471 3147 2570 3209 potest

1091 3236 1186 3290 iurare
1205 3253 1238 3289 se
1257 3254 1315 3289 non
1335 3237 1444 3289 babere
1464 3236 1543 3307 quod
1563 3244 1644 3289 tenet
1663 3252 1716 3306 per
1736 3252 1860 3288 usuram.

896 3308 1067 3435 fffi‘sslekb
1195 3340 1199 3400 Ι
1229 3335 1346 3389 Contra.
1374 3334 1531 3387 l'olnntate
1557 3333 1617 3386 veri
1645 3333 1756 3386 domini
1781 3332 1830 3404 qui
1856 3333 1969 3386 tradit*
1992 3334 2147 3404 pecuniam
2173 3335 2332 3387 usurariam
2349 3337 2366 3400 ⁵,
2393 3335 2499 3388 tradita
2525 3344 2569 3389 est

911 3398 948 3435 ⁰⁹
1092 3435 1118 3488 ei
1139 3443 1168 3488 et
1188 3434 1327 3488 translata
1348 3434 1417 3486 est“
1436 3450 1488 3503 per
1508 3449 1693 3502 consequens
1713 3431 1742 3484 iu
1761 3431 1824 3485 eins
1846 3431 2015 3485 dominium.
2037 3433 2114 3501 Ergo
2134 3440 2163 3485 et
2184 3441 2291 3486 cetera.

1180 3531 1367 3603 Respondco.
1389 3531 1436 3583 Ad
1462 3530 1681 3584 translationem
1709 3531 1770 3582 veri
1798 3529 1918 3582 dominii
1946 3529 2068 3583 alicuius
2089 3530 2130 3583 rei
2153 3531 2180 3582 in
2204 3530 2331 3600 aliquem
2352 3532 2390 3584 ita
2412 3531 2491 3601 quod
2511 3548 2568 3587 non

1092 3630 1241 3702 competat
1273 3630 1417 3701 repetitio,
1450 3628 1605 3699 requiritur
1642 3627 1734 3681 libera
1767 3628 1903 3680 voluntas
1934 3628 1995 3681 veri
2037 3628 2145 3682 domini
2189 3646 2245 3698 qua
2281 3628 2385 3682 velit*
2424 3646 2487 3682 eam
2526 3629 2569 3682 sie

1091 3729 1257 3783 transferre.
1271 3728 1339 3787 Sed¹
1352 3727 1393 3780 sic
1407 3745 1465 3779 non
1484 3735 1530 3780 est
1549 3725 1578 3778 in
1598 3725 1790 3778 translatione
1810 3725 1954 3796 pecuniae
1974 3726 2132 3790 usurariae,
2151 3726 2239 3779 immo
2254 3734 2299 3779 est
2318 3726 2357 3778 ibi
2373 3727 2567 3780 voluntarium

1092 3828 1210 3881 mixtum
1238 3836 1266 3880 et
1291 3843 1349 3879 nrm
1376 3826 1512 3878 voluntas
1537 3823 1638 3889 libera,
1664 3832 1693 3876 et
1717 3822 1786 3876 ideo
1819 3825 1967 3876 usurarius
1992 3841 2050 3877 non
2076 3832 2121 3876 est
2146 3842 2233 3877 verns
2263 3824 2399 3878 dominus
2424 3827 2568 3895 pecuniae

1092 3925 1240 3978 usurariae
1267 3925 1336 3994 quin
1362 3931 1511 3992 competat
1537 3921 1681 3992 repetitio.
1701 3921 1813 3974 Tamen
1840 3921 1909 3975 licet
1936 3921 1976 3974 ita
2001 3921 2047 3988 sit,
2074 3921 2097 3973 si
2124 3922 2198 3974 iurat
2224 3922 2290 3975 talis
2316 3941 2348 3976 se
2374 3941 2431 3976 non
2459 3925 2567 3977 babere

1090 4022 1145 4076 nisi
1177 4031 1302 4085 centum,
1334 4029 1379 4074 est
1416 4021 1549 4091 periurus
1580 4019 1647 4090 quia
1689 4020 1851 4072 iuramenta
1882 4027 1949 4072 sunt
1983 4022 1986 4086 Ι
2022 4019 2156 4073 facienda
2194 4021 2354 4073 secundum
2384 4039 2568 4075 communem

1091 4121 1208 4174 modum
1234 4119 1398 4190 loquendi‘⁴
1425 4117 1585 4171 secundum
1613 4136 1700 4188 quem
1726 4125 1942 4171 consueverunt
1966 4117 2030 4170 tieri
2049 4117 2220 4171 iuramenta.
2250 4118 2417 4172 Secundum
2447 4122 2569 4173 autem⁹

1091 4210 1274 4273 communem
1315 4217 1433 4270 modum
1474 4215 1614 4286 loquendi
1655 4215 1817 4268 secundum
1856 4232 1942 4285 quem
1973 4224 2188 4269 consueverunt
2219 4215 2312 4286 recipi
2344 4226 2373 4269 et
2405 4217 2466 4270 lieri
2499 4218 2568 4271 talia

1091 4318 1261 4382 iuramenta,
1281 4315 1328 4368 illa
1349 4313 1473 4385 pecnnia
1500 4322 1544 4368 est
1564 4331 1615 4366 sua
1636 4314 1705 4366 licet
1724 4312 1897 4384 simpliciter
1915 4330 1973 4366 non
1992 4313 2029 4365 sit
2048 4331 2111 4366 sua.
2133 4314 2168 4365 Et
2187 4313 2254 4366 ideo
2284 4323 2362 4366 esset
2378 4316 2399 4345 ¹⁰
2426 4315 2568 4385 periurus,

1090 4423 1119 4468 et
1139 4413 1206 4466 ideo
1224 4415 1241 4444 ¹¹
1266 4412 1388 4464 deberet
1403 4410 1501 4463 dicere
1522 4409 1600 4480 quod
1621 4410 1689 4462 licet
1703 4410 1811 4462 lrabeat
1827 4410 1847 4438 ¹²
1869 4408 2019 4473 ducentas,
2034 4427 2091 4461 non
2113 4418 2209 4461 tamen
2230 4410 2319 4461 babet
2336 4412 2355 4440 ¹³
2375 4411 2428 4462 nisi
2449 4420 2565 4464 centum

1090 4513 1126 4565 de
1147 4511 1253 4582 quibus
1272 4528 1330 4562 non
1351 4517 1486 4579 oporteat
1503 4510 1521 4539 ¹⁴
1542 4507 1641 4560 lacere
1661 4507 1884 4560 restitutionem.

1178 4608 1238 4663 Sed
1254 4611 1275 4639 ¹⁵
1303 4614 1428 4678 ponatur
1448 4623 1535 4659 casus
1551 4606 1578 4671 ¹⁰,
1607 4605 1721 4658 scilicet
1741 4605 1820 4675 quod
1840 4605 1911 4658 liant
1934 4605 2076 4658 collectae
2100 4603 2217 4658 debitae
2242 4604 2270 4657 in
2294 4605 2390 4675 aliqua
2408 4608 2428 4637 ¹⁷
2447 4607 2566 4660 civitate

1089 4707 1250 4762 secundum
1276 4705 1447 4758 facultatem
1473 4703 1589 4767 civium,
1615 4711 1644 4756 et
1667 4719 1741 4755 nnus
1767 4703 1923 4771 burgensis
1949 4704 2056 4755 babeat
2082 4702 2120 4754 de
2152 4702 2237 4754 bonis
2269 4702 2388 4756 alterius
2414 4712 2530 4757 centum
2547 4705 2567 4735 ¹⁸

1089 4825 1141 4877 per
1162 4822 1287 4859 usuram.
1310 4803 1388 4873 Quid
1412 4801 1578 4855 laciendum
1604 4810 1649 4854 est
1674 4800 1702 4852 in
1729 4800 1778 4852 illo
1805 4801 1897 4853 casu?
1917 4799 1994 4870 Quia
2019 4801 2043 4852 si
2070 4818 2124 4853 nec.
2150 4800 2198 4854 ille
2225 4820 2241 4855 a
2264 4819 2322 4872 quo
2343 4810 2484 4872 acceptae
2499 4810 2566 4855 sunt

1089 4912 1205 4957 centum
1233 4920 1285 4973 per
1314 4918 1430 4954 usuram
1459 4916 1514 4952 nec
1544 4899 1631 4951 etiam
1661 4899 1809 4952 usurarius
1838 4897 1886 4968 qui
1916 4905 1996 4951 tenet
2024 4898 2120 4950 solvat
2150 4899 2260 4970 aliquid
2290 4899 2327 4952 de
2355 4900 2411 4953 illis
2440 4909 2566 4967 centum,

1089 4999 1310 5055 defraudabitur
1339 4998 1451 5063 civitae,
1471 5015 1536 5051 curn
1566 4997 1632 5050 illae
1661 5006 1778 5050 centum
1810 4997 1976 5066 pertineant
1996 4996 2033 5048 ad
2054 4996 2165 5049 bona¹⁹
2190 4998 2326 5051 civitatis.
2350 4998 2381 5050 ln
2414 4999 2463 5051 tali
2493 5016 2565 5069 ergo

1089 5117 1159 5153 casu
1187 5106 1303 5152 tenetur
1317 5098 1338 5129 ²¹¹
1367 5095 1515 5149 usurarius
1544 5093 1659 5149 dicere:
1690 5103 1805 5147 centum
1829 5093 1923 5147 babeo
1946 5093 2077 5163 legitime
2103 5104 2132 5147 et
2161 5105 2276 5148 centum
2307 5096 2401 5149 babeo
2422 5096 2459 5149 de
2478 5115 2566 5150 usura

1088 5216 1105 5251 a
1132 5197 1182 5251 tali
1203 5197 1275 5252 cive.
1295 5196 1325 5249 Si
1347 5194 1442 5257 vultis,
1461 5193 1575 5247 tradam
1595 5201 1687 5246 ratam
1709 5192 1746 5245 de
1775 5191 1831 5245 illis
1851 5201 1967 5245 centum
1988 5191 2029 5245 sic
2060 5192 2139 5262 quod
2171 5202 2310 5262 quantum
2341 5193 2463 5258 dederit,
2483 5203 2565 5248 tanto

1179 5468 1331 5516 ¹asserere
1352 5462 1396 5515 vel
1418 5462 1484 5514 odd.
1500 5462 1533 5513 (f.
1554 5491 1586 5498 -—
1607 5462 1732 5511 ²contra
1753 5458 1784 5511 C.
1806 5491 1837 5497 -
1858 5458 1991 5511 ³domini
2013 5460 2083 5526 veri}
2106 5461 2164 5511 veri
2186 5460 2294 5513 <lomim
2316 5460 2348 5513 C.
2370 5493 2401 5499 -
2426 5461 2565 5514 ‘tradidit

1088 5555 1112 5606 ei
1135 5554 1167 5605 l).
1189 5585 1220 5590 —
1242 5554 1251 5581 ·'¹
1266 5569 1321 5601 oni.
1343 5552 1375 5603 Ε.
1396 5581 1428 5588 -
1449 5552 1459 5575 '³
1472 5558 1501 5600 et
1520 5562 1551 5599 1¹1
1573 5565 1609 5598 iu.
1630 5548 1658 5598 S.
1680 5578 1711 5584 -
1736 5545 1819 5597 'vult
1839 5547 1871 5599 (ἶ.
1893 5579 1923 5584 -
1946 5546 2115 5615 “³lc1iptemla
2131 5549 2162 5599 tt.
2238 5549 2422 5601 ”secundum
2443 5550 2510 5600 mid,
2532 5549 2566 5602 (ἶ,

1087 5674 1096 5680 -
1136 5644 1214 5693 ¹¹'est
1234 5638 1266 5692 C.
1287 5671 1318 5677 --
1343 5642 1360 5668 ¹¹
1375 5646 1403 5689 et
1424 5636 1500 5703 ideo}
1521 5642 1640 5706 propter
1661 5633 1738 5702 qnod
1761 5634 1793 5685 C.
1814 5665 1846 5671 —
1870 5634 2026 5685 ¹¹·'lrabeam
2048 5636 2079 5686 ts.
2103 5667 2134 5672 -.,
2158 5634 2285 5687 raham,
2306 5636 2338 5687 (3¹
2360 5668 2392 5674 -
2415 5640 2433 5667 n
2448 5645 2566 5706 oportet

1087 5729 1119 5780 t'.
1140 5760 1173 5766 —--
1196 5730 1216 5758 ¹³³
1229 5726 1258 5779 si
1280 5725 1312 5779 C.
1332 5755 1364 5762 —
1387 5726 1406 5754 ¹⁸
1420 5722 1497 5794 (prod
1517 5723 1584 5774 odd.
1601 5723 1632 5772 l'.
1654 5754 1685 5759 —-
1711 5724 1727 5751 ¹³
1743 5739 1801 5773 ras.
1823 5723 1861 5785 83
1881 5721 1977 5791 aliqua
1998 5722 2067 5772 odd.
2088 5735 2122 5772 ,Μ
2142 5740 2179 5773 m.
2201 5725 2230 5775 S.
2252 5754 2283 5761 -
2306 5726 2326 5754 ¹⁴
2340 5723 2429 5775 libras
2442 5724 2510 5775 odd.
2531 5724 2564 5776 C.

1087 5849 1119 5856 --
1143 5819 1163 5847 ¹⁹
1176 5817 1283 5867 bonnm
1304 5813 1336 5864 l‘.
1358 5844 1378 5850 --
1411 5814 1433 5841 ²''
1447 5820 1580 5863 teneatur
1600 5811 1632 5861 tf.

1175 6021 1214 6084 tlt
1237 6016 1296 6070 (Tfr.
1318 6034 1365 6086 pp.
1386 6015 1511 6067 alti-dib.
