6700 7992
1044 1426 1097 1498 222
1401 1442 1592 1501 nnmsnu
1630 1445 1851 1503 conanum
1879 1447 1931 1503 oa
1959 1434 2157 1505 FONTIBU'S

1622 1915 1860 1999 QUAESTIO
1886 1917 1948 1981 XII

1693 2105 1875 2174 (LONGA),

1247 2316 1388 2392 Ulrrrm
1420 2342 1521 2390 ernon
1545 2316 1676 2415 possit
1702 2317 1802 2390 dore
1830 2315 2113 2416 eleemosynam
2144 2317 2267 2392 r'nvilo
2296 2322 2332 2391 et

1542 2449 1839 2525 contradicente
1868 2450 2024 2525 rrrnr‘ito.

1132 2779 1190 2844 Ad
1215 2779 1408 2845 secundum
1444 2777 1700 2863 praedictorum
1735 2777 1786 2844 sic
1815 2778 2017 2864 proceditur
2052 2790 2086 2843 et
2120 2778 2276 2866 arguitur
2307 2781 2402 2864 quod
2435 2801 2522 2845 uxor

1043 2905 1159 2981 potest
1194 2895 1277 2960 dare
1321 2895 1580 2979 eleemosynam
1626 2893 1733 2959 invito
1774 2903 1808 2958 et
1846 2894 2109 2960 contradicente
2149 2894 2279 2973 marito,
2319 2894 2400 2980 quia
2438 2894 2520 2960 illud

1043 3022 1185 3097 propter
1223 3011 1318 3095 quod
1357 3009 1480 3094 aliquis
1518 3011 1679 3075 laudatur
1714 3031 1786 3074 non
1819 3010 1931 3074 solum
1965 3020 2017 3075 est
2050 3009 2180 3075 licitum
2216 3011 2278 3075 sed
2318 3010 2519 3076 virtuosum.

1044 3126 1115 3192 Sed
1141 3128 1242 3191 beata
1279 3125 1388 3191 Lucia
1423 3126 1689 3191 commendatur
1724 3146 1765 3191 ex
1800 3126 1870 3190 hoc
1909 3126 2003 3210 quod
2034 3126 2276 3212 eleemosynas
2312 3126 2418 3191 dabat
2440 3126 2520 3191 irre-

1043 3242 1180 3327 quisito,
1205 3242 1310 3307 immo
1335 3241 1438 3307 etiam
1462 3262 1533 3306 non
1559 3241 1805 3307 consentiente
1829 3262 1973 3327 sponso,
1999 3241 2118 3325 Quare
2143 3252 2176 3307 et
2201 3253 2325 3308 cetera.

1132 3357 1273 3423 Contra.
1305 3358 1508 3424 Secundum
1540 3357 1828 3442 Apostolumll),
1858 3355 1966 3442 prima
1998 3358 2045 3421 nd
2079 3356 2291 3438 Corinthios,
2321 3356 2518 3436 undecimo,

1042 3473 1093 3539 vir
1127 3484 1180 3539 est
1219 3483 1323 3559 caput
1358 3471 1510 3539 mulieris
1546 3483 1580 3537 et
1615 3483 1740 3538 cetera.
1778 3471 1876 3537 Sicut
1911 3493 1995 3560 ergo
2031 3474 2187 3538 membra
2221 3472 2377 3559 corporis
2413 3472 2520 3559 capiti

1041 3591 1191 3655 subsunt
1230 3600 1264 3655 et
1302 3590 1346 3654 ab
1391 3588 1469 3674 ipso
1512 3599 1690 3675 reguntur,
1733 3588 1779 3653 ita
1819 3598 1852 3653 et
1894 3588 2015 3653 mulier
2050 3590 2154 3655 debet
2190 3590 2336 3655 subesse
2375 3589 2448 3655 viro
2484 3601 2519 3656 et

1039 3705 1227 3794 gubernari
1273 3706 1317 3769 ab
1357 3704 1445 3790 ipso.
1486 3705 1558 3771 Sed
1594 3704 1652 3789 qui
1692 3705 1797 3770 debet
1835 3704 2023 3792 gubernari
2063 3716 2097 3770 et
2135 3704 2210 3792 regi
2248 3707 2292 3770 ab
2328 3705 2405 3786 alio,
2445 3727 2517 3771 non

1041 3821 1145 3888 debet
1170 3821 1286 3887 lacere
1310 3819 1439 3906 aliquid
1464 3831 1584 3886 contra
1617 3819 1691 3885 eius
1716 3821 1930 3886 voluntatem
1955 3821 2010 3886 vel
2034 3820 2315 3906 prohibitionem.
2342 3821 2460 3913 Quare
2485 3831 2519 3887 et

1040 3947 1166 4002 cetera.

1128 4052 1325 4119 Dicendum
1362 4053 1457 4136 quod
1493 4074 1571 4118 cum
1608 4053 1724 4117 nullus
1768 4053 1881 4138 possit
1915 4052 2045 4137 aliquid
2083 4054 2166 4118 dare
2205 4053 2277 4119 sive
2317 4053 2361 4118 de
2400 4052 2517 4138 aliquo

1039 4170 1298 4255 eleemosynam
1323 4170 1439 4235 facere
1463 4167 1530 4234 nisi
1553 4189 1617 4254 pro
1643 4179 1773 4255 quanto
1798 4169 1903 4235 habet
1935 4168 1988 4233 ius
2024 4179 2058 4234 et
2093 4169 2284 4235 dominium
2320 4169 2355 4234 in
2390 4168 2446 4233 illa
2480 4190 2517 4235 re

1038 4286 1092 4351 vel
1117 4297 1285 4370 quantum
1301 4285 1346 4350 ad
1370 4284 1616 4370 proprietatem
1640 4296 1674 4349 et
1698 4285 1835 4370 plenam
1861 4284 2135 4370 possessionem,
2160 4296 2194 4350 et
2219 4305 2260 4350 ex
2285 4284 2516 4369 consequenti

1037 4412 1206 4487 quantum
1230 4402 1275 4466 ad
1300 4399 1609 4486 dispensationem,
1633 4400 1688 4465 vel
1720 4401 1841 4466 saltem
1867 4412 2034 4485 quantum
2062 4401 2106 4465 ad
2134 4401 2444 4487 dispensationem,
2473 4439 2514 4448 —

1037 4517 1083 4582 illi
1107 4517 1166 4602 qui
1190 4519 1340 4582 subsunt
1363 4515 1438 4581 aliis
1463 4525 1630 4601 quantum
1655 4517 1700 4580 ad
1724 4516 1884 4602 proprias
1913 4538 2084 4602 personas
2110 4528 2143 4582 et
2167 4518 2260 4581 bona
2285 4516 2455 4582 exteriora
2479 4515 2515 4582 in

1037 4644 1205 4719 quantum
1222 4632 1286 4698 illis
1308 4634 1467 4712 subsunt,
1493 4652 1558 4698 nec
1582 4633 1627 4697 de
1651 4653 1690 4698 se
1715 4631 1800 4717 ipsis
1824 4653 1891 4698 nec
1916 4633 1960 4697 de
1984 4633 2087 4698 bonis
2113 4632 2341 4698 exterioribus
2366 4642 2516 4718 possunt

1036 4749 1085 4816 uti
1109 4759 1230 4815 contra
1254 4749 1466 4814 voluntatem
1492 4759 1525 4814 et
1549 4759 1775 4834 praeceptum
1799 4747 1999 4833 superioris,
2024 4747 2104 4833 quia
2129 4747 2321 4814 intantum
2346 4747 2381 4812 in
2407 4769 2514 4833 quan·

1035 4877 1108 4931 tum
1154 4865 1348 4931 secundum
1394 4864 1459 4929 ista
1506 4865 1664 4944 subsunt,
1713 4862 1928 4949 dispensatio
1976 4875 2009 4929 et
2055 4863 2239 4949 dispositio
2286 4864 2420 4928 illorum
2470 4863 2515 4928 ad

1035 4980 1251 5067 superiorem
1291 4979 1448 5067 pertinet.
1488 4980 1591 5046 Unde
1631 5001 1709 5045 cum
1750 4982 1944 5045 monachus
1983 4981 2038 5045 vel
2073 4979 2258 5068 religiosus
2298 4980 2409 5044 subsit
2448 4998 2514 5044 suo

1035 5097 1215 5183 superiori,
1240 5106 1408 5181 quantum
1432 5097 1477 5161 ad
1501 5117 1687 5181 personam
1712 5096 1888 5181 propriam
1914 5106 1948 5162 et
1971 5106 2139 5180 quantum
2164 5097 2208 5160 ud
2233 5097 2327 5160 bona
2344 5095 2514 5160 exteriora

1035 5213 1161 5298 quibus
1185 5212 1291 5278 utitur
1314 5214 1467 5277 humana
1491 5211 1668 5299 fragilitas
1704 5233 1768 5297 pro
1792 5223 1924 5296 quanto
1961 5232 1999 5277 se
2024 5211 2058 5276 in
2091 5211 2217 5277 talibus
2253 5209 2423 5297 superiori
2447 5232 2513 5277 suo

1034 5329 1192 5409 subiecit,
1217 5350 1290 5394 non
1325 5338 1441 5413 potest
1465 5327 1509 5393 de
1533 5348 1572 5393 se
1607 5298 1776 5413 ipso⁰nec
1806 5327 1850 5393 de
1874 5327 2074 5393 huiusmodi
2108 5326 2210 5392 bonis
2242 5326 2358 5393 facere
2383 5325 2512 5412 aliquid

1034 5455 1156 5512 contra
1179 5444 1254 5510 eius
1272 5445 1503 5522 voluntatem
1528 5443 1632 5508 immo
1658 5443 1761 5509 etiam
1786 5464 1857 5509 non
1882 5443 1948 5508 nisi
1973 5444 2167 5508 secundum
2186 5443 2261 5508 eius
2285 5443 2510 5508 voluntatem.

1033 5561 1076 5627 Et
1098 5561 1179 5627 ideo
1203 5582 1282 5626 cum
1306 5561 1508 5626 nonhabet
1532 5558 1681 5644 aliquam
1718 5559 2051 5624 administrationem
2084 5561 2257 5624 bonorum
2290 5558 2509 5638 exteriorum,

1032 5677 1116 5743 nihil
1155 5689 1272 5762 potest
1308 5677 1392 5741 dare
1431 5675 1644 5762 pauperibus
1684 5675 1760 5741 sine
1798 5676 1978 5741 voluntate
2018 5674 2180 5760 explicita
2220 5687 2254 5741 et
2292 5674 2419 5740 actuali
2457 5674 2510 5741 vel

1120 5982 1160 6046 (l)
1179 5979 1212 6033 C.
1225 5979 1276 6046 XI,
1288 5981 1318 6032 3:
1331 5998 1343 6031 r
1356 5978 1432 6032 Volo
1446 5986 1543 6033 autern
1558 5994 1611 6032 vos
1625 5977 1701 6032 scire
1715 5976 1795 6049 quod
1808 5977 1903 6031 omnis
1916 5977 1960 6031 vir
1974 5985 2071 6048 caput,
2083 5976 2217 6032 Christus
2231 5984 2293 6032 est:
2308 5984 2398 6048 caput
2411 5983 2508 6030 autem

1030 6067 1169 6136 mulieris,
1183 6067 1244 6122 vir:
1259 6074 1347 6138 caput
1360 6082 1431 6120 vero
1445 6065 1563 6130 Christi,
1576 6064 1667 6121 Deus.
1683 6088 1695 6116 ι
2002 6071 2004 6077 ’
