6700 7992
1267 1442 1442 1499 rennuit
1471 1442 1771 1513 Quoomearuu,
1800 1443 1836 1513 Q.
1866 1443 1907 1497 111
2274 1446 2325 1497 raa

848 1623 977 1689 nullam
995 1622 1226 1689 actualitatem
1244 1624 1380 1688 habens
1397 1624 1590 1689 secundum
1608 1644 1646 1689 se
1664 1646 1735 1688 non
1753 1635 1806 1690 est
1822 1623 1938 1708 aliquo
1955 1624 2061 1689 modo
2078 1622 2325 1711 distinguibile‚

848 1738 930 1825 quia
945 1738 1036 1805 sicut
1059 1760 1131 1804 non
1156 1760 1219 1804 ens
1237 1738 1321 1804 nihil
1344 1740 1450 1803 habet
1474 1738 1691 1813 actualitatis,
1717 1739 1762 1803 ita
1779 1739 1922 1805 materia
1946 1738 2019 1804 sive
2043 1738 2119 1803 talis
2147 1738 2324 1823 potentia3

848 1866 883 1921 et
917 1854 946 1920 si
977 1856 1105 1919 habeat
1140 1853 1270 1939 aliquid
1305 1854 1456 1920 entitatis
1480 1854 1689 1940 potentialis,
1721 1854 1802 1920 nihil
1834 1866 1950 1921 tamen
1982 1856 2088 1921 habet
2119 1854 2326 1921 actualitatis

849 1991 955 2055 aqua
971 1979 1024 2037 est
1047 1969 1223 2035 distinctio
1248 1969 1452 2034 essentialis.
1471 1969 1514 2034 Et
1539 1970 1618 2035 ideo
1643 1969 1727 2034 nihil
1745 1981 1796 2035 est
1821 1970 1950 2035 dictum
1975 1971 2070 2054 quod
2094 1991 2164 2034 una
2183 1969 2326 2035 materia

849 2085 893 2153 sit
922 2085 1072 2152 nobilior
1102 2098 1135 2152 et
1167 2085 1336 2152 actualior
1370 2084 1446 2166 alia,
1480 2086 1559 2170 quia
1598 2085 1657 2150 ubi
1690 2086 1785 2151 nullo
1818 2087 1923 2151 modo
1959 2098 2066 2166 actus,
2091 2086 2187 2152 nullo
2218 2086 2326 2151 modo

849 2202 1029 2268 actualius.

938 2318 974 2386 Si
1000 2330 1115 2385 autern
1144 2319 1278 2384 dicatur
1301 2313 1396 2403 'quod
1428 2319 1623 2384 secundnm
1656 2318 1812 2383 diversos
1841 2329 2021 2404 respectus
2049 2340 2138 2403 quos
2164 2318 2328 2404 importat

848 2434 936 2501 ratio
953 2434 1131 2520 potentiae
1146 2437 1219 2500 sive
1236 2433 1399 2500 materiae
1416 2436 1460 2499 ad
1485 2435 1641 2499 diversas
1665 2435 1795 2499 formas
1819 2434 2051 2522 distinguatur
2075 2433 2227 2513 materia,
2247 2455 2327 2499 cum

848 2550 1048 2617 huiusmodi
1072 2561 1254 2636 respectus
1286 2572 1358 2615 non
1394 2550 1437 2615 sit
1469 2550 1598 2634 aliquid
1630 2549 1767 2616 realiter
1798 2571 1904 2636 supra
1935 2550 2121 2617 essentiam
2153 2549 2327 2629 materiae,

849 2667 985 2733 videtur
1001 2668 1096 2751 quod
1120 2688 1183 2752 per
1206 2666 1303 2751 ipsos
1328 2687 1400 2730 non
1417 2665 1468 2731 sic
1485 2665 1726 2753 distinguatur.
1745 2665 1781 2732 Si
1804 2666 1905 2731 etiam
1923 2666 2122 2732 huiusmodi
2147 2676 2328 2751 respectus

849 2783 1024 2849 sufficeret
1055 2783 1100 2847 ad
1131 2781 1391 2848 distinctionem
1427 2781 1592 2847 materiae
1624 2793 1661 2848 ut
1700 2781 1781 2867 quia
1816 2782 1958 2848 materia
1990 2803 2079 2866 quae
2119 2781 2259 2868 ponitur
2292 2780 2328 2846 in

850 2898 986 2987 angelis
1010 2908 1062 2964 est
1086 2899 1131 2964 ad
1155 2898 1257 2962 aliam
1274 2898 1418 2963 immam
1437 2920 1541 2982 quam
1563 2898 1704 2963 materia
1730 2920 1819 2984 quae
1843 2910 1896 2964 est
1919 2897 1953 2963 in
1971 2897 2223 2983 corporalibus
2248 2897 2328 2963 ideo

849 3014 901 3081 sic
928 3014 1101 3094 differunt,
1130 3053 1170 3060 -
1196 3024 1279 3080 tunc
1307 3035 1375 3097 qua
1403 3013 1535 3080 ratione
1563 3026 1744 3099 respectus
1769 3014 1814 3078 ad
1851 3014 2006 3080 diversas
2039 3015 2167 3079 formas
2198 3033 2329 3101 genere

850 3132 981 3197 faceret
1015 3129 1170 3195 diversas
1207 3129 1369 3195 materias
1400 3150 1542 3217 genere,
1579 3130 1702 3194 eadem
1735 3129 1868 3195 ratione
1905 3129 2032 3195 diversi
2069 3140 2249 3216 respectus
2284 3128 2329 3192 ad

851 3246 1007 3313 diversas
1024 3246 1153 3311 formas
1178 3245 1296 3331 specie
1314 3246 1469 3311 facerent
1486 3244 1719 3310 diversitatem
1742 3245 1777 3309 in
1795 3244 1937 3310 materia
1953 3247 2146 3311 secundum
2164 3243 2328 3331 speciem.

851 3363 930 3429 Hoc
954 3373 1069 3428 autem
1096 3373 1148 3428 est
1172 3362 1308 3426 falsum.
1327 3361 1415 3426 Cum
1442 3360 1544 3425 etiam
1571 3360 1684 3426 omnis
1709 3372 1890 3446 respectus
1915 3361 1959 3425 ad
1984 3361 2076 3426 aliud
2094 3371 2331 3445 consequatur

851 3489 1010 3545 naturam
1038 3478 1087 3544 rei
1114 3478 1149 3543 in
1175 3499 1244 3563 qua
1272 3477 1437 3542 fundatur
1464 3488 1655 3563 respectus
1684 3498 1752 3543 nec
1780 3476 2011 3565 distinguatur
2034 3498 2089 3542 res
2114 3476 2330 3543 fundamenti

851 3595 1046 3662 secundum
1063 3594 1168 3674 illum,
1193 3593 1330 3660 videtur
1353 3593 1447 3678 quod
1473 3594 1588 3658 nullus
1613 3605 1795 3679 respectus
1820 3592 1983 3658 materiae
2008 3592 2120 3678 possit
2144 3615 2222 3660 esse
2243 3593 2330 3660 ratio

851 3709 1083 3777 distinctionis
1100 3721 1135 3776 et
1151 3708 1358 3775 diversitatis
1384 3707 1546 3774 materiae
1572 3709 1767 3774 secundum
1792 3708 1866 3775 eius
1891 3708 2088 3775 essentiam.
2113 3709 2203 3775 Cum
2228 3709 2331 3777 etiarn

852 3838 1027 3913 ponantur
1067 3825 1182 3914 angeli
1220 3827 1342 3890 saltem
1382 3825 1498 3910 plures
1538 3826 1582 3889 ad
1622 3824 1771 3890 invicem
1811 3824 1949 3891 differre
1988 3825 2117 3912 specie,
2159 3824 2241 3910 quia
2286 3826 2331 3891 de

852 3940 937 4030 ipsis
953 3963 1071 4009 verum
1090 3952 1143 4007 est
1163 3942 1257 4025 quod
1283 3942 1415 4006 formae
1441 3961 1559 4007 earum
1584 3952 1830 4026 comparantur
1853 3941 2016 4022 numeris,
2041 3941 2131 4008 sicut
2154 3940 2280 4007 dicitur
2307 3944 2312 4027 1

852 4058 954 4127 etiam
980 4060 1024 4124 de
1048 4055 1293 4137 materialibus
1319 4078 1404 4145 ergo
1429 4056 1458 4122 si
1481 4056 1516 4122 in
1541 4056 1592 4122 eis
1618 4067 1670 4122 est
1696 4077 1776 4123 vere
1801 4056 1943 4123 materia
1971 4056 2207 4123 substantialis
2241 4057 2332 4124 sicut

853 4175 889 4241 in
906 4173 1130 4241 inferioribus
1147 4172 1273 4238 dicitur
1290 4193 1369 4239 esse
1386 4194 1466 4238 vere
1483 4172 1625 4237 materia
1643 4173 1889 4257 corporalis‚—
1903 4184 1997 4253 tunc,
2011 4172 2101 4240 sicut
2117 4172 2152 4239 in
2169 4173 2331 4240 omnibus

854 4288 1059 4377 corporibus
1083 4300 1136 4356 est
1160 4288 1302 4355 materia
1338 4311 1408 4354 una
1431 4289 1625 4354 seeundum
1659 4288 1829 4354 rationem
1855 4300 1889 4355 et
1913 4289 2015 4355 etiam
2040 4291 2235 4356 secundum
2259 4311 2332 4356 rem

854 4406 957 4473 etiam
981 4406 1193 4471 numeralem
1212 4416 1379 4490 quantum
1400 4415 1452 4470 est
1469 4406 1513 4470 de
1530 4426 1578 4483 se,
1598 4415 1633 4468 ut
1657 4405 1809 4471 ostendit
1834 4405 2098 4471 Commentator
2122 4405 2332 4473 duodecimo

853 4522 1114 4609 Metaphysicae
1128 4525 1185 4606 (1),
1222 4522 1299 4586 talis
1328 4533 1442 4586 autem
1475 4520 1590 4585 unitas
1623 4531 1675 4585 est
1711 4542 1818 4585 causa
1849 4543 1955 4605 quare
1988 4523 2032 4586 ad
2070 4521 2216 4587 invicem
2252 4532 2334 4587 sunt

855 4638 972 4705 omnia
988 4638 1069 4703 talia
1087 4638 1180 4703 entia
1197 4636 1484 4715 transmutabilia
1502 4675 1542 4682 -
1562 4635 1608 4700 ita
1625 4635 1658 4700 in
1677 4636 1842 4701 omnibus
1858 4636 2095 4721 spiritualibus
2112 4637 2175 4703 erit
2191 4639 2333 4703 materia

854 4754 959 4823 unius
996 4754 1152 4833 rationis,
1186 4763 1219 4818 et
1251 4774 1321 4817 una
1353 4754 1548 4817 secundum
1587 4774 1669 4832 rem,
1711 4762 1744 4816 et
1783 4752 1886 4817 etiarn
1926 4754 2120 4818 secundum
2153 4775 2333 4820 numerum

856 4881 1025 4956 quantum
1052 4881 1106 4934 est
1133 4871 1177 4934 de
1209 4890 1257 4933 se.
1288 4870 1433 4954 Propter
1463 4869 1558 4953 quod
1597 4868 1700 4933 etiam
1733 4867 1850 4933 omnia
1882 4868 1938 4933 illa
1966 4879 2066 4933 erunt
2101 4870 2336 4955 corruptibilia

857 4997 891 5053 et
920 4988 966 5052 ad
996 4986 1145 5052 invicem
1177 4985 1462 5050 transmutabilia.
1497 5024 1537 5031 -
1570 4984 1614 5048 Et
1644 4984 1725 5049 ideo
1758 4983 1860 5048 etiam
1892 4985 2086 5049 secundum
2116 4985 2336 5052 Commenta·

856 5114 965 5168 torem
983 5104 1041 5186 (2),
1077 5102 1112 5165 in
1137 5102 1236 5166 caelo
1261 5124 1332 5165 non
1357 5110 1410 5165 est
1434 5100 1577 5165 materia
1597 5121 1687 5184 quae
1716 5099 1759 5164 sit
1786 5101 1942 5184 potentia
1971 5101 2015 5165 ad
2040 5122 2119 5166 esse
2136 5102 2337 5187 simpliciter

858 5218 931 5284 sive
957 5219 1003 5283 ad
1031 5217 1176 5282 sormam
1205 5216 1480 5298 substantialem,
1509 5217 1572 5281 sed
1604 5218 1649 5280 ad
1678 5216 1736 5280 ubi
1769 5216 1842 5280 sive
1870 5218 1914 5280 ad
1944 5216 2047 5281 situm
2072 5228 2227 5298 tantum;
2256 5218 2337 5303 quia

857 5333 1098 5400 transmutatio
1127 5332 1208 5398 fecit
1236 5332 1325 5397 scire
1349 5332 1537 5397 materiam.
1562 5332 1646 5397 ldeo
1671 5332 1730 5396 ubi
1756 5331 1928 5398 invenitur
1956 5332 2071 5418 aliqua
2094 5333 2335 5399 transmutatio

858 5451 1052 5517 secundum
1070 5449 1185 5532 aliqua
1201 5448 1406 5527 accidentia,
1432 5459 1568 5533 oportet
1593 5469 1725 5533 ponere
1749 5448 1925 5513 materiam
1955 5449 2222 5514 convenientem
2247 5471 2337 5535 quae

948 5792 988 5857 (l)
1008 5787 1069 5845 Cir.
1089 5806 1114 5843 c.
1133 5792 1150 5841 2
1169 5787 1201 5855 (f.
1222 5792 1273 5843 llo
1292 5789 1343 5854 Ra)
1364 5796 1393 5842 et
1412 5806 1436 5842 c.
1457 5792 1474 5843 3
1493 5787 1524 5854 (f.
1545 5791 1594 5841 141
1616 5788 1675 5853 Va).
1696 5819 1729 5826 --
1750 5792 1789 5853 (2)
1818 5787 1996 5841 Averrois
2025 5788 2071 5841 De
2089 5789 2169 5843 caelo
2196 5789 2214 5843 l.
2234 5790 2255 5855 1,
2277 5794 2339 5845 c.7

860 5875 892 5945 (s.
910 5878 946 5933 30
963 5877 1032 5943 V²):
1054 5897 1106 5931 ι...
1121 5877 1157 5930 Et
1185 5876 1252 5930 ideo
1272 5875 1301 5929 in
1321 5877 1376 5930 hac
1395 5876 1541 5943 (material
1564 5876 1643 5929 nulla
1663 5874 1795 5947 potentia
1815 5883 1869 5939 est,
1889 5892 1945 5946 qua
1969 5874 2111 5930 denudari
2133 5876 2228 5949 possit
2250 5896 2266 5932 a
2285 5895 2339 5933 sua

860 5962 962 6032 forma,
981 5971 1012 6019 et
1030 5980 1090 6019 non
1108 5964 1199 6018 habet
1212 5963 1272 6018 nisi
1292 5963 1454 6039 potentiam
1469 5963 1507 6018 ad
1526 5965 1584 6019 ubi.
1601 5982 1613 6015 a
1634 5962 1694 6019 Csr.
1709 5963 1908 6031 Acerroes,
1927 5963 2340 6037 itteraplzyu·cael.vu1,c.o

863 6049 895 6121 (r.
914 6054 966 6109 roa
983 6052 1048 6121 vu).

2387 3938 2452 3994 cod.
2466 3937 2493 3991 V

2353 4010 2403 4066 iol.
2418 4012 2472 4066 275
2484 4008 2526 4063 R·
