6700 7992
1139 1458 1192 1510 ονε
1507 1425 1698 1511 mfflsm
1727 1426 1948 1510 conserunt
1976 1451 2028 1509 us
2056 1430 2256 1512 rortrttlds

1141 1637 1437 1703 coelementalem.
1477 1637 1520 1701 Et
1559 1635 1729 1724 vigesima
1764 1646 1888 1701 octava
1917 1640 1988 1719 (llt
2030 1657 2134 1702 omne
2169 1636 2370 1722 producens
2410 1636 2533 1702 similia
2576 1632 2620 1702 ad

1141 1775 1180 1818 se
1226 1753 1340 1838 ipsum
1383 1765 1463 1817 ante
1505 1752 1684 1817 dissimilia
1727 1751 1912 1818 substituit.
1961 1752 2004 1817 Et
2043 1751 2212 1840 vigesima
2256 1773 2350 1817 nona
2375 1756 2459 1836 (2):
2506 1751 2620 1818 omnis

1141 1890 1329 1953 processus
1355 1890 1416 1953 per
1442 1867 1701 1933 similitudinem
1719 1869 1954 1933 secundorum
1985 1868 2030 1931 ad
2054 1868 2164 1953 prima
2194 1868 2350 1934 efficitur.
2375 1868 2418 1934 Et
2443 1867 2620 1956 trigesima

1140 1998 1238 2050 sexta
1265 1987 1344 2067 (3):
1392 1984 1547 2049 omniurn
1583 2005 1704 2049 eorum
1747 2005 1836 2068 quae
1872 1985 2067 2048 secundum
2107 2004 2313 2068 processum
2349 1984 2619 2070 multiplicantur

1141 2099 1250 2186 prirna
1269 2110 1350 2164 sunt
1369 2101 1576 2186 perfectiora
1601 2099 1777 2179 secundis
1799 2112 1832 2164 et
1852 2100 2009 2164 secunda
2032 2099 2087 2163 his
2112 2121 2202 2184 quae
2223 2104 2303 2183 post
2326 2099 2412 2185 ipsa,
2438 2111 2471 2166 et
2496 2121 2619 2167 conse·

1141 2229 1287 2300 quenter
1323 2237 1365 2281 eo
1404 2217 1520 2282 modo.
1553 2216 1591 2282 Si
1622 2226 1737 2281 autem
1777 2215 1828 2281 sic
1849 2214 2114 2303 vimaginaretur
2148 2237 2338 2301 processus
2378 2215 2412 2280 in
2447 2215 2618 2281 infinitum

1141 2332 1336 2397 secundum
1360 2353 1536 2397 recessum
1561 2333 1605 2396 ab
1637 2331 1773 2397 infinito
1798 2342 1878 2396 ente
1906 2345 1939 2395 et
1971 2332 2164 2396 secundum
2194 2352 2376 2397 accessum
2401 2333 2446 2397 ad
2470 2331 2627 2418 primum

1141 2446 1199 2531 qui
1230 2469 1302 2512 non
1326 2460 1448 2532 posset
1481 2446 1656 2533 compleri,
1687 2446 1813 2532 periret
1844 2447 1930 2511 ordo
1960 2467 2026 2511 nec
2050 2459 2171 2532 posset
2198 2446 2355 2512 inchoari
2384 2468 2570 2533 processus
2599 2470 2619 2512 a

1141 2563 1302 2642 monade,
1326 2563 1431 2627 immo
1456 2562 1567 2649 magis
1591 2584 1611 2626 a
1636 2561 1865 2627 multitudine.

1229 2679 1308 2744 Non
1342 2689 1422 2742 sunt
1456 2688 1571 2743 autem
1602 2679 1693 2743 haec
1724 2677 1951 2765 intelligenda
1983 2688 2151 2762 quantum
2181 2679 2224 2743 ad
2257 2679 2414 2744 ordinem
2447 2677 2618 2745 existendi

1140 2795 1194 2860 vel
1219 2794 1370 2859 exeundi
1401 2793 1435 2859 in
1461 2815 1550 2874 esse,
1586 2793 1667 2878 quia
1697 2795 1795 2860 Deus
1820 2805 1936 2879 potest
1960 2795 2155 2879 producere
2179 2794 2333 2861 viliorem
2362 2806 2555 2860 creaturam
2583 2794 2618 2859 in

1140 2931 1219 2975 esse
1237 2921 1317 2974 ante
1335 2910 1550 2990 nobiliorem,
1570 2921 1605 2974 ut
1624 2912 1777 2995 plantam
1802 2921 1882 2974 ante
1906 2909 2094 2989 hominem,
2115 2910 2178 2974 sed
2198 2921 2365 2994 quantum
2391 2911 2435 2974 ad
2461 2910 2617 2976 ordinem

1141 3025 1372 3106 essentialem,
1408 3025 1489 3110 quia
1527 3047 1598 3090 non
1638 3027 1801 3090 obstante
1841 3026 1936 3111 quod
1969 3025 2116 3110 primum
2162 3038 2320 3110 tempore
2367 3027 2619 3111 produceretur

1140 3142 1268 3227 planta,
1293 3152 1409 3206 tamen
1444 3142 1551 3206 homo
1587 3140 1670 3207 dicit
1703 3152 1861 3205 naturam
1901 3140 2044 3226 primam
2086 3141 2265 3207 nobilitate
2304 3152 2339 3207 et
2376 3141 2545 3229 dignitate
2584 3153 2619 3206 et

1140 3269 1265 3322 cetera.
1294 3258 1369 3322 Nec
1394 3256 1496 3322 etiam
1524 3268 1666 3342 propter
1694 3257 1759 3322 ista
1787 3258 1891 3322 debet
1916 3257 2031 3323 dicere
2055 3257 2151 3340 quod
2177 3257 2340 3342 produxit
2367 3256 2617 3325 nobilissimam

1141 3385 1334 3438 creaturam
1359 3395 1449 3458 quae
1473 3383 1554 3438 nata
1579 3385 1632 3438 est
1656 3394 1745 3438 esse.

1228 3489 1309 3554 Hoc
1332 3488 1434 3554 etiarn
1458 3499 1554 3574 patet
1584 3499 1727 3574 propter
1758 3488 1925 3553 infinitam
1957 3487 2154 3553 distantiam
2185 3510 2275 3573 quae
2307 3501 2361 3555 est
2388 3489 2476 3555 inter
2503 3490 2616 3555 Deum

1140 3614 1174 3670 et
1198 3616 1400 3684 creaturam,
1426 3604 1508 3689 quia
1534 3625 1607 3669 non
1635 3614 1688 3670 est
1712 3603 1976 3692 intelligendum
2001 3605 2112 3669 solum
2138 3625 2217 3670 esse
2232 3604 2401 3670 infinitam
2419 3604 2616 3670 distantiam

1130 3720 1228 3796 ,inter
1244 3721 1357 3785 Deum
1377 3731 1411 3785 et
1431 3722 1789 3804 quam[tum]cumque
1807 3730 2009 3800 creaturam,
2027 3721 2090 3785 sed
2109 3719 2211 3785 etiam
2228 3731 2337 3785 totam
2357 3720 2617 3786 universitatem

1140 3847 1374 3902 creaturarum
1399 3835 1665 3921 acceptibilium.
1692 3835 1764 3901 Sed
1792 3835 1820 3900 si
1846 3846 1939 3901 esset
1963 3857 2151 3920 processus
2176 3835 2210 3900 in
2235 3835 2418 3916 infinitum,
2443 3835 2618 3902 videretur

1140 3961 1297 4016 creatura
1324 3951 1528 4016 infinitatem
1554 3952 1729 4036 quandam
1757 3951 2011 4037 perfectionum
2036 3951 2277 4017 distinctarum
2302 3952 2439 4018 realiter
2460 3991 2501 3999 —
2527 3951 2618 4017 sicut

1139 4067 1237 4132 Deus
1262 4066 1357 4132 unite
1380 4106 1418 4114 —
1441 4067 1636 4152 importare,
1662 4068 1742 4132 licet
1766 4088 1838 4131 non
1863 4067 2037 4152 quaelibet
2062 4088 2152 4152 quae
2177 4079 2256 4133 actu
2282 4079 2375 4133 esset
2399 4066 2615 4153 accipienda,

1139 4183 1203 4247 sed
1227 4183 1303 4267 ipsa
1322 4194 1393 4248 tota
1417 4183 1612 4248 secundum
1641 4204 1679 4248 se
1708 4194 1741 4247 et
1769 4193 1806 4247 ut
1834 4183 1868 4246 in
1899 4194 2015 4248 mente
2044 4183 2160 4247 divina
2185 4196 2238 4248 est
2262 4183 2492 4249 considerata.
2518 4183 2617 4249 Sicut

1139 4298 1231 4363 enim
1263 4320 1318 4363 res
1349 4318 1438 4383 quae
1469 4320 1563 4364 nunc
1595 4311 1686 4377 sunt,
1719 4312 1905 4382 antequam
1938 4311 2066 4376 essent,
2093 4299 2189 4363 inse
2215 4299 2300 4384 ipsis
2325 4299 2556 4384 importabant
2581 4299 2615 4363 in

1139 4425 1255 4480 mente
1287 4415 1402 4478 divina
1444 4415 1591 4480 eandem
1632 4413 1882 4498 perfectionem
1918 4414 2048 4478 finitam
2089 4427 2122 4479 et
2161 4415 2338 4479 limitatam
2378 4437 2481 4499 quam
2521 4436 2617 4479 nunc

1139 4531 1270 4594 habent
1296 4530 1330 4595 in
1356 4550 1394 4595 se
1418 4530 1513 4616 ipsis,
1540 4530 1587 4594 ita
1612 4529 1714 4594 etiarn
1739 4541 1811 4594 tota
1839 4529 2046 4594 universitas
2074 4531 2203 4594 entium
2229 4530 2372 4609 infinita,
2398 4530 2426 4594 si
2452 4531 2502 4595 sic
2523 4543 2617 4596 esset

1140 4667 1326 4731 processus
1364 4645 1398 4710 in
1437 4645 1617 4723 infinitum,
1664 4644 1834 4709 infinitam
1873 4645 2124 4730 perfectionem
2171 4646 2397 4731 importaret;
2445 4657 2479 4711 et
2518 4647 2615 4711 Deus

1139 4762 1345 4849 intelligeret
1372 4761 1515 4840 infinita,
1540 4782 1611 4825 non
1637 4762 1748 4827 solum
1774 4761 1863 4826 sicut
1887 4761 2028 4846 ponitur
2051 4761 2243 4848 intelligere
2271 4783 2435 4827 numeros
2462 4761 2616 4826 infinitos

1139 4888 1172 4942 et
1196 4877 1374 4942 individua
1398 4876 1541 4956 infinita,
1567 4877 1761 4942 secundum
1786 4876 1954 4941 infinitam
1979 4876 2228 4961 perfectionem
2248 4877 2353 4942 totius
2371 4876 2614 4943 universitatis.

1228 4993 1265 5059 Si
1279 5005 1393 5058 autem
1412 5005 1560 5078 ponatur
1573 4992 1624 5058 sic
1641 5004 1763 5072 statuS,
1777 5014 1843 5057 nec
1860 5004 2048 5077 poneretur
2062 5014 2105 5057 ex
2121 4995 2190 5057 hoc
2203 4992 2355 5058 infinitas
2369 5005 2615 5072 creaturarum,

1138 5130 1205 5175 nec
1221 5107 1430 5192 adaequatio
1447 5108 1490 5172 ad
1508 5119 1710 5186 creatorem,
1736 5128 1802 5173 nec
1819 5107 2000 5172 exhaustio
2023 5109 2074 5172 vel
2100 5109 2309 5192 adaequatio
2327 5130 2413 5174 suae
2437 5108 2615 5193 potentiae

1138 5234 1172 5289 et
1211 5224 1352 5289 virtutis
1392 5224 1492 5290 Haec
1527 5223 1619 5288 enim
1659 5234 1779 5289 tenent
1818 5223 1851 5287 in
1884 5225 1988 5288 rebus
2028 5223 2184 5288 eiusdem
2217 5224 2349 5288 ordinis
2380 5235 2413 5289 et
2445 5223 2613 5290 univocis

1139 5340 1307 5423 Quamvis
1332 5340 1424 5404 enim
1447 5361 1518 5404 non
1543 5339 1655 5425 possit
1682 5360 1760 5404 esse
1785 5339 1934 5404 calidum
1961 5339 2149 5404 formaliter
2173 5341 2362 5425 perfectius
2379 5339 2472 5427 igne,
2498 5352 2614 5404 tamen

1136 5457 1231 5520 nulla
1259 5467 1311 5520 est
1336 5456 1544 5540 adaequatio
1575 5454 1759 5520 caliditatis
1791 5455 1882 5542 ignis
1911 5455 1955 5519 ad
1980 5455 2189 5520 caliditatem
2219 5455 2312 5520 solis.
2341 5455 2417 5520 Nec
2441 5466 2494 5519 est
2517 5454 2615 5520 intel·

1226 5819 1265 5882 (l)
1287 5813 1403 5868 Procli
1422 5813 1627 5867 Institutiom's
1640 5814 1820 5886 theologicae
1833 5816 1850 5884 ξ
1862 5817 1898 5868 28
1911 5819 1950 5885 (p.
1964 5816 2027 5878 bssl:
2043 5820 2096 5870 Πᾶν
2113 5816 2144 5870 τὸ
2161 5815 2282 5889 παράγων
2300 5817 2333 5870 τὰ
2351 5816 2431 5899 ὅμοια
2448 5815 2516 5888 πρὸς
2534 5814 2613 5870 ἑαυτὸ

1136 5906 1189 5976 πρὸ
1202 5913 1254 5960 τῶν
1267 5905 1400 5973 ἀνομοίων
1411 5905 1555 5981 Ιὑφίστησιν.
1574 5934 1607 5942 -
1626 5906 1666 5970 (2)
1686 5903 1761 5956 Ibid.
1780 5902 1797 5972 ξ
1816 5906 1851 5956 ‘29
1870 5911 1909 5973 (p.
1929 5905 1992 5966 5tl:
2013 5909 2086 5958 ΙΙᾶσα
2098 5904 2214 5974 πρόοδος
2227 5902 2257 5958 δι’
2271 5904 2432 5971 ὁμοιότητος
2445 5903 2613 5959 ἀποτελεῖται

1136 6000 1189 6047 τῶν
1206 5991 1335 6065 δευτέρων
1353 5993 1420 6063 πρὸς
1432 5995 1464 6047 τὰ
1476 5999 1580 6064 πρῶτα.
1596 6022 1629 6029 -
1643 5992 1682 6058 (3)
1698 5990 1771 6044 Ibid.
1786 5992 1802 6058 ξ
1817 5993 1852 6044 36
1867 6001 1906 6060 (p.
1921 5992 1966 6055 62)
1979 5982 1987 6042 ε’
2000 5991 2108 6046 ΙΙάντων
2121 5997 2173 6045 τῶν
2186 5993 2254 6046 κατὰ
2272 5990 2387 6062 πρόοδον
2405 5989 2613 6058 πληῦονομὲνων

1138 6077 1170 6130 τὰ
1182 6082 1278 6148 πρῶτα
1291 6075 1440 6148 τελειότερα
1452 6081 1505 6129 τῶν
1518 6073 1647 6148 δευτέρων
1660 6073 1724 6138 ἐστι’,
1738 6076 1782 6128 καὶ
1794 6076 1827 6128 τὰ
1838 6075 1948 6146 δεύτερα
1960 6080 2012 6128 τῶν
2026 6071 2083 6141 μετ’
2097 6071 2173 6138 αὐτά,
2187 6076 2231 6128 καὶ
2243 6072 2334 6146 ἐφεξῆς
2347 6073 2482 6136 ὡσαύτως.
