6700 7992
1136 1448 1331 1519 QUARTUM
1361 1448 1659 1519 QUODLIBETUM,
1688 1448 1724 1518 Q.
1753 1447 1808 1501 XV
2159 1449 2212 1501 279

824 1631 1037 1716 Respondeo
1063 1630 1250 1694 dicendum
1276 1630 1370 1713 quod
1395 1629 1423 1693 si
1454 1629 1555 1694 alicui
1581 1629 1796 1693 concedatur
1827 1638 1982 1713 potestas
2007 1625 2213 1691 absolvendi

734 1745 935 1831 simpliciter
959 1754 993 1811 et
1025 1756 1149 1823 cetera,
1176 1744 1209 1809 in
1246 1744 1386 1811 casibus
1419 1744 1575 1830 episcopi
1612 1766 1684 1808 non
1720 1745 1864 1809 baberet
1897 1753 2114 1829 potestatem,
2146 1742 2213 1807 nisi

735 1864 823 1928 forte
847 1884 926 1928 cum
958 1861 1043 1946 petit
1072 1860 1246 1926 licentiam
1272 1863 1315 1924 ab
1346 1861 1516 1946 episcopo
1549 1874 1582 1925 et
1611 1860 1800 1945 episcopus
1825 1862 1894 1924 hoc
1919 1880 2084 1944 expresse
2110 1859 2211 1924 dicat.

734 1980 772 2044 ln
804 1978 929 2044 talibus
961 1978 1053 2042 enim
1089 1976 1278 2063 privilegiis
1311 1976 1511 2061 simpliciter
1549 1977 1650 2055 datis,
1681 1977 1733 2041 ius
1773 1976 1973 2061 episcopale
2014 1975 2214 2063 intelligitur

737 2116 814 2160 esse
843 2095 989 2158 salvum
1005 2094 1132 2176 (Extra,
1151 2094 1195 2157 de
1220 2092 1419 2179 privilegiis,
1439 2093 1638 2176 l'astoralis)
1653 2097 1710 2175 (l).
1732 2092 1802 2158 Sed
1825 2115 1867 2157 ex
1891 2115 1960 2176 quo
1986 2093 2030 2157 de
2052 2092 2214 2157 omnibus

736 2231 799 2296 pro
824 2209 951 2294 quibus
979 2231 1050 2274 non
1079 2219 1132 2274 est
1159 2209 1263 2274 sedes
1290 2201 1484 2294 apostolica
1513 2208 1731 2293 requirenda,
1750 2209 1845 2273 dedit
1870 2219 2077 2294 potestatem
2102 2209 2214 2272 absol·

736 2326 840 2391 vendi
868 2347 1034 2411 expresse
1058 2347 1162 2390 casus
1186 2346 1300 2410 papae
1329 2336 1524 2389 reservatos
1550 2324 1758 2410 excipiendo
1787 2337 1820 2389 et
1845 2326 2067 2410 denegando,
2092 2345 2214 2389 omnes

737 2442 823 2507 alios
862 2440 1084 2507 concessisse
1119 2439 1264 2520 videtur,
1298 2440 1466 2528 vigesima
1499 2441 1618 2525 quinta
1658 2440 1882 2506 distinctione
1922 2440 2044 2523 Qualis
2065 2444 2123 2523 (2),
2156 2439 2215 2515 ubi

736 2532 861 2623 dicitur
885 2556 979 2641 quod
1008 2557 1052 2621 de
1081 2577 1151 2621 uno
1183 2567 1332 2644 negatur
1359 2557 1402 2621 de
1431 2556 1506 2622 aliis
1537 2556 1687 2622 concedi
1714 2556 1857 2622 videtur.
1888 2558 1977 2622 Cum
2010 2557 2103 2621 enim
2126 2558 2215 2621 haec

736 2673 897 2760 exceptio
929 2695 1074 2738 casuum
1103 2673 1281 2758 papalium
1320 2672 1576 2760 intelligeretur,
1605 2674 1708 2738 etiam
1748 2672 1777 2737 si
1809 2695 1880 2737 non
1921 2684 2014 2738 esset
2054 2671 2216 2757 apposita

738 2789 867 2875 (Extra,
892 2790 936 2855 de
954 2788 1071 2854 officio
1096 2789 1202 2875 legati
1227 2790 1334 2871 Quod
1355 2788 1620 2854 translationem
1639 2790 1659 2872 ¹)
1678 2793 1736 2870 (3),
1762 2810 1840 2855 curn
1858 2789 1893 2853 in
1918 2788 2011 2854 dicto
2037 2788 2216 2877 privilegio

739 2904 949 2991 exprimitur,
975 2915 1034 2970 aut
1059 2905 1102 2970 de
1130 2904 1239 2970 nihilo
1265 2905 1327 2970 luit
1355 2915 1414 2970 aut
1438 2906 1641 2970 denominat
1665 2907 1762 2989 quod
1779 2906 1890 2970 solum
1917 2905 1961 2969 illi
1986 2905 2214 2990 excipiuntur.

738 3023 819 3087 Non
851 3021 987 3087 videtur
1011 3032 1125 3086 autem
1158 3020 1362 3086 rationabile
1395 3023 1490 3105 quod
1522 3023 1566 3087 de
1591 3021 1698 3086 nilrilo
1734 3021 1882 3099 serviat3
1912 3043 1996 3109 ergo
2033 3022 2146 3085 solum
2171 3020 2216 3084 illi

740 3137 967 3223 excipiuntur.
997 3136 1069 3202 Sed
1109 3137 1190 3221 quia
1228 3158 1300 3201 non
1341 3148 1489 3223 possunt
1521 3138 1607 3203 tales
1639 3138 1822 3203 absolvere
1857 3138 1923 3202 nisi
1960 3137 2140 3202 venientes
2173 3137 2217 3201 ad

740 3254 837 3339 ipsos
877 3254 921 3317 de
958 3252 1098 3318 licentia
1137 3254 1383 3337 praelatorum,
1416 3254 1497 3337 quia
1537 3275 1578 3317 ex
1618 3253 1799 3341 privilegio
1838 3255 1969 3318 liabent
2009 3259 2216 3338 potestatem

740 3369 946 3435 absolvendi
982 3369 1026 3434 de
1061 3368 1225 3433 omnibus
1261 3381 1294 3434 et
1329 3370 1445 3435 claves
1474 3381 1640 3453 quantum
1675 3369 1720 3433 ad
1752 3391 1874 3434 onmes
1910 3371 1996 3434 tales
2032 3390 2135 3434 casus
2160 3368 2218 3454 qui
2296 3419 2299 3424 .

741 3506 813 3552 non
830 3496 913 3550 sunt
936 3485 1080 3570 papales
1097 3485 1239 3560 solutas
1264 3506 1305 3550 ex
1330 3485 1470 3549 licentia
1494 3496 1609 3551 autem
1634 3487 1764 3550 habent
1789 3487 1957 3571 populum
1983 3496 2017 3551 et
2041 3486 2238 3551 materiamv

742 3600 798 3667 cui
837 3610 988 3686 possunt
1026 3600 1227 3665 huiusmodi
1266 3612 1476 3685 potestatem
1523 3624 1585 3686 per
1624 3623 1725 3665 usum
1765 3600 1914 3666 clavium
1962 3602 2149 3687 applicare,
2190 3601 2219 3665 si

741 3715 885 3804 praelati
920 3716 955 3780 in
992 3717 1110 3781 dando
1135 3716 1309 3782 licentiam
1340 3718 1423 3782 dent
1453 3739 1530 3783 eam
1565 3717 1767 3803 simpliciter
1802 3728 1836 3784 et
1864 3719 2034 3798 absolute,
2070 3727 2219 3803 possunt

743 3834 787 3899 de
804 3832 968 3898 omnibus
994 3832 1134 3898 casibus
1152 3832 1307 3918 exceptis
1331 3832 1516 3918 papalibus
1534 3835 1727 3913 absolvere,
1753 3855 1832 3898 cum
1850 3843 1967 3898 tamen
1984 3855 2056 3898 non
2073 3843 2221 3918 possent

743 3952 812 4015 hoc
836 3947 902 4013 nisi
927 3947 1008 4013 dicti
1033 3969 1137 4014 casus
1162 3950 1307 4034 papales
1332 3949 1444 4014 solum
1469 3961 1502 4014 et
1527 3971 1597 4014 non
1623 3950 1680 4014 alii
1705 3961 1824 4015 essent
1848 3949 2015 4035 expressi.
2041 3950 2079 4015 Si
2105 3962 2221 4015 autem

744 4066 828 4131 dent
867 4065 932 4129 sub
979 4064 1196 4130 coartatione
1231 4064 1300 4145 tali,
1337 4066 1431 4149 quod
1467 4087 1546 4130 cum
1594 4067 1637 4130 ab
1673 4066 1843 4151 episcopo
1886 4077 2009 4151 petunt
2044 4065 2221 4131 licentiam

744 4180 817 4247 sive
841 4181 1032 4266 quodcum
1050 4180 1239 4265 episcopus
1265 4182 1324 4246 det
1346 4180 1522 4246 licentiam
1539 4182 1612 4246 suis
1630 4182 1778 4246 subditis
1795 4183 1889 4267 quod
1907 4182 1957 4246 eis
1975 4181 2221 4261 confiteantur,

744 4296 793 4362 sic
816 4296 929 4361 dicat:
954 4296 1000 4360 do
1024 4296 1199 4362 licentiam
1224 4307 1261 4360 ut
1281 4296 1381 4361 vobis
1406 4308 1574 4382 quantum
1598 4299 1642 4361 ad
1668 4320 1792 4363 omnes
1820 4319 1924 4362 casus
1952 4297 2107 4382 exceptis
2140 4297 2223 4362 milri

742 4411 927 4478 reservatis
963 4411 1204 4492 confiteantur,
1241 4412 1270 4476 si
1306 4412 1356 4477 sic
1392 4414 1436 4477 de
1471 4413 1536 4477 illis
1572 4426 1767 4499 acceptant,
1805 4436 1877 4478 non
1915 4413 2075 4479 videntur
2115 4435 2222 4499 posse

743 4529 936 4594 absolvere.
954 4527 1080 4593 Sinon
1105 4538 1291 4614 acceptant
1315 4540 1348 4594 et
1373 4529 1561 4614 episcopus
1582 4529 1693 4594 dicat:
1719 4530 1872 4614 alioquin
1897 4531 1991 4594 nulla
2004 4530 2048 4595 sit
2072 4529 2222 4610 licentia,

743 4644 812 4710 iam
837 4645 881 4709 de
905 4644 1009 4709 nullis
1040 4644 1201 4709 videntur
1235 4667 1341 4730 posse
1365 4646 1557 4711 absolvere.
1587 4647 1658 4711 Sed
1695 4667 1773 4711 cum
1809 4645 1989 4711 inferiores
2021 4647 2223 4712 sacerdotes

746 4781 818 4825 non
853 4761 1006 4826 habeant
1037 4771 1246 4845 potestatem
1279 4760 1346 4825 nisi
1377 4763 1420 4826 de
1452 4762 1710 4840 communibus,
1735 4783 1802 4827 nec
1833 4764 1986 4827 habeant
2017 4774 2223 4847 potestatem

746 4876 801 4941 vel
825 4876 1116 4942 consuetudinem
1141 4876 1277 4961 aliquos
1302 4877 1514 4957 reservandi,
1540 4879 1657 4942 dando
1682 4877 1857 4943 licentiam
1883 4879 1969 4943 dant
1994 4899 2071 4944 eam
2096 4878 2225 4965 simpli·

748 4991 832 5058 citer
855 5003 1024 5079 quantum
1049 5003 1210 5078 possunt.

841 5872 849 5902 ¹
864 5869 1053 5924 collationem
1072 5870 1106 5924 V.

840 6067 880 6132 (l)
901 6082 926 6120 c.
947 6068 989 6121 19.
1005 6065 1042 6119 Χ.
1063 6064 1100 6118 de
1120 6063 1215 6138 privil.
1236 6065 1269 6119 V.
1289 6067 1332 6120 33.
1352 6097 1385 6104 —
1406 6069 1444 6135 (2)
1460 6084 1484 6120 c.
1504 6069 1529 6122 4.
1549 6067 1584 6122 D.
1604 6068 1694 6124 XXV.
1714 6100 1747 6109 -
1767 6072 1806 6139 (3)
1826 6086 1851 6123 c.
1870 6071 1895 6125 4.
1915 6071 1950 6126 D.
1970 6070 2060 6127 XXX.
