6700 7992
874 4929 938 4984 cod.
950 4931 975 4983 V

845 4998 894 5054 iol.
905 5005 959 5055 ‘260
969 5002 1009 5054 Rb

1039 1401 1073 1453 72
1405 1400 1595 1455 MAGISTRI
1625 1400 1844 1455 GODEFRIDI
1874 1402 1926 1454 DE
1954 1400 2153 1456 FONTIBUS

1040 1581 1117 1644 alio.
1135 1581 1210 1644 Nec
1227 1593 1341 1644 tamen
1375 1580 1530 1664 sequitur
1554 1582 1648 1665 quod
1678 1593 1770 1645 esset
1803 1603 1865 1645 ens
1898 1594 1932 1645 et
1962 1602 2034 1644 non
2067 1602 2140 1651 ens,
2170 1581 2251 1664 quia
2279 1601 2350 1644 non
2376 1580 2516 1661 ponitur

1039 1697 1150 1782 ipsam
1179 1695 1230 1762 sic
1257 1698 1387 1761 habere
1415 1697 1469 1761 vel
1497 1697 1663 1762 habuisse
1692 1719 1764 1761 non
1798 1718 1876 1761 esse
1905 1698 2000 1780 quod
2030 1697 2217 1780 aliquando
2247 1708 2340 1761 esset
2368 1696 2516 1763 totaliter

1039 1834 1109 1878 non
1135 1834 1219 1877 ens:
1248 1812 1299 1877 sic
1327 1811 1418 1877 enim
1444 1833 1522 1876 cum
1551 1812 1652 1877 simul
1678 1834 1757 1878 cum
1785 1814 1854 1878 hoc
1879 1823 2067 1896 poneretur
2090 1834 2230 1898 semper
2254 1812 2371 1892 fuisse,
2393 1835 2515 1897 seque·

1038 1942 1131 1993 retur
1161 1929 1255 2013 (ruod
1288 1927 1476 2012 aliquando
1515 1927 1615 1992 ‘simul
1656 1941 1749 1993 esset
1781 1940 1814 1993 et
1846 1950 1917 1993 non
1949 1941 2066 2003 esset3
2108 1968 2147 1974 —
2181 1928 2243 1993 sed
2284 1928 2335 1993 sic
2376 1928 2517 2013 ponitur

1039 2066 1177 2130 semper
1208 2066 1278 2109 non
1311 2065 1389 2109 esse
1422 2056 1455 2109 et
1487 2067 1557 2108 non
1590 2044 1699 2109 fuisse
1727 2046 1822 2128 quod
1851 2056 1974 2109 natura
2003 2044 2077 2108 eius
2109 2044 2186 2108 talis
2219 2056 2270 2109 est
2299 2044 2394 2128 quod
2423 2055 2516 2110 esset

1039 2160 1122 2225 nihil
1139 2160 1167 2223 si
1189 2161 1197 2195 ¹
1214 2160 1277 2224 sibi
1298 2159 1557 2244 relinqueretur.
1575 2161 1621 2225 Ut
1646 2171 1741 2244 patet
1765 2159 1881 2225 etiam:
1908 2160 1935 2224 si
1954 2182 2014 2225 aer
2031 2182 2169 2245 semper
2193 2171 2285 2224 esset
2303 2159 2514 2226 illuminatus

1039 2298 1059 2340 a
1090 2277 1175 2355 sole,
1201 2274 1402 2341 diceretur²
1433 2298 1571 2360 semper
1603 2277 1646 2341 de
1679 2299 1750 2340 non
1783 2276 1899 2341 lucido
1933 2277 2068 2341 lucidus
2094 2277 2216 2355 factus,
2243 2288 2276 2340 et
2316 2276 2410 2360 prius
2443 2298 2515 2341 non

1039 2391 1175 2457 lucidus
1208 2413 1310 2476 quam
1343 2390 1490 2470 lucidus,
1524 2413 1594 2455 uon
1628 2393 1672 2455 ita
1705 2393 1799 2475 (prod
1832 2392 2020 2476 aliquando
2053 2391 2154 2456 fuerit
2191 2415 2261 2455 non
2294 2392 2430 2457 lucidus
2461 2393 2514 2457 vel

1038 2510 1255 2584 tenebrosus,
1274 2509 1336 2572 sed
1365 2507 1445 2591 quia
1474 2518 1567 2572 esset
1597 2508 1648 2571 rel
1678 2507 1800 2571 fuisset
1825 2529 1964 2590 semper
1988 2507 2063 2571 talis
2088 2507 2115 2571 si
2146 2529 2223 2572 eum
2249 2508 2301 2571 sol
2326 2507 2391 2572 sibi
2417 2508 2515 2573 relin-

1039 2635 1183 2707 queret3
1221 2635 1254 2687 et
1278 2622 1329 2687 sic
1362 2621 1484 2687 ordine
1516 2634 1669 2693 naturae,
1700 2646 1769 2687 non
1807 2622 2000 2695 duratione,
2027 2623 2149 2687 fuisset
2181 2624 2283 2687 etiam
2317 2624 2411 2708 prius
2443 2646 2515 2688 non

1037 2738 1184 2804 lucidus
1203 2739 1245 2803 Et
1262 2739 1457 2802 secundum
1483 2740 1550 2803 hoc
1575 2761 1644 2802 non
1672 2739 1844 2804 diceretur
1872 2761 1931 2803 aer
1955 2738 2053 2802 simul
2080 2739 2216 2803 lucidus
2242 2751 2275 2803 et
2293 2741 2514 2819 tenebrosus

1037 2856 1100 2920 sed
1129 2856 1173 2920 de
1200 2876 1335 2918 senon
1360 2875 1422 2918 ens
1447 2853 1583 2919 lucidus
1609 2855 1662 2919 vel
1689 2877 1751 2919 ens
1777 2877 1848 2918 uon
1873 2855 2008 2919 lucidus
2044 2857 2088 2918 al)
2114 2854 2181 2918 alio
2206 2877 2345 2939 semper
2371 2857 2516 2920 haberet

1037 2972 1131 3055 quod
1165 2982 1257 3034 esset
1289 2969 1436 3034 lucidus.
1478 2971 1525 3034 lta
1569 2982 1572 3052 Ῑ
1614 2971 1715 3034 etiam
1749 2971 1782 3034 in
1814 2960 1971 3034 creatura
2004 2982 2143 3034 aeterna
2184 2972 2411 3053 praecederet
2443 2993 2514 3035 non

1037 3107 1115 3151 esse
1148 3085 1260 3171 ipsum
1286 3108 1364 3149 esse
1396 3085 1519 3162 ordine
1555 3100 1698 3150 naturae
1735 3099 1768 3151 et
1803 3108 1875 3150 non
1908 3085 2081 3150 diceretur
2117 3098 2273 3150 creatura
2310 3086 2410 3150 simul
2435 3108 2514 3151 esse

1036 3213 1069 3267 et
1097 3224 1168 3266 non
1198 3223 1286 3275 esse,
1313 3202 1375 3265 sed
1401 3202 1495 3285 quod
1520 3218 1676 3266 creatura
1707 3203 1750 3266 de
1779 3226 1816 3266 se
1842 3225 1911 3265 non
1939 3204 2073 3266 liabens
2099 3224 2187 3280 esse,
2214 3203 2257 3265 ab
2283 3202 2350 3265 alio
2375 3223 2515 3287 semper

1037 3320 1179 3383 haberet
1208 3340 1296 3382 esse.
1328 3318 1368 3381 Et
1397 3318 1512 3382 adhuc
1541 3317 1642 3382 etiam
1673 3320 1777 3382 modo
1806 3319 1856 3382 sic
1886 3342 1963 3382 esse
2004 3331 2037 3383 et
2076 3340 2147 3381 non
2184 3341 2263 3381 esse
2296 3318 2515 3383 verificantur

1036 3435 1080 3499 de
1112 3443 1279 3498 creatura.
1315 3435 1433 3498 Potest
1465 3433 1557 3498 enim
1590 3433 1655 3497 dici
1694 3436 1787 3517 (prod
1828 3434 2003 3517 (praelibet
2043 3447 2199 3498 creatura
2240 3445 2314 3497 toto
2357 3446 2514 3518 tempore

1035 3571 1105 3632 quo
1142 3561 1196 3613 est
1226 3551 1331 3613 lialret
1366 3570 1437 3612 non
1471 3571 1548 3613 esse
1582 3561 1615 3611 et
1651 3571 1730 3613 esse
1750 3550 1770 3625 ²¹,
1807 3573 1877 3612 non
1917 3572 1995 3613 osse
2031 3572 2050 3613 a
2082 3572 2130 3627 se,
2164 3572 2242 3614 esse
2276 3551 2319 3613 al)
2352 3549 2429 3612 alio.
2465 3550 2512 3613 Ex

1036 3665 1235 3750 praemissis
1254 3686 1338 3752 ergo
1363 3677 1457 3749 patet
1482 3666 1576 3748 ‹putrd
1602 3666 1645 3727 de
1675 3665 1808 3729 ratione
1837 3679 2015 3729 creaturae
2042 3688 2111 3728 non
2139 3678 2191 3729 est
2215 3667 2308 3749 (prod
2339 3679 2417 3749 post
2443 3687 2513 3731 non

1035 3803 1113 3845 esse
1139 3780 1320 3845 duratione
1342 3782 1467 3845 lrabeat
1492 3783 1589 3864 [non]
1615 3805 1704 3855 esse,
1729 3783 1790 3844 sed
1817 3783 1928 3844 soloin
1955 3794 2085 3846 natura.

1125 3897 1205 3962 ltcm
1240 3919 1281 3961 ex
1314 3908 1411 3981 parte
1444 3897 1508 3961 Dei
1543 3918 1611 3960 noo
1647 3897 1810 3961 conuenit
1851 3919 1929 3961 rere
1963 3898 2078 3962 (licere
2119 3899 2213 3980 quod
2256 3910 2394 3982 oportet
2435 3920 2512 3962 eum

1034 4012 1234 4101 necessario
1263 4013 1473 4098 praecedere
1502 4035 1601 4076 suum
1632 4014 1793 4076 ellectum
1823 4014 2013 4077 duratione..
2047 4014 2085 4077 lit
2114 4016 2182 4078 hoe
2207 4013 2347 4096 «pridem
2377 4025 2514 4078 tenetur

1034 4129 1175 4194 ratione.
1202 4129 1289 4192 Nam
1318 4150 1421 4193 omne
1446 4151 1556 4211 agens
1582 4128 1681 4191 cuius
1713 4129 1834 4192 actio⁴
1867 4131 1919 4194 vel
1946 4129 2103 4212 operatio
2139 4143 2192 4195 est
2216 4129 2428 4208 successiva,
2459 4131 2512 4194 vel

1034 4245 1135 4310 etiam
1161 4244 1275 4309 subita
1303 4266 1393 4329 quae
1420 4256 1535 4309 tamen
1565 4258 1617 4308 est
1646 4244 1844 4309 terminus⁵
1879 4244 2027 4310 aetionis
2061 4245 2295 4319 successivae,
2329 4246 2512 4310 duratione

1033 4359 1232 4426 necessario
1261 4361 1438 4444 praecedit
1471 4382 1572 4424 suum
1601 4360 1773 4431 effectum,
1803 4373 1838 4424 ut
1871 4362 1921 4424 sol
1955 4361 2151 4424 illuminans
2188 4382 2302 4425 aerem
2340 4361 2373 4424 in
2405 4360 2511 4426 hemi·

1032 4475 1195 4561 sphaerio
1227 4486 1348 4539 nostro
1373 4475 1406 4539 in
1433 4476 1573 4540 instanti
1599 4477 1776 4560 praeeedit
1801 4477 1984 4541 duratione,
2010 4479 2101 4540 lianc
2126 4476 2412 4541 illuminationem
2439 4477 2512 4541 sive

1033 4592 1135 4656 etiam
1175 4594 1244 4656 hoc
1274 4591 1501 4656 illuminatum
1537 4613 1625 4665 esse,
1667 4592 1745 4676 quia
1784 4615 1853 4656 non
1892 4592 2059 4656 illuminat
2100 4591 2163 4655 nisi
2206 4593 2411 4656 accedendo
2451 4614 2513 4676 per

1033 4718 1164 4772 motum
1200 4707 1298 4773 cuius
1337 4707 1502 4772 terminus
1534 4721 1587 4772 est
1624 4707 1689 4771 ista
1730 4708 1941 4773 illuminatio.
1981 4709 2051 4773 Sed
2093 4689 2183 4771 aetio
2218 4707 2314 4772 l)ei⁸
2350 4720 2511 4791 respectu

1033 4835 1212 4889 creaturae
1230 4823 1426 4888 immediate
1451 4845 1522 4887 non
1547 4835 1599 4888 est
1624 4829 1834 4894 successiva,
1861 4846 1926 4887 nec
1944 4837 1995 4888 est
2013 4824 2179 4887 terminus
2204 4823 2344 4887 alterius
2363 4823 2511 4887 actionis

1051 4942 1055 5023 l
1092 4938 1322 5005 successivae.
1348 4939 1512 5023 Sequitur
1539 4960 1624 5022 ergo
1649 4941 1743 5023 qood
1772 4941 1866 5002 lleus
1896 4961 1966 5002 non
1992 4940 2192 5003 necessario
2219 4938 2420 5023 postposuit
2445 4938 2510 5002 sibi
2560 5020 2563 5026 Ι

1033 5056 1193 5120 effectum
1212 5054 1365 5119 suumin
1389 5053 1581 5131 duratione,
1607 5054 1670 5118 nisi
1698 5054 1799 5118 fuerit
1824 5054 1888 5118 alia
1914 5076 2018 5118 <ruma
2047 5055 2281 5139 postponendi
2309 5054 2510 5118 necessario

1032 5171 1193 5236 effectum
1219 5170 1253 5235 in
1279 5170 1461 5261 duratione.
1481 5168 1501 5233 ⁷.
1536 5171 1607 5235 Sed
1633 5193 1703 5234 non
1733 5182 1785 5234 est
1815 5170 1931 5253 aliqua
1955 5192 2044 5253 quae
2077 5171 2109 5233 in
2138 5171 2213 5234 lleo
2244 5169 2354 5254 possit
2382 5171 2510 5233 habere

1032 5289 1156 5363 locum,
1192 5286 1273 5372 quia
1308 5287 1398 5371 qrrod
1435 5307 1541 5350 causa
1579 5286 1694 5372 aliqua
1731 5298 1920 5370 postponat
1955 5287 2019 5349 sibi
2057 5287 2218 5350 ellectum
2257 5285 2289 5349 in
2327 5285 2510 5350 duratione

1032 5403 1242 5482 necessarie,
1271 5424 1342 5467 non
1378 5415 1430 5467 est
1466 5403 1531 5467 nisi
1568 5415 1710 5486 propter
1746 5402 2042 5486 iinperii-{etionem
2078 5423 2207 5468 causae
2248 5424 2338 5485 quae
2378 5401 2508 5485 aliquid

1032 5531 1192 5604 expectat
1216 5519 1258 5583 ad
1285 5520 1354 5583 hoc
1388 5519 1480 5601 (prod
1516 5520 1642 5582 lrabeat
1677 5518 1865 5602 perlectam
1897 5517 2053 5581 virtutem
2085 5518 2301 5601 producendi
2336 5517 2509 5590 ellectum,

1031 5648 1091 5700 aut
1118 5634 1199 5718 quia
1226 5633 1302 5698 talis
1327 5655 1434 5699 eausa
1463 5628 1622 5699 effectum
1654 5633 1815 5718 producit
1843 5656 1904 5717 per
1932 5647 2075 5710 motum,
2100 5640 2148 5707 (et
2184 5633 2262 5697 ideo
2287 5634 2367 5715 quia
2404 5653 2510 5697 causa

1121 5936 1195 5991 'sed
1209 5937 1242 5991 V.
1263 5968 1293 5976 —
1312 5935 1449 5989 9(Ιίορῖῖπ
1464 5936 1496 5987 V.
1518 5968 1544 5974 --
1559 5938 1570 5966 s
1588 5943 1616 5988 et
1635 5936 1703 5988 odd.
1724 5936 1755 5988 P.
1795 5966 1802 5971 -
1821 5934 1915 5985 ‘ratio
1936 5934 1965 5985 Ρ.
2006 5965 2012 5969 -
2035 5936 2045 5961 ³*
2059 5933 2141 5986 cuius
2164 5934 2192 5985 P.
2213 5966 2244 5971 --
2264 5936 2275 5959 '³
2294 5933 2321 5989 iu
2341 5934 2410 5987 odd.
2428 5933 2460 5986 P.
2478 5965 2509 5973 -

1031 6024 1082 6085 'in
1096 6023 1260 6095 duratione]
1275 6042 1330 6077 om.
1348 6024 1380 6079 P.
