6700 7992
1334 1469 1551 1526 SECUNDUM
1582 1470 1880 1540 QUODLIBETUM,
1900 1471 1936 1541 Q.
1956 1470 2011 1525 Vll
2358 1474 2408 1528 105

930 1651 1070 1740 generis
1096 1652 1191 1736 quod
1227 1665 1278 1716 est
1315 1651 1440 1715 animal
1473 1651 1692 1736 accipiuntur
1723 1652 1766 1715 ab
1788 1652 1908 1718 eadem
1942 1652 2053 1717 forma
2085 1673 2105 1716 a
2138 1674 2207 1737 qua
2238 1653 2409 1739 accipitur

929 1790 1042 1853 genus
1067 1768 1162 1855 quod
1187 1779 1239 1833 est
1263 1767 1400 1831 animal.

1020 1881 1211 1961 Praeterea,
1230 1882 1258 1948 si
1275 1905 1389 1969 genus
1414 1895 1448 1948 et
1471 1883 1609 1968 species
1634 1895 1668 1948 et
1685 1883 1897 1949 differentia¹
1915 1883 2072 1950 dicerent
2089 1885 2243 1950 diversas
2265 1886 2406 1967 formaS,

929 2022 1000 2066 non
1039 2000 1216 2075 differrent
1255 1999 1442 2064 abstractio
1483 1999 1726 2065 mathematica
1765 2021 1855 2085 quae
1895 2011 1947 2066 est
1987 2000 2175 2067 abstractio
2214 2001 2348 2068 formae
2387 2025 2408 2068 a

930 2116 1072 2183 materia
1096 2114 1251 2181 sensibili
1276 2117 1319 2178 ab
1345 2115 1581 2181 abstractione
1605 2115 1721 2203 logica
1745 2138 1835 2200 quae
1860 2127 1913 2182 est
1936 2116 2177 2182 universalisa
2200 2117 2407 2203 particulari,

930 2232 1010 2318 quia
1035 2232 1220 2316 utrobique
1237 2231 1387 2296 differret
1412 2252 1449 2296 re
1466 2231 1549 2296 illud
1570 2232 1665 2316 quod
1690 2232 1899 2298 abstrahitur
1923 2234 1966 2296 ab
1992 2253 2034 2298 eo
2059 2253 2172 2318 aquo
2198 2234 2409 2300 abstrahitur

930 2359 1096 2434 quantum
1122 2349 1166 2412 ad
1192 2348 1322 2412 formas
1347 2370 1366 2412 a
1391 2347 1517 2431 quibus
1543 2347 1685 2412 nomina
1709 2347 1943 2433 imponuntur.

1019 2464 1213 2542 Praeterea,
1246 2463 1384 2548 specics
1419 2485 1489 2528 non
1526 2475 1619 2529 esset
1655 2485 1719 2528 ens
1753 2485 1860 2527 unum
1896 2484 1958 2548 per
1988 2485 2036 2543 se,
2062 2462 2142 2548 quia
2176 2486 2217 2530 ex
2251 2464 2408 2551 pluribus

930 2579 1096 2646 entibus²
1131 2579 1165 2643 in
1196 2590 1275 2644 actu
1308 2602 1379 2644 non
1411 2580 1448 2643 lit
1480 2602 1587 2643 unum
1620 2601 1680 2664 per
1712 2601 1750 2644 se
1783 2591 1816 2644 et
1850 2579 2060 2665 simpliciter,
2090 2580 2171 2664 quia
2205 2581 2406 2647 huiusmodi

929 2697 1060 2761 formae
1088 2717 1167 2761 cum
1192 2695 1260 2760 sint
1284 2695 1460 2780 simplices
1488 2717 1525 2760 se
1554 2695 1633 2760 totis
1662 2697 1706 2760 ab
1735 2695 1882 2761 invicem
1913 2695 2085 2774 differunt,
2111 2706 2145 2761 et
2173 2718 2406 2782 unaquaeque

929 2823 981 2879 est
1013 2824 1109 2878 extra
1142 2812 1331 2896 quamlibet
1363 2812 1557 2876 secundum
1590 2832 1628 2877 se
1661 2823 1778 2876 totam.
1810 2812 1928 2894 Quare
1958 2813 2093 2877 habens
2126 2811 2209 2877 istas
2241 2835 2313 2878 non
2344 2813 2406 2878 erit

928 2951 1034 2994 unum
1058 2927 1124 2993 nisi
1149 2950 1211 3013 per
1235 2927 1534 3015 aggregationem,
1554 2940 1587 2993 et
1611 2927 1767 2992 definitio
1785 2927 1867 2992 istas
1896 2928 2074 3014 explicans
2103 2949 2175 2993 non
2206 2929 2269 2994 erit
2298 2951 2403 2994 unum

929 3043 1139 3129 simpliciter,
1154 3045 1248 3128 quod
1266 3054 1319 3108 est
1332 3055 1453 3108 contra
1472 3043 1780 3128 Plrilosophurn(l)
1798 3057 1831 3109 et
1849 3045 2238 3128 Commentatoremffl),
2255 3045 2405 3130 septimo

928 3160 1199 3245 Metaphysicae,
1225 3159 1426 3223 ubidicitur
1450 3160 1544 3243 quod
1569 3159 1597 3223 si
1622 3180 1736 3245 genus
1761 3158 1970 3224 divideretur
1994 3181 2056 3244 per
2079 3159 2194 3245 aliqua
2223 3159 2406 3226 existentia

929 3289 1023 3343 extra
1046 3288 1204 3341 naturam
1228 3275 1379 3363 generis,
1406 3274 1561 3340 delinitio
1587 3298 1657 3340 non
1688 3287 1781 3340 esset
1806 3297 1884 3339 una.
1910 3275 2233 3360 Cornmentator(3)
2259 3277 2408 3362 septimo

929 3391 1211 3478 Metapbysicae:
1250 3390 1416 3457 Definitio
1453 3404 1505 3455 est
1540 3412 1654 3455 sermo
1690 3413 1795 3470 unuS,
1831 3391 1911 3476 quia
1945 3391 2118 3478 significat
2157 3391 2192 3457 in
2231 3413 2267 3458 re
2303 3415 2408 3458 unam

928 3507 1168 3575 substantiam.
1195 3508 1238 3572 Et
1262 3507 1369 3571 infra:
1397 3507 1479 3571 illud
1505 3507 1599 3591 quod
1626 3520 1679 3571 est
1710 3518 1791 3571 ante
1816 3507 1967 3572 ultimam
1992 3518 2135 3573 nonest
2159 3507 2287 3593 aliquid
2312 3520 2407 3574 extra

929 3624 1079 3690 animam
1104 3624 1138 3689 in
1163 3636 1241 3688 actu
1268 3623 1431 3689 existens.
1460 3623 1502 3687 Et
1537 3622 1695 3688 delinitio
1721 3634 1773 3687 est
1809 3644 1879 3687 una
1911 3623 2075 3707 quoniam
2111 3623 2146 3687 in
2183 3645 2224 3689 ea
2259 3637 2407 3689 nonest

930 3740 1058 3826 aliquid
1087 3740 1121 3804 in
1150 3752 1229 3805 actu
1255 3739 1320 3803 nisi
1344 3761 1463 3818 unum,
1492 3750 1526 3804 et
1554 3738 1738 3803 multitudo
1767 3760 1857 3823 quae
1886 3751 1937 3804 est
1970 3739 2002 3804 in
2035 3761 2076 3804 ea
2107 3750 2159 3805 est
2193 3740 2226 3805 in
2251 3740 2407 3825 potentia

931 3857 1020 3923 sicut
1037 3856 1339 3922 indeterminatum
1365 3866 1399 3920 et
1426 3855 1702 3933 determinatum,
1724 3867 1757 3920 et
1781 3877 1852 3919 non
1879 3855 1960 3920 facit
1981 3878 2087 3920 unum
2112 3877 2154 3920 ex
2178 3856 2407 3922 determinato

931 3985 964 4040 et
1002 3972 1269 4037 indeterminato
1302 3971 1392 4037 sicut
1431 3993 1472 4037 ex
1512 3970 1668 4050 diversis,
1700 3973 1762 4036 sed
1804 3971 1913 4035 facit3
1951 3971 2064 4057 ipsum
2105 3971 2407 4038 indeterminatum

931 4089 1193 4155 determinatum
1235 4089 1430 4153 secundum
1461 4108 1666 4172 processum
1708 4088 1752 4152 ad
1792 4087 1944 4152 ultimam
1988 4097 2022 4152 et
2060 4087 2268 4172 completam
2309 4101 2407 4153 actus

929 4204 1084 4290 specifici
1108 4204 1368 4289 perfectionem,
1396 4215 1429 4267 et
1446 4202 1563 4268 omnia
1587 4202 1786 4267 huiusmodi
1804 4202 2051 4288 praecedentia
2069 4223 2140 4268 non
2166 4213 2247 4267 sunt
2270 4203 2408 4268 realiter

929 4320 995 4386 nisi
1027 4320 1130 4405 ipsa⁴
1163 4319 1281 4384 ultima
1313 4320 1516 4397 differentia,
1543 4332 1579 4383 ut
1604 4330 1700 4403 patet
1725 4318 1780 4383 ibi.
1813 4319 1854 4382 Et
1887 4318 1921 4382 in
1955 4319 2053 4383 tertio
2079 4317 2405 4403 Metaphysicaell)

929 4438 1000 4502 vult
1024 4438 1118 4522 quod
1151 4435 1398 4521 praedicabilia
1423 4435 1456 4499 in
1492 4436 1574 4520 quid
1609 4436 1652 4500 de
1688 4434 1833 4500 delinito
1865 4434 1933 4499 sint
1965 4434 2135 4520 principia
2163 4435 2406 4522 cognoscendi

1018 4751 1025 4780 ¹
1045 4748 1161 4820 species
1181 4756 1210 4802 et
1225 4747 1400 4816 differentia}
1416 4747 1580 4800 dill'erentia
1595 4755 1623 4800 et
1636 4746 1753 4817 species
1766 4745 1797 4798 P.
1813 4777 1842 4783 -
1859 4746 1869 4774 ²
1882 4745 1997 4798 actibus
2011 4746 2041 4799 P.
2056 4777 2088 4784 —
2102 4746 2113 4776 ³
2126 4763 2214 4799 unum
2228 4764 2263 4800 ex
2279 4779 2310 4786 -
2326 4747 2406 4816 lucit]

928 4854 983 4889 om.
997 4837 1028 4889 P.
1043 4868 1076 4875 —
1090 4839 1100 4868 ⁴
1113 4835 1167 4889 nisi
1183 4836 1258 4908 ipsa]
1275 4837 1303 4890 in
1318 4836 1366 4889 illa
1380 4837 1412 4889 P.

920 5092 925 5101 ,
1017 5046 1056 5107 (Ι)
1082 5042 1112 5095 L.
1134 5043 1172 5094 Vl
1199 5042 1244 5110 [al.
1265 5044 1337 5109 ΙἸΙΙ.
1358 5060 1381 5095 c.
1404 5045 1434 5095 12
1461 5056 1499 5110 tp.
1523 5045 1609 5095 10:331.
1631 5044 1658 5096 ll.
1676 5042 1721 5096 οὖν
1738 5043 1770 5095 τὸ
1789 5041 1863 5114 γένος
1881 5043 1972 5101 ἁπλῶς
1992 5042 2029 5107 μή
2049 5040 2103 5095 ἐστι
2121 5042 2194 5111 rupit
2211 5043 2243 5094 τὰ
2263 5043 2298 5103 ὡς
2316 5041 2406 5114 γένους

929 5125 994 5194 εἴδη,
1016 5128 1031 5192 ἣ
1051 5128 1072 5181 εἱ
1090 5125 1144 5181 ἔστι
1164 5129 1210 5194 μὲν
1229 5129 1265 5188 ὡς
1284 5127 1333 5192 ὕλη
1352 5126 1443 5180 ote-„b
1455 5128 1481 5192 (i,
1502 5128 1548 5193 μὲν
1567 5128 1618 5198 γὰρ
1636 5127 1709 5197 φωνὴ
1729 5124 1803 5196 γένος
1822 5128 1865 5177 mi
1878 5125 1938 5190 ὕλη.
1959 5125 1985 5178 αἱ
2003 5124 2030 5177 δὲ
2049 5127 2170 5195 drapopzi
2188 5125 2220 5176 rit
2239 5121 2294 5189 εἴδη
2313 5129 2356 5179 καὶ
2374 5128 2406 5179 ’.ὰ

928 5218 1045 5282 στοιχεῖα
1058 5209 1088 5265 ἐκ
1100 5210 1197 5276 ταύτης
1210 5216 1347 5274 ποιοῦσιν),
1360 5210 1469 5281 φανερὸν
1483 5209 1522 5262 ὅτι
1533 5211 1546 5263 ri
1557 5210 1666 5279 ὁρισμος
1680 5208 1746 5262 ἐστιν
1760 5209 1774 5260 ὁ
1787 5207 1817 5261 ἐκ
1830 5214 1881 5260 τῶν
1892 5209 2024 5278 διαφορῶν
2037 5206 2127 5278 λόγος.
2143 5240 2173 5247 -
2184 5213 2223 5273 (2)
2236 5210 2261 5262 Α
2270 5211 2407 5263 verrois

928 5299 1153 5370 Metuplrysicne,
1168 5299 1184 5351 l.
1197 5298 1259 5361 Vll,
1274 5316 1298 5351 c.
1314 5300 1347 5350 14
1368 5296 1399 5354 (l.
1412 5301 1447 5349 92
1461 5297 1521 5362 lta).
1545 5319 1556 5343 a
1573 5297 1625 5349 llla
1645 5304 1742 5349 autem
1763 5312 1838 5365 quae
1858 5303 1924 5347 sunt
1944 5303 2012 5366 post
2031 5294 2155 5365 primum
2174 5314 2276 5367 genus,
2294 5297 2407 5352 scilicet

928 5405 1037 5458 genera
1056 5396 1085 5440 et
1105 5385 1289 5440 differentiae
1310 5386 1422 5438 illorum
1444 5402 1592 5451 generum,
1612 5394 1679 5437 suut
1694 5385 1721 5436 iu
1741 5401 1794 5436 suo
1815 5400 1880 5436 esse
1901 5382 1937 5435 de
1957 5390 2060 5435 natura
2080 5382 2144 5436 eius
2164 5384 2243 5454 quod
2261 5383 2408 5454 significat

929 5475 1051 5545 primum
1073 5492 1167 5547 genus
1190 5481 1307 5545 praeter
1329 5473 1523 5526 differentiam
1546 5473 1699 5543 aequalem
1719 5471 1840 5523 delinito
1856 5493 1878 5524 s.
1901 5503 1932 5509 —
1957 5474 1996 5535 (3)
2016 5470 2089 5523 Ibid.
2110 5470 2140 5533 (f.
2160 5475 2192 5525 91
2216 5472 2275 5537 Va).
2301 5473 2407 5541 «Ergo

927 5581 1050 5617 necesse
1070 5571 1114 5616 est
1133 5571 1164 5616 ut
1184 5560 1316 5616 definitio
1336 5561 1374 5614 sit
1392 5579 1489 5613 sermo
1509 5560 1602 5623 unius,
1622 5560 1690 5630 quia
1709 5559 1856 5629 significat
1875 5559 1902 5610 in
1923 5577 1953 5611 re
1974 5575 2060 5611 unam
2081 5559 2272 5613 substantiam
2290 5580 2311 5614 a.
2333 5561 2406 5614 lbid.

928 5650 958 5718 (f.
972 5655 1007 5705 9‘2
1020 5652 1081 5716 Va).
1098 5673 1109 5699 θ
1125 5650 1199 5705 Cum
1214 5649 1322 5703 divisio
1337 5648 1471 5719 pervenit
1485 5649 1521 5701 ud
1542 5648 1732 5711 differentias,
1746 5665 1866 5717 quarum
1880 5646 2008 5699 numeris
2022 5655 2067 5699 est
2080 5646 2240 5700 secundum
2254 5666 2406 5702 numerum

927 5739 1091 5810 specierum
1105 5739 1230 5809 bipedis,
1242 5736 1429 5791 manifestum
1444 5736 1577 5807 estquod
1590 5735 1690 5789 ultima
1704 5734 1869 5788 ‹litl'erentia
1882 5743 1974 5787 estex
1988 5733 2087 5804 specie
2098 5752 2173 5805 quae
2185 5744 2230 5788 est
2242 5736 2406 5789 substantia

928 5826 1005 5880 illius
1024 5827 1134 5899 speciei
1148 5827 1249 5891 solius,
1263 5835 1292 5879 ct
1306 5826 1369 5878 sola
1385 5824 1516 5878 (letiuitio
1530 5824 1593 5877 eius
1613 5833 1641 5877 et
1661 5823 1740 5894 quod
1761 5823 1839 5886 illud,
1855 5821 1933 5892 quod
1954 5830 1999 5874 est
2018 5830 2094 5885 ante,
2111 5840 2171 5876 non
2184 5832 2230 5876 est
2242 5825 2405 5877 substantia

928 5914 1048 5986 propria
1067 5915 1094 5968 ei
1114 5933 1210 5986 neque
1225 5914 1335 5984 aliquid
1356 5914 1484 5967 existens
1499 5922 1580 5966 extra
1594 5911 1720 5964 animam
1734 5912 1762 5964 in
1777 5920 1870 5964 actu...
1892 5908 2030 5962 Definitio
2045 5917 2088 5962 est
2102 5927 2158 5962 una
2177 5911 2313 5980 quoniam
2328 5912 2355 5965 in
2371 5930 2405 5966 ea

927 6019 985 6056 non
999 6012 1044 6056 est
1057 6003 1167 6074 aliquid
1181 6003 1210 6055 in
1224 6011 1292 6056 actu
1305 6001 1359 6054 nisi
1374 6019 1461 6054 unum
1476 6011 1506 6054 et
1519 5999 1674 6053 multitudo
1689 6017 1764 6070 quae
1779 6007 1823 6051 est
1837 5998 1865 6050 in
1879 6015 1923 6059 ea,
1943 6003 1987 6050 est
2001 5995 2030 6049 in
2046 5997 2178 6067 potentia
2191 6020 2212 6050 s.
2225 6030 2257 6036 —
2270 6002 2309 6063 (t)
2322 5999 2405 6066 Ibr'd,

928 6089 946 6144 l.
960 6090 1010 6160 ΙΙΙ,
1024 6095 1076 6145 c.‘2
1090 6090 1120 6159 tf.
1132 6095 1166 6146 23
1179 6092 1237 6158 ΙΙ).
1255 6114 1263 6129 11
1281 6090 1398 6144 Genera
1414 6108 1488 6162 iprae
1503 6098 1570 6141 sunt
1584 6087 1728 6161 principia
1742 6084 1927 6155 cognitionis,
1941 6102 1999 6137 non
2013 6092 2079 6138 sunt
2093 6084 2235 6159 principia
2250 6086 2366 6140 essendi
2383 6110 2404 6142 ε.
