6700 7992
1030 1445 1065 1494 38
1395 1442 1586 1497 MAGISTRI
1615 1442 1834 1497 GODEFRIDI
1863 1445 1915 1498 DE
1943 1444 2141 1501 FONTIBUS

1031 1630 1149 1706 potest
1172 1620 1373 1687 huiusmodi
1396 1621 1540 1687 mutatio
1565 1643 1606 1688 ex
1634 1643 1748 1688 >causa
1778 1621 1862 1703 fieri,
1891 1623 1956 1689 nisi
1990 1625 2079 1690 forte
2112 1646 2154 1691 ex
2185 1625 2400 1692 institutione
2428 1626 2505 1692 reti·

1031 1735 1164 1801 nuisset
1188 1735 1254 1801 sibi
1278 1736 1418 1822 aliquod
1446 1739 1540 1822 quod
1566 1760 1627 1823 per
1650 1739 1720 1804 hoc
1744 1760 1815 1803 non
1840 1751 2033 1805 remaneret
2064 1739 2095 1806 ei
2128 1724 2273 1821 salvum,
2301 1751 2385 1808 tunc
2412 1741 2503 1807 enim

1030 1851 1259 1937 requirendus
1290 1863 1383 1918 esset
1419 1874 1614 1920 consensus
1649 1853 1734 1920 eius.
1767 1855 1821 1921 De
1856 1856 1925 1920 hoc
1960 1855 2064 1920 Extra
2099 1855 2143 1921 de
2177 1855 2251 1922 iure
2286 1867 2503 1943 patronatus,

1031 1968 1183 2054 capitulo
1207 1967 1348 2050 Nobis(
1370 1972 1393 2052 ).

1587 2355 1830 2438 Quaesrro
1854 2356 1943 2421 xvi.

1171 2554 1314 2628 Utrum
1342 2552 1448 2627 licite
1470 2553 1632 2651 possint
1657 2553 1756 2628 laici
1783 2558 1913 2628 tenere
1939 2554 2118 2629 decimas
2146 2554 2259 2629 ts'tulo
2276 2555 2383 2656 fidei

1030 2685 1090 2761 vel
1117 2712 1365 2787 quocumque
1396 2686 1476 2761 alio
1510 2688 1624 2761 modo
1658 2686 1723 2761 ius
1755 2692 1792 2762 et
1816 2687 2104 2786 proprietatem
2135 2688 2177 2762 in
2207 2687 2288 2763 illis
2315 2689 2504 2763 habendo.

1120 3014 1248 3078 Postea
1286 3013 1378 3079 circa
1417 3012 1624 3098 pertinentia
1663 3014 1707 3077 ad
1742 3013 1851 3078 laicos
1886 3013 2094 3100 generaliter
2129 3017 2360 3099 quaerebatur
2398 3037 2504 3080 unum

1032 3128 1191 3195 videlicet
1215 3140 1327 3193 utrum
1356 3129 1447 3195 licite
1476 3127 1611 3214 possint
1638 3139 1757 3194 tenere
1782 3129 1935 3194 decimas
1963 3130 2061 3195 titulo
2089 3130 2172 3196 fidei
2200 3132 2253 3196 vel
2282 3153 2505 3215 quocumque

1031 3245 1099 3310 alio
1123 3245 1230 3310 modo
1251 3244 1304 3309 ius
1329 3257 1363 3309 et
1387 3244 1632 3329 proprietatem
1657 3243 1692 3308 in
1717 3244 1781 3309 illis
1805 3245 1979 3310 habendo.
2007 3246 2050 3311 Et
2073 3248 2284 3334 arguebatur
2308 3247 2402 3332 quod
2427 3246 2505 3312 laici

1031 3381 1102 3426 non
1138 3361 1274 3446 possint
1305 3360 1395 3426 iusto
1427 3360 1526 3425 titulo
1565 3359 1720 3426 decimas
1755 3360 1913 3441 retinere,
1946 3361 2026 3445 quia
2062 3373 2251 3447 praecepta
2284 3362 2367 3427 iuris
2399 3361 2505 3427 divini

952 3478 955 3482 ’
1031 3475 1243 3541 inviolabilia
1274 3486 1363 3541 sunt.
1390 3475 1461 3541 Sed
1494 3497 1535 3541 ex
1567 3486 1756 3561 praecepto
1788 3475 1870 3540 iuris
1904 3476 2011 3541 divini
2036 3478 2207 3542 debentur
2235 3479 2392 3543 decimae
2424 3478 2502 3543 Deo

1032 3592 1120 3656 autl
1148 3590 1311 3656 ministris
1342 3591 1532 3657 Ecclesiae.
1561 3591 1665 3657 Unde
1689 3591 1814 3656 dicitur
1845 3591 1999 3657 Levitico
2017 3597 2063 3676 (2)
2097 3592 2240 3658 ultimo:
2270 3615 2388 3658 omnes
2419 3593 2505 3657 deci·

1031 3687 1108 3771 moe
1136 3713 1252 3772 terrae
1278 3709 1351 3771 sive
1378 3706 1419 3771 de
1433 3706 1610 3792 frugibus
1636 3708 1710 3771 sive
1736 3707 1777 3771 de
1800 3712 1917 3790 pomis
1940 3708 2107 3772 arborum
2135 3710 2283 3772 Domini
2305 3713 2388 3772 sunt
2432 3709 2437 3792 l
2473 3713 2506 3773 et

1031 3821 1112 3887 illi²
1134 3823 1410 3908 sanctificantur.
1429 3822 1534 3905 Quod
1560 3832 1674 3887 autem
1700 3822 1853 3887 Domino
1873 3822 2126 3888 sanctificatum
2145 3836 2197 3888 est
2222 3845 2292 3888 non
2319 3836 2435 3908 potest
2460 3822 2504 3887 ad

1031 3959 1235 4004 communes
1259 3949 1293 4002 et
1316 3938 1424 4003 laicos
1449 3960 1533 4002 usus
1558 3937 1724 4003 converti.
1750 3937 1868 4020 Quare
1893 3949 1927 4003 et
1951 3949 2077 4003 cetera.

1119 4055 1156 4118 ln
1187 4053 1396 4118 contrarium
1429 4065 1481 4118 est
1516 4052 1690 4141 generalis
1722 4052 1903 4138 permissio
1937 4053 2116 4119 Ecclesiae
2149 4054 2377 4139 permittentis
2408 4054 2503 4140 quod

1031 4192 1050 4234 a
1083 4169 1196 4234 multis
1228 4169 1427 4235 detinentur
1458 4168 1616 4234 decimae
1648 4170 1782 4253 absque
1810 4168 1919 4254 ipsius
1943 4169 2123 4235 Ecclesiae
2159 4170 2390 4235 concessione
2426 4191 2504 4254 spe·

1032 4285 1118 4351 ciali.
1144 4286 1176 4350 Α
1201 4284 1315 4350 multis
1344 4283 1446 4350 etiam
1477 4294 1640 4350 tenentur
1668 4283 1824 4350 decimae
1853 4285 1887 4348 in
1912 4284 2056 4358 feudum
2080 4297 2287 4369 perpetuum
2320 4307 2362 4350 ex
2386 4286 2504 4351 Eccle-

1030 4401 1103 4466 siae
1127 4400 1336 4485 supposita³
1367 4399 1598 4466 concessione
1629 4411 1663 4465 et
1694 4400 1893 4480 donatione,
1927 4401 2021 4484 quod
2053 4422 2125 4466 non
2157 4400 2255 4467 fieret
2286 4400 2380 4465 nisi⁴
2411 4411 2505 4467 esset

1029 4516 1169 4581 licitum.
1194 4517 1312 4600 Quare
1337 4528 1370 4582 et
1395 4526 1519 4581 cetera.

1120 4632 1333 4718 Respondeo
1358 4631 1544 4697 dicendum
1570 4633 1665 4716 quod
1689 4653 1752 4716 per
1769 4631 1923 4696 decimas
1940 4631 2163 4719 intelligimus
2188 4633 2282 4697 bona
2302 4632 2505 4718 temporalia

1030 4770 1119 4832 quae
1148 4749 1191 4813 de
1219 4747 1293 4813 iure
1320 4748 1492 4813 debentur
1516 4746 1680 4811 ministris
1708 4745 1888 4812 Ecclesiae
1905 4763 2047 4832 propter
2071 4747 2308 4813 ecclesiastica
2332 4747 2503 4813 beneficia

1030 4885 1119 4947 quae
1144 4863 1347 4940 ministrant,
1373 4862 1445 4927 sive
1469 4862 1538 4927 sint
1559 4863 1754 4928 secundum
1774 4863 1951 4946 quoddam
1977 4861 2134 4928 decimae
2158 4862 2232 4927 sive
2257 4861 2332 4928 alia.
2352 4863 2504 4927 Primum

1030 4979 1120 5045 enim
1155 4989 1208 5044 est
1240 4978 1394 5045 debitum
1422 4978 1495 5043 iure
1523 4976 1640 5042 divino
1665 4988 1699 5042 et
1727 4977 1883 5057 naturali,
1912 4977 2106 5043 secundum
2135 4999 2217 5044 vero
2247 4990 2298 5043 est
2327 4999 2502 5044 caeremo-

1029 5095 1130 5175 niale,
1155 5107 1189 5160 et
1212 5094 1247 5158 in
1273 5093 1445 5179 praesenti
1470 5103 1522 5158 est
1545 5094 1740 5158 secundum
1765 5092 1944 5158 Ecclesiae
1969 5093 2302 5159 determinationem.
2321 5093 2364 5158 Et
2380 5115 2502 5159 secun·

1029 5211 1111 5275 dum
1143 5212 1212 5275 hoc
1247 5208 1339 5276 circa
1375 5208 1528 5274 decimas
1568 5207 1791 5295 distinguitur
1825 5209 1919 5294 quod
1956 5221 2007 5274 est
2039 5209 2261 5274 considerare
2298 5209 2411 5294 ipsum
2450 5209 2503 5273 ius

1030 5324 1226 5411 accipiendi
1261 5334 1294 5390 et
1325 5323 1420 5410 ipsas
1452 5345 1508 5389 res
1547 5344 1637 5409 quae
1668 5323 1810 5389 nomine
1850 5323 2006 5389 decimae
2046 5324 2180 5389 dantur.
2217 5326 2273 5389 lus
2306 5323 2502 5410 accipiendi

1030 5441 1183 5508 decimas
1211 5439 1336 5506 dicitur
1363 5460 1442 5505 esse
1471 5438 1657 5524 spirituale,
1683 5449 1717 5505 et
1741 5439 1821 5505 ideo
1852 5438 1887 5503 in
1911 5439 2036 5504 laicum
2065 5439 2282 5519 noncadit3
2315 5441 2378 5506 sed
2405 5439 2503 5526 ipsae

1029 5579 1084 5623 res
1116 5557 1315 5642 corporales
1345 5565 1436 5635 sunt,
1467 5556 1548 5621 ideo
1581 5553 1617 5620 in
1654 5577 1740 5621 usus
1771 5553 1954 5621 cuiuslibet
1981 5567 2062 5620 sunt
2088 5554 2152 5621 et⁶
2186 5557 2313 5622 cadere
2344 5567 2502 5642 possunt.

1120 5852 1126 5882 ¹
1140 5849 1204 5904 sive
1217 5865 1271 5920 pro
1284 5847 1315 5902 P.
1336 5879 1369 5887 -
1389 5848 1399 5879 ¹
1413 5865 1469 5902 om.
1483 5847 1514 5902 P.
1535 5879 1566 5887 -
1587 5839 1728 5919 ⁸luppsla
1741 5847 1772 5913 P,
1791 5838 1885 5918 iuplsa
1899 5846 1931 5900 V.
1951 5878 1984 5886 -
2005 5850 2014 5878 ⁴
2028 5846 2052 5901 si
2065 5864 2124 5901 non
2137 5847 2168 5902 P.
2189 5879 2222 5886 —
2242 5847 2253 5878 ⁸
2266 5864 2322 5900 om.
2341 5846 2375 5899 V.

1118 6045 1157 6112 (1)
1175 6061 1200 6098 c.
1213 6045 1256 6098 25.
1269 6043 1304 6097 X.
1318 6042 1356 6096 de
1369 6041 1431 6096 iure
1444 6048 1517 6114 patr.
1531 6043 1582 6096 111.
1595 6044 1637 6097 38.
1651 6074 1685 6082 -
1699 6045 1739 6109 (2)
1755 6059 1779 6095 c.
1794 6040 1912 6108 XXVII,
1925 6044 1968 6094 30.
