6700 7992
878 2360 944 2416 cod.
957 2362 982 2414 V

761 2432 767 2448 ’
843 2432 893 2487 fol.
907 2437 959 2488 286
974 2434 1013 2486 va

1035 1402 1087 1454 270
1399 1399 1591 1455 MAGISTRI
1621 1400 1840 1455 GODEFlllDl
1870 1400 1922 1455 DE
1951 1401 2148 1458 FONTIBUS

1036 1580 1255 1668 archangelis
1280 1601 1369 1645 esse.
1387 1581 1510 1646 Nullus
1536 1580 1627 1646 enim
1653 1581 1786 1646 dubitat
1810 1581 1893 1665 quin
1922 1581 1987 1647 iste
2012 1584 2098 1647 ordo
2123 1584 2316 1648 secundum
2345 1605 2383 1648 se
2407 1605 2513 1671 gene-

1036 1697 1150 1762 raliter
1167 1709 1199 1763 et
1225 1698 1311 1763 utin
1336 1697 1492 1782 pluribus
1517 1698 1560 1762 sit
1584 1696 1666 1781 quid
1685 1699 1816 1761 bonum
1841 1710 1874 1762 ct
1896 1698 2165 1763 observandum.
2183 1698 2277 1786 Ergo
2302 1700 2512 1764 contrarium

1036 1815 1229 1880 secundum
1248 1836 1285 1878 se
1303 1825 1354 1879 est
1375 1814 1512 1892 malum,
1534 1813 1613 1896 quia
1635 1825 1954 1898 ‹piantumcumque
1972 1814 2100 1899 aliquid
2118 1814 2152 1879 in
2178 1836 2242 1879 sna
2266 1815 2513 1880 connnunitate

1035 1930 1108 1995 sive
1133 1929 1336 2015 regulariter
1360 1941 1393 1994 et
1418 1940 1453 1993 ut
1478 1929 1511 1993 in
1538 1929 1693 2014 pluribus
1719 1940 1771 1994 est
1796 1930 1872 2007 tale,
1899 1929 2022 1994 dicitur
2048 1932 2242 1996 secundum
2268 1951 2306 1996 se
2330 1953 2409 1996 esse
2435 1932 2511 1996 tale.

1036 2047 1139 2112 Unde
1156 2046 1273 2110 omnia
1297 2045 1485 2129 dequibus
1509 2057 1590 2109 sunt
1614 2044 1688 2109 iura
1705 2045 1903 2110 communia
1925 2048 2077 2110 humana
2102 2046 2174 2111 sive
2198 2048 2341 2134 regulae
2366 2058 2399 2112 et
2416 2068 2513 2132 prae·

1036 2174 1138 2248 cepta
1162 2162 1244 2227 iuris
1269 2174 1349 2226 sunt
1377 2161 1467 2241 talia,
1499 2161 1594 2245 quod
1625 2162 1819 2225 secundum
1852 2183 1889 2225 se
1920 2174 2000 2225 sunt
2033 2165 2182 2227 bonnet
2208 2162 2380 2227 contraria
2411 2164 2512 2243 mala,

1037 2292 1070 2344 ct
1105 2292 1221 2343 tamen
1260 2278 1293 2342 io
1331 2280 1399 2342 hoc
1431 2277 1522 2343 cadit
1556 2275 1782 2361 dispensatio.
1817 2278 1919 2343 Unde
1951 2277 2068 2343 subdit
2098 2280 2381 2361 Bernardus(l):
2418 2278 2512 2363 quid,

1038 2395 1161 2480 inquis,
1199 2417 1262 2480 pro
1294 2397 1298 2479 l
1330 2394 1424 2459 lobes
1452 2394 1679 2478 dispensare?
1710 2393 1800 2469 Non,
1826 2395 1887 2458 sed
1913 2393 2103 2479 dissipare,
2140 2394 2205 2459 nisi
2235 2394 2293 2458 ubi
2318 2395 2511 2460 necessitas

1036 2524 1145 2597 urget,
1171 2533 1213 2577 ex
1241 2532 1348 2576 causa
1372 2520 1424 2575 est
1441 2509 1655 2594 dispensatio
1680 2511 1735 2573 vel
1761 2509 1818 2573 uni
1843 2509 1970 2574 utilitas
1995 2522 2163 2595 provocat
2186 2533 2258 2576 non
2283 2511 2423 2596 propria
2447 2513 2509 2576 sed

1035 2627 1229 2694 communis
1253 2625 1446 2691 laudabilis.
1465 2625 1536 2690 Sed
1554 2625 1635 2709 quia
1660 2625 1743 2689 illud
1768 2636 1821 2690 est
1846 2627 1889 2690 de
1906 2626 1959 2689 liis
1983 2648 2074 2709 quae
2092 2638 2257 2710 (plantum
2283 2627 2327 2690 ad
2352 2626 2508 2711 regimen

1035 2744 1216 2810 Ecclesiae
1240 2754 1321 2807 sunt
1345 2741 1455 2823 magis
1471 2742 1664 2807 secundum
1683 2762 1721 2805 se
1739 2743 1832 2805 bona
1856 2751 1891 2807 et
1908 2763 1927 2805 a
1945 2741 2085 2806 Christo
2103 2743 2196 2807 dicto
2222 2743 2327 2806 modo
2344 2742 2510 2823 instituta,

1035 2860 1147 2946 magis
1171 2860 1275 2925 debet
1302 2880 1380 2923 esse
1406 2857 1552 2922 difficilis
1578 2870 1611 2922 et
1643 2878 1718 2921 rara
1747 2857 1973 2942 dispensatio,
1999 2858 2079 2942 <pria
2107 2858 2241 2924 fructus
2270 2859 2346 2924 talis
2372 2860 2511 2946 dispen-

1035 2976 1180 3041 sationis
1218 2998 1316 3040 rarus
1363 2973 1505 3038 ridetur.
1546 2973 1649 3038 Unde
1685 2973 1765 3038 dicit
1803 2974 1930 3038 ibidem
1950 2980 2017 3056 (2):
2059 2975 2141 3038 nolo
2180 2977 2390 3059 praetendas
2429 2976 2512 3041 mihi

1035 3094 1183 3157 fructum
1209 3088 1507 3175 emancipationis.
1534 3089 1657 3153 Nullus
1674 3103 1727 3153 est
1751 3087 1842 3153 enim
1870 3089 1935 3152 nisi
1952 3090 2046 3173 quod
2072 3090 2154 3154 mihi
2176 3090 2334 3176 episcopi
2362 3091 2513 3157 insolen-

1035 3209 1151 3287 tioreS,
1184 3205 1347 3272 monachi
1383 3205 1623 3269 dissolutiores
1656 3217 1747 3269 sunt.
1775 3205 1877 3269 Unde
1911 3205 2003 3269 sicut
2038 3205 2072 3270 in
2105 3207 2203 3271 caelo
2223 3228 2403 3291 nunquam
2427 3207 2514 3272 liunt

1035 3326 1121 3390 tales
1161 3322 1387 3408 exceptiones
1430 3321 1511 3405 quia
1549 3342 1689 3406 semper
1728 3320 1908 3386 inferiores
1947 3321 2196 3387 convenienter
2231 3344 2269 3387 se
2305 3324 2435 3388 habent
2468 3325 2513 3388 ad

1036 3439 1170 3505 medios
1198 3453 1231 3505 et
1259 3437 1363 3503 medii
1395 3437 1439 3501 ad
1464 3436 1673 3522 superiores,
1707 3436 1752 3501 ita
1776 3436 1940 3520 ‹pramdiu
1966 3437 2016 3502 sic
2044 3437 2191 3502 ordinati
2221 3437 2255 3503 io
2290 3438 2448 3504 Ecclesia
2472 3461 2511 3504 se

1035 3558 1166 3621 lrabeat
1197 3553 1456 3631 convenienter,
1489 3575 1560 3616 non
1593 3553 1699 3618 debet
1734 3552 1806 3617 sieri
1838 3552 1914 3616 talis
1939 3553 2098 3638 exceptio
2131 3564 2165 3618 et
2197 3565 2233 3618 ut
2261 3554 2514 3621 convenienter

1035 3694 1073 3737 se
1113 3674 1265 3736 habeant
1295 3671 1399 3734 debet
1430 3668 1560 3734 studeri
1601 3668 1717 3753 potius
1757 3690 1859 3752 (luam
1900 3670 2051 3734 debeant
2090 3669 2201 3733 eximi.
2239 3672 2374 3735 Bonum
2408 3671 2511 3736 etiam

1035 3788 1228 3854 secundum
1254 3807 1292 3851 se
1317 3796 1369 3851 est
1400 3785 1481 3869 quia
1505 3785 1572 3849 hoc
1596 3784 1736 3869 requirit
1760 3785 1847 3849 ordo
1879 3784 2138 3850 ecclesiasticae
2169 3785 2385 3851 hierarchiae
2417 3788 2512 3871 quod

1034 3924 1207 3990 personae
1239 3900 1497 3967 ecclesiasticae
1533 3911 1613 3965 sunt
1645 3899 1829 3965 distinctae
1854 3911 1887 3965 et
1911 3900 2162 3966 convenienter
2186 3901 2443 3987 multiplicatae.
2470 3903 2513 3967 Et

1035 4020 1080 4083 ad
1113 4021 1183 4083 lroc
1218 4017 1407 4082 constituta
1442 4027 1521 4081 sunt
1558 4016 1696 4080 diversa
1732 4027 1765 4079 et
1801 4015 1962 4080 distincta
2001 4016 2172 4081 beneficia
2213 4029 2249 4082 ut
2285 4017 2443 4083 diversae
2479 4031 2512 4083 et

1035 4135 1219 4200 distinctae
1255 4154 1426 4218 personae
1452 4132 1485 4196 in
1518 4131 1663 4196 diversis
1693 4131 1778 4195 locis
1808 4133 1885 4195 Deo
1914 4132 2076 4211 serviant,
2110 4146 2143 4197 et
2171 4134 2322 4199 ollieium
2351 4135 2513 4200 ecclesia-

1036 4251 1159 4315 sticum
1184 4250 1227 4313 ad
1250 4253 1419 4314 honorem
1440 4247 1505 4312 Dei
1523 4259 1556 4312 et
1574 4247 1751 4312 utilitatem
1778 4247 1956 4312 Ecclesiae
1981 4253 2245 4333 cx‹···reeant[url,
2266 4263 2299 4315 et
2324 4253 2417 4335 (prod
2445 4274 2513 4316 una

1035 4387 1185 4452 persona
1203 4364 1347 4430 diversis
1364 4364 1544 4429 beneficiis
1558 4374 1591 4428 et
1605 4363 1763 4428 eeclesiis
1781 4385 1851 4427 non
1870 4365 2064 4447 inputetur.
2084 4365 2287 4448 Gregorius,
2306 4369 2512 4451 arroensium

1034 4505 1129 4548 nona
1154 4481 1385 4560 distinctione,
1418 4480 1652 4565 capitulo(.'l):
1687 4479 1824 4564 singula
1859 4480 2086 4544 ecclesiastici
2114 4480 2197 4545 iuris
2229 4483 2342 4547 ollieia
2366 4484 2512 4566 singulis

1035 4598 1313 4683 quibuscumque
1338 4595 1498 4683 personis
1523 4595 1720 4679 singillatim
1746 4595 1907 4659 connecti
1933 4595 2101 4660 iubemus.
2128 4597 2227 4662 Sicut
2255 4599 2345 4663 enim
2379 4598 2411 4662 in
2441 4621 2512 4663 uno

1035 4735 1181 4800 corpore
1206 4713 1312 4777 multa
1329 4713 1483 4778 membra
1501 4714 1681 4787 habemus,
1700 4710 1816 4774 omnia
1835 4723 1948 4775 autem
1968 4713 2121 4777 membra
2140 4735 2210 4777 non
2229 4715 2378 4778 eundem
2397 4727 2511 4780 actum

1034 4832 1174 4909 liabent,
1200 4828 1246 4893 ita
1271 4828 1304 4892 in
1329 4828 1508 4893 Ecclesiae
1533 4848 1680 4912 corpore
1709 4826 1961 4890 conferendum
1993 4839 2046 4891 est
2081 4829 2149 4892 lroc
2182 4828 2331 4893 otlicium
2362 4829 2431 4909 uni,
2457 4829 2512 4894 alii

1034 4958 1148 5010 autem
1173 4933 1232 5011 est
1251 4943 1534 5008 committendum
1557 4943 1654 5019 illini,
1680 4963 1794 5025 neque
1813 4942 1871 5005 uni
1897 4964 2068 5026 personae
2093 4944 2237 5008 duarum
2263 4966 2376 5013 rerum
2396 4945 2513 5010 officia

1033 5061 1281 5126 committenda
1305 5071 1395 5125 sunt.
1433 5059 1530 5124 Sicut
1555 5058 1646 5123 enim
1669 5058 1818 5122 varietas
1854 5060 2084 5123 membrorum
2119 5082 2180 5144 per
2223 5060 2360 5125 diversa
2396 5062 2512 5127 otlicia

1034 5189 1066 5243 et
1102 5179 1208 5242 robur
1242 5175 1399 5262 corporis
1436 5187 1548 5239 servat
1584 5185 1617 5239 et
1654 5173 1945 5258 pulclrritmlinenr
1987 5188 2236 5258 repraesentat,
2277 5176 2323 5241 ita
2364 5177 2512 5242 varietas

1034 5315 1259 5379 personarum
1296 5315 1357 5377 per
1380 5291 1516 5355 diversa
1541 5289 1658 5354 officia
1686 5289 1867 5353 distributa
1899 5301 1932 5353 et
1969 5291 2204 5355 l'ortitmlinem
2230 5304 2263 5355 et
2291 5304 2508 5357 venustatem

1034 5419 1176 5475 sanctae
1201 5407 1381 5474 Ecclesiae
1406 5407 1471 5471 Dei
1493 5405 1714 5470 'manifestat
1735 5405 1778 5469 Et
1813 5405 1903 5470 sicut
1933 5405 2135 5471 indecorum
2160 5419 2213 5471 cst
2238 5419 2273 5472 ut
2298 5408 2332 5472 ia
2365 5429 2512 5495 corpore

1123 5724 1161 5786 (1)
1178 5718 1237 5773 Csr.
1251 5736 1279 5789 p.
1294 5721 1354 5783 2159,
1367 5735 1394 5771 n.
1409 5721 1457 5784 (l).
1473 5749 1504 5756 -
1519 5720 1558 5783 (2)
1580 5716 1654 5769 Ilrid.
1669 5734 1693 5769 c.
1706 5720 1732 5782 t,
1746 5735 1773 5770 n.
1789 5720 1821 5770 lo
1836 5716 1902 5777 (col.
1917 5718 1980 5781 707)
1995 5735 2000 5768 :
2017 5716 2120 5769 «Nolo
2135 5725 2230 5770 autem
2251 5717 2429 5789 praetendas
2442 5717 2512 5771 mihi

1034 5807 1159 5861 fructum
1181 5806 1424 5877 emancipationis
1444 5804 1543 5876 ipsius.
1564 5804 1667 5857 Nullus
1688 5814 1732 5857 est
1758 5804 1843 5869 enim,
1866 5804 1920 5856 nisi
1950 5803 2029 5874 quod
2053 5803 2121 5857 inde
2144 5805 2276 5875 episcopi
2299 5805 2513 5872 insolentioreS,

1033 5894 1168 5949 rnonaclri
1182 5893 1269 5948 etiam
1285 5893 1489 5948 dissolutiores
1508 5892 1613 5946 liunt.»
1637 5923 1668 5930 —
1691 5896 1729 5959 (a)
1751 5910 1775 5945 c.
1798 5896 1820 5945 1.
1841 5892 1875 5945 D.
1896 5892 2052 5944 LXXXIX.
