6700 7992
941 3086 1006 3140 cod.
1022 3087 1043 3138 l‘

912 3157 962 3210 fol.
975 3160 1025 3210 1523
1040 3157 1077 3208 li¹

1097 1490 1150 1542 308
1462 1486 1654 1542 MAGISTRI
1684 1486 1904 1542 GODEFRIDI
1932 1488 1985 1542 DE
2013 1486 2212 1543 FONTIBUS

1097 1674 1128 1720 et
1146 1684 1199 1738 per
1225 1682 1411 1736 consequens
1436 1664 1617 1737 generabilia
1644 1671 1673 1718 et
1698 1664 1907 1735 corruptibilia.
1935 1664 1995 1718 Sed
2022 1664 2118 1735 angeli
2141 1682 2200 1719 non
2222 1672 2290 1718 sunt
2316 1665 2398 1718 tales.
2419 1664 2498 1736 Ergo
2517 1683 2576 1719 non

1097 1764 1315 1819 communicant
1346 1763 1374 1816 in
1405 1762 1536 1817 materia.
1569 1762 1629 1816 Sed
1660 1763 1685 1815 si
1717 1763 1859 1817 haberent
1890 1762 2051 1827 materiam,
2084 1763 2333 1817 communicarent
2358 1763 2363 1831 1
2389 1761 2477 1816 etiam
2510 1780 2575 1817 cum

1097 1862 1301 1933 corporalibus
1330 1861 1357 1914 in
1383 1860 1506 1914 materia
1531 1860 1619 1914 etiam
1646 1860 1777 1913 eiusdem
1804 1859 1934 1913 rationis.
1956 1860 2033 1929 Ergo
2053 1868 2082 1913 et
2101 1868 2208 1913 cetera.
2229 1859 2318 1929 Quod
2343 1868 2440 1914 autem
2469 1860 2576 1931 angeli,

1097 1960 1121 2014 si
1147 1960 1288 2013 baberent
1315 1960 1478 2025 materiam,
1503 1966 1615 2029 partem
1646 1956 1691 2011 sui
1723 1958 1995 2011 communicarent¹
2029 1975 2095 2011 curn
2124 1957 2189 2011 aliis
2217 1957 2393 2011 habentibus
2424 1957 2576 2012 materiam

1098 2074 1173 2128 quae
1205 2058 1242 2110 sit
1273 2074 1341 2127 pars
1373 2055 1556 2110 substantiae
1587 2055 1629 2109 rei
1659 2056 1687 2108 in
1720 2054 1841 2108 materia
1873 2054 2004 2109 eiusdem
2036 2055 2166 2121 rationis,
2198 2063 2281 2126 patet
2309 2055 2360 2109 sie.
2380 2056 2466 2126 Quia,
2494 2057 2518 2109 si
2548 2057 2577 2110 in

1097 2155 1273 2208 habentibus
1286 2154 1438 2207 materiam
1462 2172 1520 2207 non
1540 2153 1577 2207 sit
1594 2152 1715 2207 materia
1736 2153 1868 2206 eiusdem
1888 2154 2018 2215 rationis
2031 2153 2172 2206 materiae
2193 2153 2278 2207 ineis
2297 2162 2347 2206 aut
2360 2153 2578 2224 distinguuntur

1097 2270 1129 2307 se
1150 2253 1230 2323 ipsis,
1257 2261 1305 2305 aut
1330 2269 1383 2323 per
1409 2259 1562 2322 respectus
1591 2252 1628 2304 ad
1655 2251 1789 2316 diversas
1814 2250 1932 2305 formas.
1954 2251 2051 2304 Primo
2080 2251 2169 2304 modo
2199 2269 2256 2304 non
2283 2259 2381 2322 potest
2409 2268 2483 2317 esse,
2509 2251 2577 2322 quia

1097 2351 1192 2406 omnis
1219 2350 1367 2403 distinctio
1384 2358 1429 2403 est
1454 2368 1507 2420 per
1534 2349 1661 2419 aliquem
1689 2357 1796 2413 actum,
1823 2349 1861 2402 ita
1888 2349 1966 2419 quod
1992 2343 2141 2403 distinctio
2158 2348 2324 2402 essentialis
2343 2357 2389 2403 est
2408 2366 2460 2420 per
2480 2357 2577 2402 actum

1098 2447 1285 2501 essentialem
1310 2454 1339 2499 et
1365 2444 1515 2498 distinctio
1542 2444 1734 2498 accidentalis
1761 2462 1814 2515 per
1836 2454 1933 2498 actum
1959 2445 2181 2498 accidentalem.
2205 2444 2265 2498 Sed
2288 2445 2408 2498 materia
2431 2445 2469 2498 de
2492 2446 2578 2517 qua¹

1098 2562 1174 2599 nunc
1193 2544 1346 2615 loquimur,
1366 2561 1425 2597 non
1446 2543 1516 2597 dicit
1537 2542 1662 2612 aliquem
1684 2551 1789 2603 actum,
1809 2542 1862 2595 sed
1891 2560 1993 2613 puram
2019 2543 2190 2612 potentiam.
2221 2544 2297 2613 Ergo
2324 2551 2354 2597 et
2380 2552 2486 2598 cetera.
2514 2544 2577 2597 Nec

1098 2643 1185 2697 etiarn
1216 2650 1313 2712 potest
1339 2659 1404 2695 esse
1431 2641 1497 2694 talis
1523 2639 1672 2693 distinctio
1702 2659 1755 2711 per
1783 2649 1938 2712 respectus
1951 2642 1970 2706 ¹,
1998 2639 2102 2711 primo,
2131 2640 2199 2711 quia
2228 2658 2293 2694 cum
2324 2641 2398 2694 tales
2426 2649 2578 2713 respectus

1098 2742 1168 2795 nihil
1189 2740 1297 2793 addant
1320 2757 1409 2810 super
1431 2737 1588 2792 essentiam
1616 2738 1755 2792 materiae
1782 2747 1810 2791 et
1834 2738 1890 2791 sint
1914 2739 2093 2808 posteriores
2107 2756 2151 2805 ea,
2171 2756 2228 2792 non
2252 2747 2389 2809 poterunt
2409 2756 2475 2792 esse
2489 2756 2578 2793 causa

1099 2837 1295 2893 distinctionis
1321 2837 1461 2890 materiae
1486 2854 1540 2907 per
1566 2835 1742 2902 essentiam3
1769 2836 1908 2902 secundo,
1932 2836 1999 2906 quia
2023 2836 2047 2889 si
2071 2835 2178 2890 diuersi
2205 2845 2358 2907 respectus
2382 2837 2420 2889 ad
2446 2837 2578 2891 diversas

1099 2935 1209 2990 formas
1236 2952 1344 3005 genere
1370 2934 1502 2987 lacerent
1528 2933 1660 2986 diversas
1686 2933 1824 2987 materias
1849 2952 1967 3003 genere,
1993 2934 2033 2987 ita
2062 2933 2172 2987 diversi
2203 2942 2357 3005 respectus
2383 2934 2420 2987 ad
2446 2933 2579 2988 diversas

1100 3033 1210 3088 formas
1234 3033 1358 3104 speeie¹
1377 3031 1511 3085 lacient⁵
1530 3031 1662 3084 diversas
1689 3031 1851 3084 materias¹
1876 3031 1986 3103 specie,
2008 3031 2214 3103 quodfalsum
2241 3040 2293 3085 est.
2314 3032 2392 3101 Ergo
2422 3040 2451 3085 et
2470 3040 2577 3086 cetera.

1100 3133 1173 3186 Item
1194 3132 1291 3197 etiarn,
1316 3130 1341 3184 si
1367 3131 1488 3184 materia
1515 3137 1559 3183 est
1584 3130 1613 3183 in
1639 3129 1762 3199 angelis,
1782 3129 1885 3182 saltem
1906 3129 2027 3182 materia
2047 3146 2123 3199 quae
2143 3137 2187 3183 est
2213 3132 2241 3183 in
2266 3129 2402 3183 omnibus
2422 3129 2535 3198 angelis
2560 3132 2563 3197 Ι

1101 3230 1154 3283 erit
1177 3229 1309 3283 eiusdem
1339 3230 1477 3295 rationis;
1507 3237 1535 3282 et
1558 3246 1623 3282 cum
1647 3226 1737 3297 aliqui
1760 3228 1857 3298 angeli
1887 3227 2024 3280 differant
2052 3228 2089 3280 ab
2115 3227 2241 3281 invicem
2267 3228 2376 3298 specie,
2401 3224 2475 3282 tales
2495 3235 2578 3281 erunt

1101 3328 1138 3381 ad
1161 3329 1287 3382 invicem
1310 3326 1556 3380 transmutabiles
1580 3358 1613 3364 —
1636 3325 1668 3378 Si
1694 3325 1808 3378 dicatur
1831 3325 1868 3378 ad
1891 3326 1947 3378 hoc
1967 3325 2046 3395 quod
2066 3326 2138 3379 haec
2161 3325 2236 3379 ratio
2256 3344 2315 3379 non
2334 3325 2491 3392 concludit,
2511 3325 2579 3397 quia

1100 3433 1227 3505 ponetur
1250 3425 1329 3496 quod
1353 3424 1447 3477 forma
1470 3425 1548 3477 erit¹
1574 3425 1613 3477 ita
1639 3423 1746 3476 nobilis
1769 3423 1848 3493 quod
1871 3423 2031 3477 terminet⁸
2055 3431 2148 3477 totum
2169 3424 2331 3495 appetitum
2351 3424 2501 3490 materiae,
2519 3441 2579 3477 non

1101 3524 1188 3578 valet.
1209 3523 1286 3593 Quia
1312 3523 1349 3575 de
1375 3522 1488 3575 ratione
1509 3539 1599 3593 purae
1619 3522 1771 3589 potentiae
1797 3529 1842 3574 est
1867 3522 1976 3574 habere
2004 3521 2166 3592 appetitum
2193 3521 2230 3575 ad
2256 3539 2372 3576 omnem
2399 3521 2522 3575 formam
2550 3530 2580 3575 et

1101 3637 1159 3673 non
1180 3619 1216 3672 ad
1243 3636 1329 3672 unam
1357 3618 1598 3682 determinatam
1631 3626 1660 3670 et
1686 3616 1754 3669 dum
1774 3623 1818 3669 est
1845 3614 1970 3669 formata
1995 3635 2052 3669 una
2077 3616 2191 3670 illarum
2218 3624 2486 3687 quantumcumque
2512 3618 2581 3670 est⁹

1101 3717 1242 3789 perfecta,
1271 3723 1315 3769 est
1333 3717 1353 3747 ¹⁰
1378 3716 1471 3786 turpis
1496 3724 1526 3768 et
1553 3714 1686 3768 informis
1711 3723 1850 3784 quantum
1879 3714 1916 3767 ad
1936 3714 2031 3768 aliam.
2057 3715 2144 3770 Unde
2166 3732 2278 3786 ponere
2300 3714 2424 3786 inpura
2446 3715 2580 3786 potentia

1102 3814 1264 3886 appetitum
1296 3814 1426 3867 totaliter
1462 3812 1647 3866 terminatum
1686 3829 1738 3882 per
1770 3830 1855 3865 unam
1893 3810 2017 3866 formam
2049 3811 2111 3865 sive
2149 3820 2270 3884 propter
2307 3812 2580 3866 determinationem

1102 3911 1242 3967 materiae
1262 3911 1299 3964 ad
1319 3911 1544 3964 determinatam
1564 3909 1688 3963 formam
1711 3909 1774 3964 sive
1790 3913 1810 3942 ¹¹
1833 3918 1954 3982 propter
1976 3910 2160 3965 nobilitatem
2188 3918 2218 3964 et
2240 3910 2445 3964 excellentiam
2465 3909 2580 3964 virtutis

1101 4010 1224 4076 formae,
1244 4016 1289 4063 est
1308 4008 1516 4062 irrationabile.

1190 4107 1327 4162 Secunda
1358 4106 1433 4160 ratio
1466 4105 1636 4177 principalis
1667 4106 1735 4159 talis
1766 4115 1819 4160 est.
1848 4105 1947 4159 Virtus
1978 4105 2061 4160 cuius
2092 4105 2227 4177 operatio
2255 4115 2301 4160 est
2329 4105 2493 4180 intelligere
2521 4123 2581 4159 non

1101 4214 1200 4278 potest
1228 4222 1294 4259 esse
1322 4206 1460 4259 immersa
1488 4203 1628 4257 materiae
1657 4221 1734 4275 quae
1760 4212 1805 4257 est
1831 4203 1964 4275 potentia
1990 4221 2071 4275 pura.
2095 4203 2239 4275 Operatio
2266 4203 2342 4257 enim
2370 4212 2429 4257 tarn
2456 4203 2581 4258 actualis

1102 4322 1159 4358 non
1189 4312 1287 4375 potest
1316 4302 1484 4374 dependere
1508 4320 1525 4355 a
1550 4302 1682 4373 potentia
1711 4318 1787 4372 quae
1816 4310 1860 4354 est
1888 4301 2021 4372 potentia
2050 4319 2122 4373 pura
2150 4301 2330 4373 simpliciter,
2359 4301 2427 4372 quia
2455 4301 2479 4356 si
2508 4317 2582 4373 pura

1102 4401 1235 4472 potentia
1251 4402 1271 4433 ¹¹
1290 4418 1348 4454 non
1367 4407 1468 4471 potest
1487 4417 1540 4470 per
1559 4417 1591 4453 se
1611 4417 1677 4453 esse
1694 4400 1714 4431 ¹¹
1733 4399 1925 4470 intelligibilis
1947 4400 1984 4452 ab
2007 4398 2158 4454 intellectu
2178 4398 2227 4470 qui
2246 4406 2380 4453 movetur
2399 4417 2417 4452 a
2435 4399 2524 4453 rebus
2544 4398 2582 4452 ad

1102 4499 1334 4570 intelligendum,
1363 4498 1455 4551 multo
1484 4497 1579 4551 minus
1607 4497 1679 4550 illud
1695 4499 1715 4529 ¹¹
1743 4497 1780 4550 de
1810 4496 1892 4551 cuius
1921 4496 2035 4550 ratione
2063 4506 2108 4551 est
2136 4497 2204 4551 talis
2232 4497 2363 4565 materia,
2385 4504 2484 4569 potest
2514 4513 2582 4551 esse

1102 4595 1269 4651 intellectus
1288 4596 1335 4649 vel
1355 4596 1447 4649 virtus
1466 4595 1682 4649 intellectualis.
1708 4595 1801 4648 Actus
1826 4595 1903 4648 enim
1925 4594 2041 4648 virtutis
2063 4594 2258 4666 dependentis
2278 4612 2295 4648 a
2314 4596 2364 4649 tali
2384 4593 2518 4666 potentia
2536 4600 2582 4648 est

1103 4695 1189 4748 nimis
1208 4693 1378 4765 potentialis
1404 4700 1434 4747 et
1461 4693 1603 4747 deficiens
1629 4693 1666 4746 ab
1693 4692 1863 4746 actualitate
1886 4701 1970 4746 actus
1992 4692 2184 4763 intelligendi.
2204 4692 2264 4746 Sed
2283 4692 2307 4746 si
2327 4693 2356 4746 in
2376 4692 2483 4762 angelo
2502 4699 2583 4746 esset

1103 4792 1225 4846 materia
1252 4809 1327 4863 quae
1357 4798 1402 4845 est
1430 4808 1503 4862 pura
1531 4789 1672 4861 potentia,
1702 4790 1795 4844 virtus
1823 4789 2002 4844 intellectiva
2030 4791 2127 4862 angeli
2160 4798 2237 4845 esset
2266 4790 2438 4861 dependens
2468 4790 2506 4844 ab
2538 4807 2583 4856 ea,

1104 4889 1171 4962 quia
1191 4888 1285 4943 forma
1304 4889 1402 4961 angeli
1424 4906 1483 4942 non
1506 4887 1625 4960 ponitur
1643 4887 1819 4958 separabilis
1839 4905 1856 4941 a
1874 4888 1925 4941 tali
1945 4887 2066 4942 materia
2090 4888 2166 4943 sicut
2188 4887 2285 4942 anima
2306 4887 2479 4960 separabilis
2499 4895 2544 4942 est
2566 4904 2583 4940 a

1103 4987 1226 5042 materia
1251 4986 1407 5058 corporali.
1432 4987 1511 5057 Ergo
1537 4985 1568 5039 in
1593 4985 1706 5056 angelis
1731 5003 1790 5039 non
1815 4994 1860 5040 est
1885 4985 2007 5040 materia
2030 5003 2105 5057 quae
2128 4985 2167 5040 sit
2188 4986 2352 5040 subiectum
2377 4985 2491 5040 formae
2516 4984 2583 5039 sub·

1103 5084 1256 5139 stantialis
1276 5085 1312 5138 Et
1331 5085 1388 5138 hoc
1409 5083 1470 5138 vult
1492 5084 1598 5137 beatus
1622 5081 1782 5153 Dionysius
1808 5092 1912 5155 quarto
1928 5084 1949 5114 ¹¹
1974 5082 2011 5136 de
2036 5082 2151 5137 Divinis
2175 5083 2351 5137 Nominibus
2362 5086 2411 5151 (l),
2436 5083 2487 5136 ubi
2512 5081 2584 5137 dicit

1104 5182 1227 5253 angelos
1255 5199 1322 5236 esse
1346 5181 1548 5253 incorporales
1575 5189 1605 5235 et
1630 5179 1838 5235 immateriales
1860 5197 1972 5235 omnes
2001 5181 2038 5235 Et
2063 5180 2285 5236 Commentator
2299 5184 2339 5248 (2)
2365 5181 2428 5235 vult
2453 5179 2533 5252 quod
2554 5179 2584 5234 in

1104 5279 1160 5334 illis
1179 5278 1218 5334 sit
1245 5281 1250 5350 l
1278 5278 1401 5333 materia
1420 5279 1463 5334 sic
1483 5278 1563 5334 dicta
1582 5279 1610 5332 in
1631 5277 1738 5349 quibus
1757 5284 1803 5332 est
1821 5278 1946 5333 mutatio
1965 5279 2126 5342 secundum
2146 5278 2349 5333 substantiam.

1195 5593 1272 5644 ¹om.
1293 5590 1324 5644 P.
1338 5620 1372 5629 -
1386 5589 1523 5644 ¹ratione
1541 5589 1611 5643 add.
1631 5593 1659 5644 et
1677 5589 1732 5643 del.
1752 5589 1785 5644 C.
1799 5621 1832 5629 --
1852 5589 1915 5643 ¹ad
1934 5588 2066 5643 diversas
2085 5588 2196 5643 formas
2214 5588 2283 5642 add.
2297 5588 2331 5643 C.
2350 5618 2384 5627 —
2404 5588 2484 5641 ⁴litt.
2505 5587 2586 5642 ulta

1104 5678 1138 5731 in
1156 5677 1274 5749 species
1292 5681 1419 5749 expunx.
1443 5677 1477 5732 C.
1496 5708 1530 5717 -
1551 5678 1562 5708 ¹
1580 5676 1713 5732 facerent
1733 5677 1766 5732 C.
1786 5708 1819 5717 —
1839 5678 1851 5707 ⁸
1869 5675 1980 5730 formas
2000 5675 2034 5730 C.
2054 5707 2087 5716 —
2108 5678 2118 5709 ¹
2136 5683 2182 5730 est
2202 5675 2235 5731 C.
2254 5707 2288 5716 -
2313 5676 2324 5707 ¹
2341 5674 2479 5730 terminat
2498 5674 2531 5730 C.
2550 5704 2585 5715 -

1104 5765 1165 5821 ¹sit
1180 5765 1213 5821 C.
1226 5795 1260 5804 -
1275 5766 1297 5796 ¹⁰
1309 5771 1339 5818 et
1352 5764 1388 5833 S;
1400 5764 1455 5819 del.
1468 5768 1497 5818 et
1510 5772 1556 5819 est
1567 5781 1644 5818 corr.
1664 5776 1700 5817 2⁰
1719 5781 1758 5818 m.
1773 5763 1812 5831 S;
1825 5770 1924 5818 tamen
1937 5763 2007 5818 add.
2021 5763 2054 5818 C.
2069 5793 2103 5804 —-
2119 5766 2139 5796 ¹¹
2154 5779 2207 5817 seu
2221 5762 2255 5818 C.
2269 5794 2302 5802 —
2318 5764 2339 5796 ¹¹
2351 5778 2425 5835 pura
2441 5761 2585 5835 potentia]

1105 5852 1237 5924 potentia
1250 5868 1323 5924 pura
1338 5852 1371 5907 C.
1385 5883 1419 5892 -
1435 5852 1456 5885 ¹¹
1468 5869 1523 5924 per
1536 5882 1569 5891 -
1583 5853 1660 5920 esse]
1675 5868 1743 5906 esse
1756 5868 1810 5923 per
1821 5869 1854 5907 se
1869 5850 1901 5907 C.
1916 5882 1950 5890 -
1965 5852 1985 5883 ¹¹
1998 5849 2029 5905 id
2043 5849 2076 5906 C.
2089 5883 2123 5890 -
2138 5852 2160 5883 ¹¹
2171 5848 2301 5922 capitulo
2314 5850 2383 5904 add.
2398 5849 2431 5905 C.

1195 6086 1235 6152 (1)
1256 6081 1316 6139 cfr.
1335 6100 1364 6155 p.
1385 6085 1446 6151 185,
1464 6099 1492 6138 n.
1512 6084 1561 6151 (l).
1580 6112 1614 6123 -
1635 6086 1674 6151 (2)
1696 6081 1756 6138 cfr.
1775 6081 1856 6151 abad,
1875 6099 1902 6137 n.
1922 6085 1972 6151 (2).
