6700 7992
1102 1430 1152 1481 rsa
1465 1428 1656 1484 unotsam
1686 1429 1905 1483 conssrant
1935 1427 1986 1483 ns
2015 1414 2213 1486 sommus

1188 1609 1413 1691 Quaestionis
1438 1608 1535 1678 istius
1560 1609 1691 1696 primae
1708 1610 1835 1676 solutio
1860 1611 2036 1694 dependet
2060 1632 2102 1675 ex
2128 1609 2331 1693 cognitione
2363 1609 2576 1676 habitudinis

1099 1746 1178 1790 esse
1203 1727 1245 1791 ad
1272 1729 1468 1794 essentiam.
1497 1727 1533 1793 Si
1558 1726 1651 1792 enim
1676 1727 1792 1811 aliquo
1821 1727 1927 1791 rrrodo
1953 1726 2127 1806 differunt,
2153 1737 2273 1810 posset
2298 1726 2445 1791 dubitari
2463 1738 2575 1792 utrum

1099 1853 1256 1907 creatura
1280 1865 1351 1910 non
1376 1844 1529 1910 existens
1555 1853 1676 1927 posset
1703 1843 1771 1908 dici
1799 1864 1861 1907 ens
1887 1863 2006 1907 verum
2030 1841 2163 1906 ratione
2188 1841 2372 1907 essentiae.
2398 1841 2434 1908 Si
2460 1854 2574 1908 autern

1098 1959 1193 2023 nullo
1211 1960 1317 2023 modo
1335 1959 1506 2038 differunt,
1534 1981 1603 2022 non
1630 1970 1723 2023 esset
1747 1960 1817 2023 lroc
1842 1957 2081 2036 dubitandum,
2099 1958 2162 2022 sed
2183 1979 2247 2043 pro
2265 1973 2360 2023 certo
2385 1959 2575 2024 tenendum

1099 2074 1193 2157 quod
1232 2086 1390 2140 creatura
1431 2096 1503 2138 non
1544 2073 1697 2139 existens
1735 2074 1894 2138 ratione¹
1935 2073 2108 2138 essentiae
2156 2096 2226 2138 non
2267 2085 2369 2139 esset.
2406 2074 2575 2140 Conside-

1097 2189 1243 2253 randum
1277 2211 1363 2277 ergo
1395 2190 1507 2276 primo
1546 2191 1725 2274 quomodo
1766 2212 1804 2254 se
1844 2191 1949 2254 habet
1989 2211 2067 2254 esse
2107 2190 2151 2253 ad
2187 2188 2375 2254 essentiam
2408 2201 2573 2274 quantum

1097 2305 1141 2369 ad
1168 2304 1381 2371 identitatem
1406 2307 1459 2371 vel
1486 2305 1730 2371 diversitatem.
1756 2305 1807 2369 Ex
1831 2307 1899 2369 hoc
1924 2304 2014 2369 enim
2041 2304 2172 2389 patebit
2197 2304 2376 2370 intentum.

1187 2421 1290 2486 Circa
1326 2422 1395 2487 hoc
1429 2434 1544 2487 autem
1573 2421 1710 2486 videtur
1737 2420 1909 2504 alirpribns
1938 2421 2033 2504 qnod
2066 2431 2204 2506 oportet
2232 2420 2348 2486 dicere
2373 2422 2468 2506 quod
2496 2442 2575 2486 esse

1097 2536 1301 2602 existentiae
1328 2548 1381 2602 est
1409 2537 1538 2622 aliquid
1567 2537 1730 2602 differens
1759 2536 1894 2601 realiter
1930 2538 1974 2601 ab
2007 2535 2160 2601 essentia
2187 2536 2260 2601 sive
2288 2536 2391 2602 etiam
2423 2539 2467 2601 ab
2496 2558 2574 2603 esse

1098 2652 1281 2730 essentiae,
1311 2665 1344 2718 et
1375 2652 1458 2718 est²
1482 2652 1663 2718 actualitas
1692 2652 1801 2737 ipsius
1828 2652 2012 2723 essentiae,
2042 2651 2131 2717 sicut
2159 2653 2270 2717 forma
2306 2663 2359 2718 est
2392 2651 2572 2718 actualitas

1097 2767 1270 2834 materiae.
1300 2769 1398 2834 Sicut
1426 2768 1517 2834 enim
1545 2768 1689 2856 materia
1717 2769 1760 2832 de
1793 2790 1831 2834 se
1862 2780 1914 2832 est
1948 2768 1981 2832 in
2010 2767 2192 2853 potentia³
2218 2769 2262 2832 ad
2292 2769 2437 2832 formam
2465 2780 2499 2833 et
2529 2770 2574 2833 ad

1096 2882 1325 2968 privationem
1363 2884 1448 2960 eius,
1477 2884 1527 2950 sic
1556 2883 1707 2949 essentia
1736 2894 1903 2967 quantum
1940 2894 1991 2948 est
2028 2884 2072 2948 de
2106 2905 2144 2948 se
2182 2897 2234 2948 est
2267 2883 2302 2947 in
2340 2883 2497 2968 potentia
2528 2885 2574 2948 ad

1097 3021 1175 3064 esse
1204 3010 1237 3064 et
1265 3001 1308 3064 ad
1337 2999 1567 3085 privationem
1597 3001 1681 3064 eius,
1712 3000 1799 3064 Cum
1829 2999 1919 3063 enim
1953 2999 2106 3064 essentia
2141 3011 2320 3064 creaturae
2345 3010 2465 3084 posset
2495 3021 2574 3065 esse

1096 3127 1130 3180 et
1161 3137 1232 3180 non
1269 3137 1357 3195 esse,
1387 3136 1453 3181 nec
1486 3117 1529 3181 de
1572 3115 1748 3181 intellectu
1781 3115 1856 3180 eius
1892 3127 1945 3180 est
1978 3136 2056 3180 esse
2096 3116 2150 3180 vel
2186 3137 2257 3180 non
2282 3136 2361 3181 esse
2394 3118 2486 3197 (nam
2519 3115 2574 3180 si⁴

1097 3232 1141 3296 de
1168 3231 1343 3297 intellectu
1377 3243 1411 3297 et
1441 3231 1574 3296 ratione
1603 3231 1677 3297 eius
1705 3242 1799 3296 esset
1827 3252 1915 3309 esse,
1948 3252 2019 3295 non
2055 3243 2175 3316 posset
2206 3252 2278 3296 non
2308 3253 2387 3297 esse
2415 3242 2448 3296 et
2481 3243 2573 3297 esset

1096 3347 1272 3431 quoddam
1292 3346 1303 3381 ⁶
1327 3368 1473 3412 necesse
1508 3346 1614 3412 essel
1641 3347 1735 3432 quod
1765 3346 1929 3412 convenit
1955 3347 2022 3415 soli
2049 3348 2150 3425 De0;
2181 3347 2210 3410 si
2237 3359 2352 3413 autem
2381 3346 2574 3414 includeret

1095 3484 1167 3528 non
1194 3484 1272 3528 esse
1301 3464 1395 3527 nullo
1424 3475 1551 3550 agente
1576 3473 1698 3548 posset
1722 3467 1825 3545 esse),
1861 3484 1945 3550 ergo
1975 3462 2128 3528 essentia
2156 3475 2337 3528 creaturae
2373 3462 2574 3551 intelligitur

1094 3589 1132 3644 ut
1159 3579 1336 3663 quoddam
1360 3578 1527 3664 possibile
1551 3600 1640 3657 esse,
1670 3578 1744 3643 sive
1774 3589 1811 3643 ut
1842 3580 2015 3662 quaedam
2049 3578 2204 3663 potentia
2232 3580 2277 3643 ad
2302 3600 2380 3645 esse
2404 3590 2570 3664 tanquam

1095 3694 1140 3760 ad
1168 3694 1295 3779 aliquid
1324 3716 1359 3759 re
1385 3694 1548 3759 differens
1573 3697 1617 3759 ab
1642 3694 1727 3779 ipsa.
1753 3695 1840 3758 Nam
1870 3693 1952 3759 illud
1978 3716 2047 3779 quo
2073 3694 2248 3759 intellecto
2274 3717 2344 3759 non
2371 3694 2572 3782 intelligitur

1094 3809 1294 3877 necessario
1325 3811 1480 3890 alterurn,
1513 3813 1576 3875 sed
1605 3810 1706 3875 etiam
1739 3830 1816 3875 cum
1847 3811 2021 3876 contrario
2051 3808 2166 3875 illius⁷
2194 3822 2308 3895 potest
2335 3809 2491 3898 intelligi,
2519 3821 2573 3876 est

1093 3926 1229 3992 realiter
1268 3926 1431 3991 differens
1467 3928 1511 3991 ab
1554 3926 1621 3991 illo.
1659 3927 1749 3990 Cum
1789 3947 1874 4013 ergo
1911 3926 2024 3990 omnis
2060 3925 2213 3991 essentia
2248 3938 2426 3991 creaturae
2462 3927 2572 4012 possit

1094 4041 1264 4129 intelligi⁸
1298 4064 1371 4107 non
1414 4042 1633 4107 cointellecto
1670 4063 1748 4107 esse
1785 4042 1860 4106 eius
1892 4043 1943 4106 vel
1985 4042 2059 4107 sine
2093 4063 2181 4120 esse,
2218 4041 2322 4106 immo
2354 4042 2456 4107 etiam
2492 4064 2571 4108 cum

1093 4158 1267 4224 contrario
1300 4158 1409 4244 ipsius
1441 4157 1522 4242 quia
1556 4169 1672 4243 potest
1708 4158 1852 4244 intelligi
1888 4179 1960 4221 non
1996 4179 2084 4236 esse,
2111 4169 2248 4242 oportet
2284 4158 2378 4242 qnod
2414 4180 2493 4223 esse
2529 4159 2572 4223 sit

1093 4274 1185 4338 aliud
1217 4276 1261 4338 ab
1299 4273 1451 4339 essentia
1488 4284 1521 4337 et
1560 4295 1632 4337 non
1667 4273 1711 4337 sit
1746 4275 1789 4338 de
1826 4273 1901 4338 eius
1934 4255 2089 4351 ratione;
2124 4274 2186 4338 sed
2221 4273 2264 4337 sit
2299 4274 2451 4339 essentia
2482 4273 2572 4340 sicut

1093 4390 1268 4475 quoddam
1294 4390 1482 4474 potentiale
1510 4389 1582 4453 sive
1610 4389 1779 4474 possibile
1807 4410 1885 4454 esse
1914 4400 1946 4453 et
1971 4411 2043 4453 non
2072 4410 2151 4454 esse
2178 4391 2222 4454 de
2246 4411 2294 4453 se.
2321 4389 2412 4471 Quia
2437 4390 2569 4454 nullum

1093 4526 1204 4593 agens
1229 4505 1300 4591 agit
1324 4505 1389 4570 nisi
1414 4505 1509 4589 quod
1533 4506 1577 4569 de
1605 4526 1644 4569 se
1670 4503 1838 4588 possibile
1864 4516 1916 4569 est
1940 4504 2022 4582 lieri,
2049 4504 2147 4568 cuius
2173 4504 2352 4570 actualitas
2379 4518 2431 4569 est
2455 4504 2569 4589 ipsum

899 4613 1071 4749 flffll‘ssopva
1093 4642 1172 4687 esse
1206 4624 1210 4706 Ι
1243 4621 1331 4686 sieut
1360 4621 1489 4685 dictum
1519 4632 1572 4685 est
1599 4621 1643 4685 tle
1676 4620 1818 4684 materia
1851 4637 2012 4705 respectu
2042 4621 2183 4696 formae,
2214 4621 2259 4684 ita
2294 4621 2389 4704 quod
2415 4620 2449 4685 in
2474 4619 2569 4685 omni

912 4711 949 4748 0.

1092 4748 1251 4802 creatura
1297 4749 1435 4822 oportet
1471 4758 1603 4821 ponere
1640 4734 1931 4820 compositionem
1972 4757 2014 4799 ex
2054 4735 2206 4799 essentia
2246 4748 2280 4800 et
2315 4757 2393 4801 esse
2436 4735 2572 4801 realiter

1092 4853 1344 4931 distinctorum,
1371 4863 1407 4917 ut
1431 4851 1584 4917 essentia
1609 4851 1652 4915 sit
1676 4851 1888 4936 participans
1914 4861 1947 4914 ct
1972 4872 2050 4915 esse
2076 4851 2317 4936 participatum
2343 4853 2386 4915 ab
2412 4855 2570 4917 essentie

1092 4969 1125 5033 in
1151 4968 1368 5055 participato,
1394 4967 1546 5052 alioquin
1582 4979 1810 5051 sequerentur
1838 4968 1943 5030 multa
1970 4965 2262 5032 inconvenientia.
2291 4968 2363 5032 Sed
2392 4969 2486 5052 quod
2518 4977 2571 5033 est

1091 5085 1125 5150 in
1151 5084 1307 5170 potentia
1335 5085 1379 5148 ad
1404 5083 1543 5167 aliquid,
1573 5092 1699 5168 potens
1728 5081 1861 5147 scilicet
1891 5082 1973 5146 illud
2003 5081 2210 5167 participare
2239 5095 2272 5147 et
2299 5082 2465 5168 recipere,
2497 5104 2568 5148 non

1091 5212 1144 5266 est
1169 5200 1261 5264 illud.
1298 5200 1386 5265 Cum
1420 5220 1505 5286 ergo
1541 5198 1653 5263 omnis
1686 5198 1842 5263 essentia
1872 5209 2051 5262 creaturae
2087 5197 2130 5261 sit
2166 5197 2382 5283 inpotentia
2410 5199 2569 5278 adesse,

1091 5315 1172 5400 quia
1196 5315 1224 5380 si
1249 5316 1293 5380 de
1318 5336 1356 5379 se
1380 5323 1474 5379 esset
1506 5313 1541 5378 in
1576 5325 1654 5379 actu
1681 5335 1752 5378 non
1788 5312 1894 5391 fieret,
1920 5312 1949 5377 si
1977 5313 2079 5377 etiam
2109 5314 2152 5377 de
2180 5334 2218 5378 se
2247 5335 2318 5377 non
2343 5324 2466 5399 posset
2490 5335 2569 5379 esse

1091 5432 1186 5496 nullo
1211 5442 1339 5517 agente
1371 5430 1469 5495 fieret
1493 5429 1574 5514 quia
1607 5430 1738 5493 nullum
1771 5449 1881 5515 agens
1910 5428 1992 5494 facit
2021 5429 2116 5512 quod
2148 5428 2363 5514 irnpossibile
2397 5439 2450 5495 est
2484 5429 2568 5510 fieri,

1090 5568 1267 5630 nunquam
1301 5557 1415 5611 autem
1445 5556 1559 5630 potest
1588 5544 1712 5609 salvari
1740 5544 1835 5628 <prod
1865 5543 1947 5607 illud
1977 5545 2071 5627 qnod
2101 5555 2153 5608 est
2182 5544 2245 5608 in⁹
2268 5545 2423 5629 potentia
2448 5544 2506 5610 fiat
2533 5545 2566 5610 in

1181 5876 1188 5905 ¹
1202 5891 1268 5927 esse
1282 5874 1350 5926 odrl.
1364 5873 1395 5925 P.
1412 5905 1442 5911 --
1457 5873 1467 5903 ⁴²
1481 5881 1560 5925 esset
1574 5872 1603 5924 P.
1619 5904 1650 5911 —
1665 5872 1676 5902 ³
1689 5880 1733 5924 est
1748 5871 1774 5923 in
1791 5870 1931 5941 potentia]
1947 5870 1990 5922 liis
2004 5872 2034 5924 l'.
2053 5904 2081 5909 -
2096 5875 2103 5902 ⁴
2117 5871 2169 5924 sed
2184 5872 2236 5925 sed
2252 5871 2333 5937 (salat
2347 5873 2415 5925 ariri.
2428 5890 2525 5945 rrrrrrg.
2537 5872 2568 5926 P.

1089 5993 1121 6001 —
1143 5963 1153 5993 ⁶
1172 5961 1220 6031 qd’
1239 5961 1307 6013 add.
1329 5979 1426 6032 marg.
1447 5961 1477 6013 P.
1499 5993 1531 5998 --
1556 5962 1566 5991 ⁰
1585 5969 1629 6013 est
1649 5960 1679 6012 P.
1700 5991 1732 5997 -
1756 5958 1845 6011 ⁷eins
1866 5959 1894 6010 l'.
1915 5991 1948 5997 —
1970 5961 1979 5990 ⁸
2001 5968 2045 6013 est
2065 5959 2182 6013 realiter
2203 5992 2235 5999 —-
2255 5959 2388 6031 intelligi]
2408 5978 2463 6014 om.
2484 5961 2514 6014 P.
2536 5991 2557 5999 -

1090 6048 1141 6103 lin
1161 6067 1215 6102 ont.
1236 6050 1269 6102 V.
