6700 7992
1027 1438 1078 1489 186
1389 1435 1581 1491 llAGlSTRI
1609 1434 1831 1491 GODEFRlDl
1860 1436 1912 1490 DE
1940 1434 2138 1493 Foxrlsst's

1024 1627 1059 1682 et
1092 1615 1173 1682 ideo
1207 1638 1279 1682 non
1317 1617 1480 1683 immunis
1507 1618 1552 1683 ab
1583 1617 1679 1683 omni
1714 1616 1848 1683 ratione
1878 1616 2052 1698 materiae,
2087 1638 2160 1683 non
2190 1626 2305 1684 autem
2341 1617 2387 1685 ad
2418 1638 2499 1685 esse

1024 1732 1224 1818 simpliciter
1247 1745 1282 1798 et
1304 1733 1385 1799 ideo
1409 1755 1476 1799 nec
1498 1755 1579 1799 vere
1603 1733 1781 1799 materiam
1805 1736 1921 1799 habet.

1113 1847 1221 1932 Quod
1256 1870 1340 1915 vero
1368 1849 1492 1915 dicitur
1527 1850 1598 1936 pati
1635 1851 1680 1915 ab
1710 1850 1802 1936 igne,
1833 1849 1861 1915 si
1890 1849 2089 1916 naturaliter
2114 1860 2290 1937 pateretur
2326 1851 2370 1917 ab
2405 1849 2498 1939 igne,

1024 1964 1296 2031 communicaret
1319 1987 1398 2031 cum
1423 1966 1501 2051 ipso
1532 1966 1566 2032 in
1597 1966 1776 2031 identitate
1806 1966 1979 2032 materiae.
2007 1965 2080 2032 Sed
2113 1966 2195 2052 quia
2223 1966 2280 2033 illa
2303 1966 2422 2053 passio
2446 1976 2499 2033 est

1023 2081 1307 2167 supernaturalis
1331 2104 1373 2147 ex
1397 2103 1439 2147 ea
1462 2103 1533 2147 non
1559 2083 1664 2147 debet
1689 2081 1797 2169 argui.

1112 2197 1170 2262 Ad
1207 2208 1411 2285 argumenta
1449 2198 1636 2263 dicendum
1674 2200 1770 2282 quod
1821 2200 1980 2264 volentes
2029 2199 2214 2265 excludere
2262 2197 2498 2265 omnimodam

1022 2313 1276 2399 simplicitatem
1310 2314 1376 2379 Dei
1400 2315 1445 2378 ab
1469 2314 1615 2401 angelis,
1640 2325 1674 2379 et
1698 2314 1778 2380 ideo
1807 2325 1980 2400 ponentes
2004 2315 2100 2400 quod
2130 2315 2163 2380 in
2195 2315 2246 2381 eis
2275 2326 2329 2381 est
2357 2335 2499 2400 compo-

1022 2430 1101 2495 sitio
1125 2450 1167 2495 ex
1191 2429 1343 2495 essentia
1367 2440 1401 2495 et
1424 2450 1503 2495 esse
1526 2451 1598 2495 non
1623 2431 1786 2495 evadunt.
1811 2430 1978 2514 Alioquin
2004 2431 2107 2496 etiam
2132 2432 2319 2496 evaderent
2342 2432 2499 2497 dicentes

1021 2547 1135 2611 solum
1160 2545 1375 2631 compositos
1400 2566 1442 2610 ex
1470 2546 1623 2611 essentia
1652 2546 1805 2632 ipsorum
1836 2558 1870 2611 et
1903 2546 1975 2610 suis
2011 2547 2140 2611 viribus
2168 2548 2221 2612 vel
2258 2547 2499 2613 accidentibus

1022 2661 1096 2728 sive
1131 2661 1400 2747 proprietatibus
1434 2682 1496 2747 per
1531 2683 1579 2727 se.
1617 2662 1795 2746 Quoniam
1831 2662 2007 2746 quaeritur
2042 2664 2085 2727 de
2121 2662 2341 2749 simplicitate
2378 2684 2498 2729 eorum

1022 2788 1189 2863 quantum
1214 2777 1259 2842 ad
1283 2777 1437 2863 ipsorum
1462 2777 1661 2857 essentiam,
1686 2800 1758 2843 non
1784 2779 1827 2843 de
1856 2778 2113 2863 compositione
2142 2779 2317 2844 essentiae
2343 2778 2498 2864 ipsorum

1023 2915 1102 2959 cum
1127 2893 1195 2959 alio
1218 2894 1273 2959 vel
1297 2893 1436 2959 alterius
1460 2914 1539 2958 cum
1565 2894 1651 2979 ipsa,
1684 2906 1796 2959 utrum
1822 2894 1954 2960 scilicet
1978 2894 2012 2959 in
2041 2915 2161 2960 eorum
2188 2895 2339 2960 essentia
2370 2895 2500 2960 cadunt

1022 3010 1139 3096 plures
1162 3030 1218 3075 res
1242 3010 1287 3074 ad
1312 3009 1402 3074 illam
1427 3010 1662 3095 pertinentes;
1697 3010 1833 3075 videtur
1864 3010 2052 3075 dicendum
2086 3012 2181 3094 quod
2207 3030 2289 3076 non.
2317 3010 2360 3076 Et
2382 3021 2498 3076 tamen

1021 3126 1190 3191 recedunt
1226 3147 1248 3190 a
1284 3125 1503 3210 simplicitate
1542 3139 1576 3191 et
1613 3126 1822 3191 actualitate.
1862 3124 1900 3191 Si
1937 3126 2028 3190 enim
2076 3126 2153 3191 talis
2198 3147 2360 3192 recessus
2406 3136 2500 3192 esset

1022 3243 1217 3308 secundum
1264 3241 1551 3329 aggregationem
1600 3243 1748 3327 plurium
1795 3242 1932 3307 realiter
1978 3242 2220 3321 differentium,
2261 3264 2339 3307 cum
2377 3264 2499 3307 unum·

1022 3357 1188 3443 quodque
1212 3379 1285 3438 enS,
1311 3368 1478 3441 quantum
1507 3370 1559 3424 est
1588 3358 1835 3443 imperfectius,
1860 3369 1957 3422 tanto
1981 3358 2094 3444 magis
2129 3358 2303 3423 recedita
2338 3357 2499 3443 simplici·

1020 3483 1091 3539 tate
1114 3474 1213 3559 primi
1238 3483 1272 3538 et
1295 3474 1408 3561 magis
1431 3484 1485 3539 est
1507 3474 1741 3559 compositum
1760 3474 1779 3554 ¹,
1794 3485 1878 3539 tunc
1902 3495 1981 3538 cum
1998 3474 2032 3539 in
2048 3474 2157 3558 prima
2173 3474 2366 3539 substantia
2383 3484 2499 3540 creata

1021 3589 1269 3676 propinquiore
1294 3590 1338 3654 ad
1373 3590 1520 3675 primum
1557 3611 1621 3655 ens
1656 3601 1691 3654 et
1725 3590 1841 3654 minus
1876 3591 2062 3655 recedente
2099 3591 2142 3654 ab
2178 3590 2253 3654 eius
2280 3589 2499 3674 simplicitate

1021 3717 1140 3772 essent
1162 3716 1296 3771 tantum
1321 3706 1391 3770 duo
1414 3706 1551 3772 realiter
1574 3706 1779 3785 differentia,
1805 3707 1837 3770 in
1864 3707 2021 3770 secunda
2045 3706 2157 3791 magis
2193 3707 2357 3793 elongata
2381 3718 2499 3771 essent

1021 3822 1096 3903 tria,
1121 3821 1213 3888 etin
1237 3822 1336 3887 tertia
1360 3832 1532 3907 quattuor,
1557 3834 1590 3887 et
1614 3822 1665 3887 sic
1690 3823 1734 3887 de
1759 3799 1844 3901 aliis,
1870 3822 1965 3906 quod
1990 3834 2043 3886 est
2067 3821 2329 3887 inconveniens.

1555 4303 1860 4387 QUAESTlo
1902 4304 1956 4369 ru

1663 4487 1855 4562 (conon).

1144 4727 1286 4805 Utrum
1316 4726 1458 4802 anirna
1485 4731 1674 4826 separata
1705 4727 1850 4801 existat
1876 4727 2009 4801 eodem
2040 4751 2226 4828 essequo
2256 4725 2389 4800 existit

1636 4865 1740 4934 lotus
1767 4860 1893 4934 lromo.

1111 5190 1250 5256 Deinde
1273 5190 1366 5256 circa
1404 5190 1611 5275 pertinentia
1636 5191 1680 5254 ad
1718 5202 1875 5255 naturam
1912 5192 2099 5254 lrurnanarn
2131 5191 2360 5274 quaerebatur
2393 5211 2500 5254 unum

1023 5328 1066 5372 ex
1090 5317 1186 5392 parte
1210 5306 1357 5387 animae,
1391 5316 1425 5371 et
1458 5315 1511 5371 est
1541 5316 1654 5371 utrum
1686 5305 1801 5370 anima
1832 5317 1992 5390 separata
2021 5302 2303 5371 existat'eodem
2328 5325 2407 5371 esse
2432 5326 2502 5390 quo

1023 5421 1138 5488 existit
1161 5431 1255 5488 totus
1279 5423 1394 5487 homo
1421 5421 1464 5486 Et
1492 5423 1703 5509 arguebatur
1739 5422 1835 5506 quod
1871 5421 1987 5486 anima
2022 5432 2183 5506 separata
2218 5421 2342 5486 existat
2376 5421 2501 5486 eodem

1025 5559 1103 5604 esse
1128 5560 1198 5623 quo
1234 5538 1348 5603 existit
1382 5548 1492 5603 totum
1528 5537 1762 5622 compositum
1798 5537 1870 5603 sive
1906 5549 1999 5602 totus
2035 5539 2151 5617 homo,
2186 5558 2265 5602 curn
2295 5537 2387 5602 idem
2421 5557 2500 5601 esse

1025 5655 1120 5740 quod
1144 5656 1250 5720 habet
1273 5655 1388 5720 anima
1412 5654 1600 5719 coniuncta
1624 5653 1690 5718 sibi
1715 5664 1893 5718 remaneat
1917 5655 1998 5718 dum
2024 5665 2077 5719 est
2105 5665 2275 5738 separata,
2301 5652 2383 5738 quia
2407 5652 2501 5718 aliud

1025 5781 1060 5837 et
1083 5770 1177 5837 aliud
1208 5791 1288 5838 esse
1312 5769 1425 5859 arguit
1452 5769 1552 5835 aliam
1579 5783 1613 5835 et
1640 5769 1742 5834 aliam
1767 5768 1965 5834 essentiam.
1992 5770 2064 5837 Sed
2093 5769 2229 5836 animae
2261 5779 2445 5855 separatae
2469 5778 2503 5834 et

1116 6060 1124 6091 ¹
1139 6056 1304 6129 composita
1325 6056 1358 6111 V.
