6700 7992
1031 1398 1084 1448 278
1397 1396 1588 1453 MAGISTRI
1618 1398 1839 1454 GODEFRIDI
1868 1400 1920 1454 DE
1948 1400 2147 1457 FONTIBUS

1031 1576 1111 1643 licet
1136 1599 1207 1642 non
1237 1588 1374 1643 constet
1398 1577 1442 1644 de
1470 1578 1545 1644 eius
1572 1579 1748 1660 missione,
1778 1592 1812 1646 et
1838 1593 1920 1647 tunc
1949 1582 2080 1648 decens
2109 1593 2143 1647 et
2170 1583 2356 1648 honestum
2389 1595 2442 1649 est
2473 1593 2509 1648 ut

1033 1693 1230 1758 admittatur
1254 1696 1413 1780 exenmlo
1438 1718 1550 1780 papae
1576 1697 1669 1780 quod
1699 1708 1751 1761 est
1776 1697 2021 1762 Nobilissimus
2038 1710 2047 1773 l
2056 1701 2095 1780 1).
2122 1700 2193 1763 Sed
2218 1700 2262 1765 de
2290 1699 2364 1764 iure
2390 1699 2509 1765 stricto

1032 1811 1100 1874 hoe
1131 1832 1202 1873 non
1235 1822 1381 1895 oportet.
1415 1812 1510 1896 Papa
1541 1813 1631 1876 enim
1663 1812 1756 1877 illum
1789 1814 1833 1877 de
1866 1837 1935 1897 quo
1965 1815 2002 1878 fit
2035 1814 2080 1878 ibi
2113 1814 2243 1879 mentio
2275 1815 2406 1901 recepit
2434 1815 2510 1881 sine

1033 1924 1150 1989 litteris
1175 1947 1217 1990 ex
1234 1927 1354 2013 gratia,
1372 1937 1407 1990 ut
1422 1938 1516 2012 patet
1542 1927 1586 1991 ibi
1603 1949 1609 2006 ;
1635 1940 1667 1992 et
1693 1930 1761 1993 hoe
1785 1952 1855 1993 non
1881 1941 2020 2014 op‹·›rtet
2039 1930 2126 1995 trahi
2146 1932 2190 1995 ad
2210 1930 2509 2015 consequentiam.

1575 2437 1882 2520 Quansrio
1922 2438 1994 2503 xv

1682 2598 1865 2667 (LONGA).

1042 2807 1182 2882 Πίνακι
1225 2807 1410 2881 lurbenles
1448 2813 1680 2904 potestatem
1722 2835 1745 2881 o
1786 2815 1897 2906 papa
1941 2809 2137 2883 arrdl'enrli
2173 2809 2442 2912 consessiones
2476 2815 2514 2884 el

1087 2940 1326 3033 absolvendi,
1343 2942 1502 3041 possint
1529 2941 1728 3016 absolvere
1752 2942 1997 3040 poenilrmles
2024 2943 2224 3018 venientes
2252 2943 2308 3017 od
2337 2944 2443 3042 ipsos
2463 2944 2512 3017 de

1087 3074 1249 3149 licentia
1277 3076 1530 3149 sacerdotum
1553 3069 1853 3173 paroclu'olimn
1886 3076 1928 3149 iu
1958 3076 2119 3151 casibus
2147 3076 2218 3178 qui
2245 3076 2443 3176 episcopis
2462 3077 2511 3151 de

1090 3208 1177 3283 iure
1204 3208 1263 3283 uel
1292 3209 1579 3284 consueturline
1606 3208 1665 3284 vel
1694 3209 1910 3284 ‘retentione
1938 3215 2207 3285 reservantur.

1126 3539 1210 3603 Post
1246 3539 1315 3604 boc
1339 3560 1421 3603 vero
1446 3540 1678 3623 quaerebatur
1701 3538 1794 3603 aliud
1829 3537 2007 3623 pertinens
2040 3539 2084 3603 ad
2120 3539 2355 3619 confessores
2380 3538 2513 3606 scilicet

1037 3655 1152 3739 posito
1185 3655 1279 3739 quod
1315 3653 1487 3738 aliquibus
1512 3655 1612 3720 detur
1636 3677 1655 3718 a
1681 3677 1772 3739 papa
1807 3666 1964 3740 potestas
2000 3653 2166 3720 audiendi
2201 3653 2445 3721 confessiones
2479 3666 2514 3721 et

844 3745 1017 3873 ὼῖοὲέῖνγᾶ
1038 3771 1243 3836 absolvendi
1268 3772 1473 3836 confitentes
1498 3773 1562 3835 sub
1588 3772 1655 3835 hac
1687 3771 1818 3834 sonna:
1847 3774 1851 3855 1
1884 3771 2007 3844 damus
2033 3770 2132 3835 vobis
2162 3780 2370 3855 potestatem
2400 3772 2513 3837 absol·

1038 3887 1142 3952 vendi
1176 3886 1357 3953 venientes
1390 3887 1433 3951 ad
1464 3909 1527 3951 vos
1562 3888 1605 3952 de
1645 3886 1784 3952 licentia
1820 3887 2051 3971 praelatorum
2088 3909 2230 3953 suorum
2266 3888 2310 3951 ab
2350 3886 2513 3952 omnibus

1037 4003 1191 4087 peccatis
1216 4025 1278 4089 pro
1296 4003 1422 4088 quibus
1448 4025 1518 4066 non
1546 4014 1638 4068 esset
1662 4002 1784 4067 merito
1810 4003 1913 4068 sedes
1938 4001 2132 4087 apostolica
2156 4002 2374 4088 requirenda,
2400 4014 2512 4068 utrum

1037 4121 1206 4184 habentes
1232 4121 1333 4185 talem
1370 4131 1576 4205 potestatem
1614 4118 1750 4203 possint
1785 4119 1965 4184 absolvere
2001 4118 2222 4204 poenitentes
2254 4118 2436 4184 venientes
2468 4120 2513 4183 ad

1037 4237 1132 4321 ipsos
1158 4237 1201 4300 de
1225 4236 1363 4301 licentia
1387 4237 1607 4301 sacerdotum
1645 4235 1906 4320 parochialium,
1942 4234 1976 4298 in
2002 4234 2142 4299 casibus
2177 4235 2236 4318 qui
2268 4234 2445 4321 episcopis
2469 4237 2513 4300 de

1036 4352 1109 4417 iure
1140 4353 1193 4417 vel
1225 4352 1481 4418 consuetudine
1516 4353 1569 4417 vel
1605 4351 1799 4416 retentione
1835 4361 2063 4415 reservantur.
2100 4350 2143 4415 Et
2178 4352 2389 4437 arguebatur
2419 4352 2513 4435 (quod

1036 4468 1096 4547 sic,
1122 4468 1202 4553 quia
1226 4468 1260 4533 in
1286 4468 1468 4553 privilegio
1483 4474 1528 4543 (21
1554 4489 1728 4532 concesso
1754 4468 1913 4531 fratribus
1938 4466 2130 4531 minoribus
2155 4479 2189 4530 et
2214 4466 2514 4551 praedicatoribus

1037 4585 1180 4651 dicitur:
1211 4585 1396 4649 volumus¹
1421 4596 1535 4649 autem
1561 4596 1595 4649 et
1620 4596 1744 4649 cetera.
1774 4584 1856 4647 ldeo
1881 4584 1925 4646 ab
1952 4582 2124 4666 aliquibus
2149 4582 2396 4647 determinatur
2419 4582 2514 4665 quod

1037 4702 1213 4786 quianon
1238 4702 1476 4785 exprimuntur
1499 4700 1602 4784 aliqui
1628 4722 1732 4765 casus
1757 4720 1822 4764 nec
1848 4698 1952 4782 aliqui
1977 4698 2205 4783 excipiuntur,
2223 4700 2285 4762 sed
2303 4698 2337 4762 in
2360 4697 2515 4784 generali

1037 4822 1137 4885 datur
1154 4820 1203 4884 eis
1228 4830 1384 4904 potestas
1409 4816 1573 4881 audiendi
1602 4814 1845 4881 confessiones
1874 4827 1907 4879 ct
1931 4814 2137 4879 absolvendi
2162 4813 2394 4899 poenitentes
2419 4813 2514 4897 quod

1036 4948 1180 5022 propter
1202 4937 1271 5000 hoc
1299 4935 1411 4999 solum
1438 4932 1636 5019 intelligitur
1660 4933 1705 4996 ‹le
1737 4930 1981 4996 comrmmilms
2011 4942 2043 4995 et
2071 4953 2143 4994 non
2169 4930 2212 4995 de
2241 4930 2381 4994 casibus
2409 4951 2514 5015 papa-

1037 5054 1127 5117 libus
1161 5073 1227 5117 nec
1255 5049 1525 5136 episcopalibus.
1553 5048 1647 5135 Ergo
1680 5070 1759 5112 cum
1788 5047 1822 5111 in
1855 5049 1924 5111 hoc
1956 5046 2137 5131 privilegio
2166 5045 2383 5130 excipiantur
2411 5066 2514 5110 casus

1037 5169 1181 5254 papales
1205 5165 1410 5252 specialiter,
1435 5165 1569 5229 videtur
1593 5163 1684 5248 qrrocl
1711 5174 1826 5248 potest
1854 5163 1935 5226 data
1963 5184 2000 5227 se
2026 5163 2213 5227 extendere
2237 5161 2446 5248 generaliter
2469 5162 2514 5226 ad

1037 5306 1160 5348 omnes
1185 5283 1271 5347 alios
1296 5291 1329 5348 et
1353 5281 1399 5346 ita
1423 5282 1467 5346 ad
1492 5280 1723 5365 episcopales.

1126 5400 1162 5462 ln
1203 5397 1412 5464 contrarium
1451 5408 1504 5461 est
1543 5396 1637 5480 quod
1675 5396 1846 5459 habentes
1886 5395 1987 5459 talem
2028 5405 2237 5480 potestatem
2285 5415 2305 5457 a
2350 5390 2514 5478 praelatis

1037 5515 1272 5601 impediuntur
1296 5515 1390 5599 quod
1415 5535 1484 5578 non
1512 5511 1713 5597 permittunt
1737 5532 1798 5575 eos
1823 5512 2005 5575 absolvere
2031 5510 2064 5574 in
2090 5509 2192 5574 dictis
2216 5509 2368 5574 casibus,

1128 5830 1135 5859 ¹
1149 5826 1275 5881 volimus
1295 5826 1328 5878 V.

1127 6012 1166 6077 ll)
1180 6025 1204 6061 c.
1219 6006 1268 6059 tin.
1282 6006 1316 6057 D.
1331 6003 1449 6058 XCVII.
1471 6034 1503 6041 —
1525 6005 1562 6069 l‘2)
1579 6000 1637 6054 cfr.
1652 6019 1680 6073 p.
1694 6004 1754 6063 215,
1768 6018 1794 6053 n.
1811 6003 1857 6069 lul).
