6700 7992
1074 1415 1129 1465 348
1442 1408 1633 1463 MAGISTRl
1663 1407 1884 1463 GODEFRlDl
1914 1408 1965 1463 DE
1994 1407 2192 1463 FONTIBUS

1611 1814 1882 1886 QUAESTIO
1920 1815 2006 1869 xrx

1731 1975 1894 2029 lmus).

1188 2169 1297 2224 Utrum
1318 2167 1477 2238 religiosus
1494 2168 1548 2238 qui
1564 2167 1646 2221 vovit
1665 2167 1799 2221 oboedire
1813 2166 1954 2239 praelato
1973 2170 2112 2220 terreatur
2130 2169 2235 2219 contra
2252 2168 2445 2236 praeceptum

1232 2266 1369 2339 praelati
1387 2266 1468 2320 exire
1485 2266 1651 2319 claustrum
1671 2267 1712 2319 ad
1729 2265 1961 2319 subveniendum
1982 2264 2150 2318 necessitati
2164 2267 2327 2336 parentum
2342 2267 2391 2330 (1).

1166 2535 1213 2590 Ad
1238 2533 1356 2589 tertium
1381 2534 1423 2588 sic
1450 2533 1628 2605 proceditur,
1654 2543 1683 2587 et
1708 2533 1838 2605 arguitur
1858 2533 1938 2604 quod
1963 2532 2030 2586 talis
2053 2532 2209 2604 religiosus
2233 2550 2293 2586 non
2316 2539 2450 2586 teneatur
2473 2530 2553 2585 exire

1076 2635 1236 2689 claustrum
1268 2651 1321 2704 pro
1353 2632 1548 2686 subventione
1579 2630 1670 2702 patris
1703 2640 1804 2685 contra
1835 2639 2026 2703 praeceptum
2058 2630 2190 2702 praelati.
2220 2630 2298 2701 Quia
2317 2631 2436 2683 nullus¹
2466 2628 2556 2682 debet

1079 2731 1178 2786 facere
1205 2740 1307 2785 contra
1335 2739 1442 2795 votum,
1468 2748 1534 2783 cum
1560 2729 1684 2783 reddere
1717 2730 1795 2801 quod
1824 2729 1890 2801 quis
1915 2729 2036 2795 debet’‚
2065 2728 2103 2783 sit
2127 2727 2326 2783 necessarium
2356 2727 2393 2782 ad
2421 2727 2555 2781 salutem.
2644 2724 2651 2735 “

1077 2830 1138 2883 Sed
1159 2829 1225 2883 talis
1248 2829 1331 2883 vovit
1350 2828 1569 2882 oboedientiam
1590 2828 1732 2898 praelato.
1762 2829 1840 2897 Ergo
1860 2845 1918 2882 non
1939 2828 2028 2883 debet
2048 2827 2147 2883 facere
2166 2835 2269 2882 contra
2289 2827 2377 2880 talem
2396 2824 2556 2880 oboedien-

1078 2927 1148 2981 tiam
1168 2927 1304 2980 exeundo
1325 2926 1483 2980 claustrum
1503 2935 1606 2980 contra
1625 2934 1815 2996 praeceptum
1836 2927 1968 2996 praelati.

1168 3025 1286 3078 Contra.
1302 3024 1349 3077 Ad
1363 3023 1592 3078 subveniendum
1614 3022 1690 3094 patri
1709 3031 1825 3077 tenetur
1845 3041 1881 3076 ex
1900 3036 2061 3095 praecepto
2082 3023 2190 3078 divino,
2205 3023 2265 3077 Sed
2279 3023 2317 3077 ad
2336 3009 2556 3078 oboedientiam

1079 3142 1136 3177 non
1163 3131 1278 3176 tenetur
1303 3122 1357 3175 nisi
1384 3140 1420 3176 ex
1440 3121 1559 3193 propria
1582 3120 1735 3175 electione.
1764 3121 1824 3174 Sed
1848 3122 1915 3192 plus
1941 3130 2056 3176 tenetur
2081 3121 2228 3193 quilibet³
2252 3121 2290 3175 ad
2315 3121 2387 3174 illud
2413 3121 2450 3174 ad
2476 3122 2556 3193 quod

1078 3230 1193 3275 tenetur
1219 3238 1255 3274 ex
1280 3229 1441 3292 praecepto
1467 3219 1567 3272 divino
1594 3236 1680 3289 quam
1701 3218 1738 3271 ad
1765 3218 1836 3271 illud
1862 3219 1899 3273 ad
1926 3219 2005 3290 quod
2030 3228 2146 3273 tenetur
2170 3237 2206 3273 ex
2232 3218 2378 3273 electione
2404 3219 2523 3291 propria
2538 3216 2558 3274 ⁴.'

1080 3321 1158 3391 Ergo
1178 3327 1207 3373 et
1227 3328 1334 3373 cetera.

1167 3416 1346 3488 Respondeo
1373 3415 1529 3468 dicendum
1557 3413 1636 3484 quod
1665 3413 1821 3484 religiosus
1847 3422 1949 3468 contra
1977 3424 2166 3486 praeceptum
2193 3415 2318 3487 praelati
2342 3422 2458 3469 tenetur
2476 3415 2555 3486 exire

1079 3515 1240 3569 claustrum
1272 3513 1309 3566 ad
1342 3511 1573 3566 subveniendum
1606 3511 1683 3582 patri
1714 3510 1739 3563 si
1771 3514 1895 3583 potest-⁵
1925 3512 2060 3586 exeundo
2091 3513 2257 3578 subvenire,
2288 3493 2347 3567 non
2376 3521 2488 3567 tantum
2524 3521 2556 3566 ut

1080 3611 1236 3666 subveniat
1250 3611 1304 3664 sibi
1330 3611 1358 3664 in
1378 3619 1509 3663 extrema
1528 3609 1715 3672 necessitate,
1735 3610 1787 3662 sed
1807 3619 1838 3662 ut
1858 3608 1945 3663 etiam
1965 3611 2120 3664 subveniat
2139 3610 2190 3664 eil
2209 3598 2370 3664 secundum
2390 3611 2557 3665 decentiam

1080 3718 1174 3763 status
1194 3708 1246 3762 sui.

1168 3808 1203 3860 Et
1223 3808 1279 3860 boc
1305 3804 1469 3859 ostenditur
1488 3806 1538 3859 sic.
1560 3805 1637 3876 Quia
1656 3804 1858 3877 unusquisque
1878 3805 1973 3876 magis
1992 3814 2107 3859 tenetur
2126 3806 2164 3858 ad
2193 3824 2228 3860 ea
2248 3806 2284 3860 ad
2311 3824 2387 3877 quae
2407 3806 2558 3877 obligatur

1078 3914 1115 3959 ex
1134 3913 1295 3976 praecepto
1315 3903 1416 3957 divino
1436 3922 1522 3976 quam
1546 3904 1583 3957 ad
1606 3921 1641 3956 ea
1663 3903 1701 3956 ad
1724 3921 1799 3974 quae
1822 3902 1970 3975 obligatur
1991 3922 2028 3958 ex
2049 3913 2127 3970 vot0,
2141 3904 2209 3975 quia
2229 3913 2328 3958 votnm
2351 3923 2410 3958 non
2430 3905 2556 3960 absolvit

1078 4002 1225 4059 bominem
1252 4020 1268 4055 a
1294 4010 1466 4074 praecepto,
1486 4019 1550 4055 cum
1572 4009 1641 4054 vota
1664 4018 1739 4072 quae
1767 4010 1833 4055 sunt
1860 4001 1897 4055 de
1916 4002 1961 4055 his
1986 4003 2084 4071 quae⁷
2111 4002 2258 4072 pertinent
2277 4002 2314 4056 ad
2335 4002 2465 4070 consilia,
2484 4004 2556 4057 fiant

1079 4113 1199 4174 propter
1224 4099 1431 4173 perfectiorem
1463 4099 1661 4171 impletionem
1690 4109 1925 4170 praeceptorum.
1954 4099 2013 4153 Sed
2043 4099 2166 4171 quilibet
2197 4119 2233 4153 ex
2263 4110 2424 4172 praecepto
2456 4101 2560 4155 divino'

1077 4209 1194 4255 tenetur
1224 4198 1381 4253 subvenire
1412 4198 1487 4270 patri
1519 4215 1577 4251 non
1609 4197 1702 4251 solum
1735 4197 1763 4251 in
1795 4207 1923 4251 extrema
1961 4198 2147 4265 necessitate,
2184 4198 2237 4251 sed
2269 4198 2355 4252 etiam
2394 4200 2555 4253 secundum

1078 4297 1244 4353 decentiam
1273 4297 1316 4350 sui
1346 4304 1439 4350 status
1459 4296 1532 4349 citra
1551 4303 1711 4349 extremam
1731 4296 1947 4349 necessitatem.
1974 4295 2021 4348 nd
2053 4296 2273 4349 oboediendum
2293 4305 2389 4350 autem
2421 4297 2554 4369 praelato

1079 4395 1106 4448 in
1127 4392 1322 4447 observantiis
1341 4391 1492 4462 religionis
1518 4409 1576 4445 non
1602 4399 1719 4445 tenetur
1747 4391 1801 4444 nisi
1822 4409 1856 4444 ex
1885 4399 1962 4444 voto.
1990 4392 2068 4462 Ergo
2093 4400 2122 4445 et
2142 4400 2248 4445 cetera.
2268 4427 2301 4435 -
2322 4392 2415 4446 lllaior
2439 4393 2555 4447 videtur

1078 4490 1252 4551 manifesta;
1284 4491 1377 4543 minor
1408 4491 1559 4561 probatur,
1590 4489 1658 4559 quia
1694 4488 1816 4560 quilibet
1848 4490 1943 4558 magis
1970 4498 2085 4542 tenetur
2115 4490 2189 4560 patri
2220 4499 2251 4543 ut
2279 4499 2324 4544 est
2354 4499 2439 4562 pater
2467 4509 2553 4562 quarn

1078 4598 1211 4643 teneatur
1240 4588 1287 4641 alii
1318 4597 1457 4642 extraneo
1489 4596 1519 4641 ut
1548 4596 1593 4640 est
1622 4587 1780 4657 proximus.
1810 4587 1869 4640 Sed
1902 4586 2024 4658 quilibet
2054 4605 2088 4640 ex
2121 4596 2282 4659 praecepto
2307 4588 2407 4642 divino
2439 4596 2555 4642 tenetur

1078 4688 1254 4756 [subvenire]
1276 4688 1303 4739 in
1330 4695 1460 4739 extrema
1480 4684 1657 4738 necessitate
1686 4683 1843 4738 subvenire
1869 4686 2043 4755 cuicumque
2072 4693 2212 4739 extraneo
2241 4695 2272 4739 ut
2297 4695 2342 4740 est
2372 4688 2523 4758 proximus
2536 4688 2554 4740 ⁸.

1078 4787 1155 4856 Ergo
1184 4786 1259 4857 patri
1280 4784 1325 4838 cui
1345 4792 1460 4837 tenetur
1488 4783 1563 4854 plus,
1582 4791 1698 4836 tenetur
1724 4782 1881 4836 subvenire
1913 4784 1984 4836 citra
2005 4792 2164 4837 extremam
2196 4785 2402 4839 necessitatem
2428 4785 2457 4839 in
2488 4784 2556 4839 eis⁰

1077 4892 1239 4954 quaesunt
1262 4880 1429 4935 necessaria
1450 4880 1487 4933 ad
1513 4879 1679 4933 decentiam
1697 4882 1717 4910 ¹⁰
1747 4888 1841 4933 status
1869 4881 1911 4932 sui
1929 4883 1957 4945 ¹¹,
1983 4881 2023 4935 ita
2052 4881 2130 4951 quod
2159 4881 2234 4935 sicut
2259 4881 2414 4953 religiosus
2440 4891 2556 4937 tenetur

1076 4981 1232 5034 subvenire
1252 4979 1425 5048 cuicumque
1444 4986 1584 5031 extraneo
1605 4977 1634 5030 in
1653 4986 1783 5031 extrema
1797 4978 1974 5031 necessitate
1988 4978 2124 5032 existenti
2139 4978 2227 5033 etiam
2242 4988 2345 5033 contra
2364 4964 2560 5052 praeceptum

1076 5078 1209 5149 praelati,
1228 5077 1269 5131 ita
1287 5076 1375 5130 etiam
1392 5076 1412 5107 ¹¹
1440 5084 1555 5129 tenetur
1575 5074 1732 5129 subvenire
1751 5074 1827 5146 patri
1847 5075 1920 5128 citra
1939 5076 2146 5131 necessitatem
2172 5086 2332 5131 extremam
2358 5077 2448 5132 modo
2471 5096 2555 5151 prae-

1077 5175 1156 5230 dicto
1176 5184 1277 5229 contra
1297 5181 1487 5245 praeceptum
1507 5172 1630 5244 praelati
1646 5175 1674 5226 ¹³.
2559 5164 2563 5183 ¹

1165 5272 1198 5326 Si
1224 5272 1339 5326 dicatur
1365 5279 1467 5325 contra
1498 5271 1555 5325 hoc
1580 5270 1659 5342 quod
1691 5270 1757 5341 plus
1788 5270 1901 5342 obligat
1929 5279 2029 5326 votum
2063 5290 2150 5343 quam
2182 5282 2372 5346 praeceptum
2405 5275 2555 5330 secundae

1076 5371 1204 5435 tabulae,
1224 5388 1290 5425 cnm
1312 5378 1413 5423 votum
1432 5368 1578 5441 pertineat
1603 5368 1640 5423 ad
1659 5368 1784 5440 primam
1809 5368 1940 5422 tabulam
1959 5370 2022 5424 sive
2043 5370 2081 5424 ad
2100 5379 2262 5444 praecepta
2290 5371 2402 5443 primae
2427 5373 2555 5439 tabulae,

1166 5637 1267 5692 ¹nullo
1286 5637 1376 5692 modo
1396 5637 1429 5692 C.
1450 5669 1483 5677 -
1504 5636 1569 5691 ’sic
1588 5636 1671 5691 vovit
1690 5635 1723 5691 C.
1744 5668 1777 5675 —
1797 5635 1960 5708 ’quislibet
1980 5636 2013 5692 C.
2032 5669 2057 5677 -
2085 5636 2257 5693 ⁴electione
2281 5639 2409 5711 propria]
2435 5639 2555 5712 propria

1075 5726 1221 5782 electione
1241 5725 1274 5780 C.
1293 5757 1328 5766 -
1348 5725 1395 5780 ‘si
1414 5727 1522 5797 potest]
1543 5742 1599 5783 om.
1619 5723 1652 5778 C.
1672 5755 1706 5764 —
1725 5724 1805 5779 “sibi
1825 5724 1858 5779 C.
1879 5757 1912 5765 -
1934 5726 1985 5779 'in
2005 5724 2038 5780 C.
2059 5757 2092 5766 -
2112 5724 2189 5780 'sed
2209 5723 2333 5796 quilibet
2346 5757 2379 5766 -
2393 5727 2563 5799 proximusl.

1073 5830 1130 5868 om.
1151 5812 1184 5868 C.
1203 5845 1236 5853 -
1256 5813 1325 5867 ‘his
1345 5812 1377 5867 C.
1397 5844 1430 5852 -
1452 5815 1473 5844 ¹⁰
1486 5811 1578 5884 patris
1596 5812 1666 5866 add.
1686 5812 1719 5866 C.
1739 5843 1772 5852 -
1795 5815 1814 5845 ¹¹
1828 5830 1883 5867 om.
1904 5811 1937 5866 C.
1957 5845 1991 5852 -
2013 5813 2034 5845 ¹¹
2046 5830 2101 5867 om.
2122 5812 2155 5867 C.
2175 5843 2209 5853 -
2225 5814 2245 5845 ¹¹
2258 5821 2289 5867 et
2301 5814 2370 5868 add.
2384 5812 2418 5869 C.

1163 6019 1204 6083 (1)
1223 6014 1283 6072 cfr.
1302 6032 1352 6088 pp.
1371 6017 1498 6070 asi-294.
