6700 7992
1026 1409 1079 1458 330
1392 1405 1583 1460 lllAGlS'lRl
1613 1405 1833 1460 GODEFRlDl
1863 1406 1914 1458 DE
1944 1405 2143 1461 FONTIBUS

1027 1583 1235 1655 spiritualibus,
1254 1582 1316 1637 sive
1336 1585 1392 1637 hoc
1417 1584 1454 1637 sit
1473 1583 1557 1637 simul
1578 1583 1729 1638 definitive
1748 1592 1777 1636 et
1803 1583 2054 1655 circumscriptise
2075 1584 2150 1638 sicut
2169 1602 2303 1656 corpora.
2324 1585 2392 1639 Alio
2413 1588 2503 1641 modo

1027 1682 1144 1752 ponitur
1164 1681 1273 1751 aliquid
1293 1683 1321 1734 in
1342 1681 1440 1752 aliquo
1459 1683 1526 1735 loco
1545 1699 1603 1735 uon
1630 1700 1684 1752 per
1702 1700 1734 1735 se
1758 1682 1811 1736 sed
1836 1700 1890 1753 per
1909 1681 1987 1735 aliud
2014 1682 2050 1735 ad
2078 1682 2157 1753 quod
2177 1684 2266 1737 haber
2293 1683 2503 1749 habitudinem,

1026 1781 1102 1833 sicut
1121 1780 1244 1849 angelos
1265 1780 1381 1850 ponitur
1399 1797 1452 1850 per
1477 1779 1679 1850 operationem
1705 1797 1771 1833 esse
1797 1781 1824 1832 in
1854 1780 1920 1832 loco
1940 1779 1969 1832 in
1990 1798 2047 1850 quo
2077 1789 2122 1833 est
2141 1780 2204 1833 eius
2231 1781 2364 1852 operatio
2394 1783 2506 1836 sivein

1027 1895 1085 1948 quo
1105 1886 1149 1930 est
1169 1876 1265 1929 illud¹
1294 1877 1372 1930 eirca
1392 1877 1470 1948 quod
1500 1885 1647 1948 operatur,
1673 1886 1702 1930 et
1728 1894 1836 1948 corpus
1866 1877 1974 1931 Christi
2003 1879 2122 1948 ponitur
2150 1896 2216 1932 esse
2241 1879 2269 1932 iu
2298 1879 2382 1932 altari
2408 1898 2505 1933 sacra-

1025 1974 1192 2028 mentaliter
1210 1993 1263 2046 per
1283 1974 1494 2028 dimensionem
1515 1975 1599 2045 panis
1618 1976 1751 2028 conversi
1773 1975 1801 2027 in
1821 1975 1926 2044 ipsum.
1952 1975 2034 2029 Licet
2060 1993 2130 2046 ergo
2151 1977 2207 2029 isto
2228 1976 2316 2030 modo
2340 1978 2470 2030 secuudo
2486 1980 2505 2045 ⁹,

1026 2070 1139 2123 seilicet
1166 2089 1220 2141 per
1249 2070 1336 2137 aliud,
1365 2070 1459 2141 possit
1487 2070 1597 2141 aliquid
1622 2089 1688 2124 esse
1714 2070 1799 2124 simul
1829 2072 1857 2123 in
1884 2070 2016 2140 pluribus
2044 2071 2117 2124 locis
2136 2072 2239 2125 saltem
2269 2081 2377 2126 virtute
2397 2073 2504 2137 divina,

1025 2167 1119 2239 primo
1151 2176 1249 2222 tannen
1278 2169 1366 2221 modo
1398 2169 1476 2221 nulla
1510 2169 1614 2221 virtute
1639 2176 1738 2240 potest
1770 2186 1835 2222 esse
1864 2169 1943 2239 quod
1975 2167 2052 2221 idem
2081 2187 2189 2240 corpus
2219 2188 2272 2240 per
2303 2169 2504 2225 dimensiones

1026 2267 1160 2338 proprias
1180 2266 1217 2319 sit
1237 2266 1489 2336 circumscriptire
1514 2267 1543 2319 iu
1567 2267 1701 2337 pluribus
1726 2267 1800 2320 locis
1825 2266 1917 2338 quia³
1941 2265 2072 2338 implicat
2098 2267 2326 2321 contradictoria
2341 2271 2358 2321 ¹.
2386 2269 2421 2321 Et
2447 2270 2503 2323 hoc

973 2365 975 2369 ’
1026 2373 1108 2435 patet
1127 2363 1234 2434 triplici
1260 2363 1380 2417 ratione.
1401 2396 1434 2403 -
1455 2362 1550 2416 Prima
1570 2363 1637 2417 talis
1660 2373 1705 2416 est
1724 2373 1754 2417 et
1773 2373 1819 2417 est
1840 2372 1919 2417 tacta
1942 2364 1970 2416 in
1994 2364 2182 2435 opponendo,
2202 2365 2270 2435 quia
2290 2383 2356 2419 esse
2380 2366 2505 2420 circum·

1025 2461 1166 2533 scriptive
1192 2461 1299 2515 alicubi
1320 2469 1364 2514 est
1389 2461 1485 2514 claudi
1507 2462 1556 2515 illo
1575 2462 1652 2527 loco,
1673 2461 1712 2514 ita
1739 2462 1819 2532 quod
1844 2461 1914 2514 nihil
1941 2462 2003 2515 eius
2029 2471 2074 2515 est
2096 2471 2178 2515 extra
2203 2462 2282 2516 illum
2309 2463 2415 2517 locum.
2443 2465 2503 2518 Sed

1025 2559 1050 2612 si
1082 2569 1241 2630 poneretur
1272 2577 1337 2612 cum
1366 2560 1421 2612 boc
1451 2559 1529 2623 alibi,
1551 2567 1631 2612 esset
1655 2568 1737 2612 extra
1764 2558 1843 2612 illurn
1860 2561 1877 2612 ⁵.
1908 2561 1985 2630 Ergo
2006 2568 2085 2612 esset
2105 2569 2186 2612 extra
2214 2567 2243 2613 et
2268 2577 2326 2614 nou
2352 2571 2442 2614 extra.
2470 2595 2504 2601 -

1025 2657 1163 2710 Secunda
1183 2657 1249 2710 talis
1268 2665 1321 2710 est.
1342 2656 1424 2710 Sicut
1444 2664 1696 2709 commensuratur
1725 2658 1852 2710 locatum
1873 2657 1952 2728 quod
1981 2675 2033 2728 per
2053 2676 2084 2710 se
2114 2666 2143 2711 et
2167 2658 2300 2712 localiter
2319 2666 2364 2712 est
2384 2658 2412 2711 in
2436 2660 2503 2713 loeo

1025 2755 1105 2826 ipsi⁰
1133 2755 1199 2808 loco
1228 2755 1389 2808 secuudum
1416 2754 1608 2825 quantitatem
1632 2754 1809 2819 continuam,
1842 2756 1881 2808 ita
1907 2755 2020 2808 scilicet
2049 2755 2128 2826 quod
2157 2756 2284 2809 locatum
2313 2775 2371 2809 nou
2404 2766 2504 2828 potest

1025 2870 1090 2906 esse
1119 2853 1212 2905 maius
1243 2854 1309 2906 loco
1341 2854 1388 2905 vel
1419 2870 1435 2906 e
1464 2869 1617 2919 converso,
1646 2851 1686 2905 ita
1715 2852 1803 2906 etiam
1836 2865 2088 2906 commensuratur
2119 2854 2280 2907 secundum
2311 2855 2502 2924 quantitatem

1024 2950 1180 3004 discretam
1210 2960 1241 3004 ut
1267 2958 1338 3021 quot
1366 2949 1423 3003 sint
1448 2951 1514 3003 loca
1539 2958 1583 3003 tot
1607 2951 1665 3003 siut
1691 2951 1795 3004 locata.
1816 2949 1876 3003 Sed
1904 2951 1960 3004 hoc
1989 2951 2085 3022 posito
2106 2969 2165 3004 nou
2184 2959 2283 3021 potest
2302 2952 2413 3023 aliquid
2433 2971 2501 3006 esse

1024 3048 1274 3119 circumscriptise
1298 3048 1325 3101 iu
1345 3048 1478 3119 pluribus
1496 3048 1569 3101 locis
1589 3047 1643 3101 uisi
1664 3049 1721 3100 sint
1737 3049 1746 3079 ²
1764 3048 1882 3102 realiter
1901 3049 1984 3119 plura
2012 3057 2042 3102 et
2060 3067 2119 3102 non
2139 3067 2237 3102 unum.
2258 3051 2336 3121 Ergo
2352 3051 2399 3121 qui
2421 3050 2503 3120 ponit

1024 3165 1110 3199 unum
1135 3157 1163 3199 et
1187 3147 1263 3199 idem
1288 3165 1394 3216 eorpus
1414 3147 1494 3199 dicto
1509 3146 1597 3199 modo
1613 3164 1680 3199 esse
1694 3146 1721 3198 in
1743 3147 1875 3217 pluribus
1894 3148 1968 3200 locis
1989 3147 2070 3216 pouit
2085 3147 2181 3199 illud⁸
2201 3165 2307 3218 corpus
2328 3166 2392 3201 esse
2414 3166 2501 3200 uuum

1023 3254 1053 3297 et
1077 3263 1135 3297 uon
1165 3263 1261 3297 uuum.
1291 3245 1352 3297 Nec
1379 3254 1479 3296 contra
1503 3245 1558 3297 hoc
1587 3253 1632 3297 est
1658 3244 1737 3314 quod
1767 3244 1824 3296 duo
1851 3262 1976 3315 corpora
2002 3244 2108 3297 virtute
2135 3245 2233 3297 diviua
2253 3256 2377 3315 possunt
2403 3251 2406 3313 l
2437 3264 2502 3299 esse

1023 3342 1117 3406 simul,
1144 3342 1211 3412 quia
1244 3343 1365 3394 alterum
1399 3350 1444 3394 est
1469 3341 1509 3394 ibi
1541 3359 1593 3411 per
1624 3360 1656 3393 se
1689 3351 1718 3393 et
1747 3343 1894 3394 alterum¹
1925 3342 2008 3412 quusi
2040 3361 2093 3412 pei·
2123 3342 2270 3407 accidens,
2302 3343 2368 3412 quia
2396 3343 2501 3396 virtute

1024 3440 1122 3492 divina
1143 3440 1304 3493 absolvitur
1330 3459 1345 3492 a
1371 3441 1427 3492 situ
1455 3439 1502 3510 qui
1531 3450 1575 3492 est
1600 3439 1648 3492 ubi
1668 3443 1688 3470 ¹⁴¹
1709 3458 1762 3510 pei·
1781 3439 1861 3510 <prod
1881 3439 1990 3510 aliquid
2014 3441 2102 3493 babet
2129 3440 2262 3492 ordinem
2289 3440 2325 3492 ad
2351 3442 2446 3493 lomim
2473 3452 2502 3495 et
2555 3504 2557 3507 ,

1023 3556 1076 3610 per
1096 3556 1181 3608 quem
1202 3537 1288 3590 situm
1308 3546 1374 3590 sunt
1395 3537 1644 3608 incompossibilia
1658 3541 1676 3568 ¹¹
1697 3538 1853 3608 corpora¹⁹
1872 3538 1899 3590 iu
1920 3537 2025 3590 eodem
2046 3538 2121 3600 loco,
2136 3538 2202 3608 quia
2218 3538 2329 3591 directe
2349 3548 2377 3591 et
2397 3557 2449 3608 per
2469 3559 2502 3592 se

1023 3655 1081 3691 uon
1101 3646 1247 3707 repugnat
1266 3636 1438 3706 corporibus
1458 3653 1523 3688 esse
1544 3636 1629 3688 simul
1649 3653 1702 3705 per
1722 3635 1879 3688 essentiam
1901 3635 2099 3700 dimensionis,
2120 3636 2172 3688 sed
2192 3655 2245 3706 per
2265 3636 2342 3689 istud
2362 3638 2501 3690 accidens

1023 3752 1208 3804 consequeus
1241 3734 1320 3804 quod
1353 3742 1397 3786 est
1426 3733 1475 3785 ubi
1505 3754 1521 3785 a
1553 3750 1611 3803 quo
1643 3742 1742 3802 potest
1775 3751 1881 3804 eorpus
1914 3733 2027 3787 alrsolvi
2058 3733 2164 3787 rirtute
2194 3734 2302 3786 divina.
2331 3734 2392 3787 Sed
2421 3736 2501 3806 ‹purd

1022 3833 1092 3886 illud
1111 3835 1130 3863 ¹¹
1158 3831 1235 3902 quod
1253 3835 1271 3862 ¹¹
1300 3849 1357 3884 uon
1377 3839 1422 3884 est
1442 3831 1607 3884 absolutum
1637 3848 1653 3884 a
1679 3831 1729 3883 tali
1755 3831 1803 3883 ubi
1824 3831 1877 3884 sed
1903 3841 1948 3884 est
1970 3849 2023 3901 per
2042 3850 2074 3884 se
2098 3831 2125 3884 in
2149 3832 2215 3885 loco
2238 3831 2500 3903 circumscriptise,

1023 3931 1194 3983 absolvatur
1213 3948 1229 3982 a
1258 3928 1493 3981 denominatione
1512 3931 1532 3959 ¹¹
1559 3930 1626 3994 loci,
1655 3929 1694 3981 ita
1721 3929 1799 3998 quod
1820 3930 1947 3982 existens
1965 3930 1984 3959 ¹⁰
2006 3947 2063 3982 non
2093 3929 2130 3982 sit
2153 3929 2193 3982 ita
2216 3930 2438 3983 determinatum
2463 3931 2500 3983 ad

1022 4025 1120 4078 locum
1140 4025 1219 4096 quod
1239 4024 1275 4077 sit
1289 4024 1329 4077 ita
1350 4025 1389 4076 ibi
1406 4026 1425 4055 ¹¹
1445 4024 1525 4095 quod
1544 4041 1602 4077 non
1627 4023 1705 4089 alibi,
1725 4043 1783 4077 nou
1806 4033 1905 4094 potest
1925 4024 1987 4077 lieri
2007 4042 2192 4095 quacumque
2212 4026 2328 4079 virtute.
2348 4057 2381 4063 -
2401 4026 2500 4079 Tertia

1022 4124 1089 4176 talis
1109 4133 1161 4176 est.
1181 4123 1302 4176 Materia
1322 4139 1374 4192 per
1400 4122 1524 4174 eandem
1545 4131 1656 4192 partem
1678 4122 1849 4192 qimntitutis
1868 4123 1931 4175 sive
1952 4123 2099 4175 mediante
2119 4123 2222 4176 eadem
2251 4124 2422 4193 quantitate,
2442 4141 2499 4176 nou

1021 4230 1120 4292 potest
1152 4239 1216 4274 esse
1245 4219 1407 4273 subiectum
1426 4222 1446 4251 ¹¹
1477 4220 1514 4272 ad
1531 4224 1551 4250 ¹¹
1582 4221 1735 4290 oppositas
1764 4219 1874 4272 formas
1889 4221 1911 4250 ²¹
1942 4237 2126 4291 quacumque
2159 4222 2275 4287 virtute,
2304 4220 2371 4290 quia
2403 4221 2500 4274 onmia

1021 4318 1159 4389 opposita
1178 4318 1330 4371 includunt
1350 4317 1586 4371 contradictoria.
1607 4319 1686 4388 Ergo
1710 4335 1725 4369 a
1749 4317 1835 4370 simili
1850 4318 1998 4371 mediante
2014 4318 2117 4371 eadem
2142 4321 2305 4388 quantitate
2329 4319 2392 4372 sire
2412 4338 2464 4386 per
2479 4320 2500 4350 '²¹

1020 4416 1113 4469 solam
1133 4433 1219 4469 uuam
1236 4416 1258 4446 ²¹
1286 4416 1498 4469 dimensionem
1518 4432 1576 4468 non
1596 4426 1720 4486 possunt
1735 4416 1756 4446 ’¹
1786 4417 1894 4468 habere
1918 4415 2034 4469 diversa
2063 4416 2112 4469 ubi
2141 4435 2217 4486 quae
2243 4425 2310 4470 suut
2338 4416 2499 4471 secuudum

1021 4513 1107 4567 situm
1128 4514 1274 4585 opposita.

1109 4611 1157 4664 Ad
1185 4611 1328 4664 rationem
1357 4612 1385 4663 in
1411 4611 1580 4682 oppositum
1614 4611 1771 4664 dicendum
1791 4611 1870 4682 quod
1896 4629 1951 4664 nec
1982 4629 2035 4681 per
2065 4611 2191 4665 medium
2223 4631 2279 4666 uec
2310 4611 2372 4665 sine
2402 4613 2498 4666 medio

1020 4727 1075 4762 nec
1095 4709 1345 4779 riualitercumque
1357 4710 1378 4740 ²¹
1399 4717 1496 4780 potest
1516 4709 1597 4761 Deus
1617 4707 1716 4761 facere
1737 4709 1816 4779 quod
1830 4727 1938 4779 corpus
1953 4709 2060 4762 Christi
2081 4728 2134 4780 per
2152 4710 2288 4781 proprias
2302 4710 2500 4765 dimensiones

1020 4815 1050 4861 et
1070 4806 1321 4878 circumscriptise
1340 4805 1378 4860 sit
1397 4807 1425 4860 in
1455 4805 1585 4877 pluribus
1605 4806 1723 4873 locis²¹,
1753 4807 1820 4877 quia
1847 4807 1874 4859 iu
1895 4805 1968 4860 locis
1997 4808 2027 4860 in
2055 4809 2161 4878 quibus
2190 4817 2235 4861 est
2261 4826 2369 4879 corpus
2390 4808 2498 4862 Christi

1020 4905 1272 4959 sacramentaliter
1286 4923 1343 4958 uon
1367 4913 1411 4958 est
1433 4922 1486 4975 per
1501 4903 1636 4975 proprias
1659 4904 1858 4958 dimensiones
1881 4904 1933 4958 sed
1956 4923 2009 4976 per
2033 4904 2233 4959 dimensiones
2258 4907 2342 4976 panis
2363 4907 2498 4960 conversi

936 5020 938 5025 ’
1020 5003 1049 5056 in
1068 5002 1172 5073 ipsum.
1193 5004 1308 5073 Quibus
1331 5002 1562 5056 dimensionibus
1587 5002 1754 5057 annihilatis
1778 5003 1824 5055 sel
1844 5002 1995 5056 conversis
2014 5002 2044 5056 in
2067 5002 2146 5056 aliud
2170 5003 2217 5056 vel
2236 5004 2279 5057 sic
2298 5004 2499 5057 transmutatis

1020 5100 1100 5171 quod
1127 5119 1186 5154 uon
1211 5100 1315 5155 luisset
1343 5110 1411 5154 nata
1438 5099 1602 5153 substantia
1628 5100 1714 5170 panis
1739 5118 1857 5153 manere
1883 5102 1936 5154 sub
1964 5101 2015 5167 eiS,
2040 5119 2098 5155 non
2131 5109 2228 5155 manet
2254 5102 2277 5133 ²⁴¹
2307 5101 2432 5172 amplius
2458 5101 2497 5155 ibi

1110 5396 1118 5426 ¹
1132 5393 1162 5447 id
1176 5393 1208 5449 C.
1223 5425 1255 5432 —
1270 5394 1281 5426 ²
1294 5393 1381 5448 modo
1396 5394 1537 5464 secundo]
1551 5392 1682 5449 secundo
1696 5392 1785 5446 modo
1799 5392 1831 5447 C.
1847 5425 1879 5433 -
1893 5395 1904 5426 ¹
1916 5393 1973 5447 hoc
1986 5392 2054 5446 add
2070 5392 2103 5447 C.
2115 5425 2148 5433 —
2164 5397 2173 5425 ¹
2187 5392 2449 5448 contradictionem
2464 5393 2497 5448 C.

1017 5508 1053 5520 =-
1073 5483 1191 5536 ¹locum
1211 5482 1280 5534 add.
1301 5482 1334 5536 C.
1353 5514 1387 5522 -
1405 5481 1479 5535 ⁶ill0
1499 5483 1564 5553 ipso
1585 5482 1618 5536 C.
1633 5512 1665 5520 —
1687 5480 1747 5534 ¹sit
1766 5479 1798 5535 C.
1818 5512 1852 5521 -
1873 5482 1883 5512 ⁸
1901 5480 1979 5534 idern
1999 5480 2032 5534 C.
2052 5513 2085 5520 —
2105 5482 2116 5512 ⁹
2136 5480 2214 5535 aliud
2235 5481 2267 5537 C.
2287 5512 2321 5521 -
2343 5483 2364 5513 ¹⁰
2382 5499 2437 5535 om.
2458 5481 2497 5549 S;

1018 5571 1087 5624 add.
1107 5583 1142 5623 2a
1156 5587 1193 5622 m.
1207 5569 1236 5623 S.
1251 5601 1284 5608 —
1305 5572 1325 5601 ¹¹
1338 5568 1532 5641 impossibilia
1546 5568 1579 5624 C.
1594 5600 1626 5608 —
1642 5569 1663 5600 ¹²
1675 5585 1741 5623 esse
1755 5569 1824 5622 add.
1838 5567 1871 5623 C.
1886 5600 1919 5607 —
1934 5569 1955 5600 ¹¹
1968 5567 1997 5621 id
2013 5567 2045 5622 C.
2066 5599 2099 5607 -
2121 5572 2141 5600 ¹¹
2155 5586 2209 5622 om.
2223 5569 2260 5635 S,
2278 5569 2347 5622 add.
2360 5582 2396 5622 aa
2410 5587 2447 5623 m.
2467 5569 2497 5623 S.

1019 5689 1052 5696 —
1074 5659 1095 5689 ¹³
1107 5655 1351 5711 determinatione
1372 5656 1404 5711 C.
1417 5690 1451 5699 -
1471 5658 1492 5688 ¹⁶
1504 5656 1547 5710 sie
1561 5656 1590 5710 in
1603 5657 1671 5710 loeo
1685 5656 1753 5710 add.
1768 5655 1801 5710 C.
1821 5686 1855 5695 -
1870 5657 1891 5688 ¹¹
1903 5656 1951 5709 hic
1965 5654 1998 5710 C.
2013 5685 2046 5694 —
2062 5655 2084 5687 ¹¹
2096 5655 2245 5710 obiectum
2260 5656 2290 5708 P.
2304 5688 2337 5695 —
2354 5659 2375 5688 ¹⁰
2388 5674 2444 5710 om.
2458 5657 2497 5723 ὃς

1018 5745 1087 5798 add.
1101 5759 1135 5798 211
1149 5763 1187 5799 m.
1201 5745 1230 5798 S.
1244 5775 1278 5784 -
1297 5745 1320 5776 ²⁰
1333 5743 1371 5798 ad
1384 5776 1417 5784 —
1431 5743 1551 5822 formas]
1565 5743 1712 5815 oppositis
1731 5742 1833 5797 formis
1852 5742 1885 5799 C.
1905 5774 1938 5783 -
1952 5744 1974 5775 ¹¹
1986 5761 2042 5798 cm.
2055 5743 2094 5810 S;
2113 5744 2182 5797 add.
2201 5756 2236 5797 21¹
2250 5760 2288 5797 m.
2302 5743 2331 5797 S.
2347 5776 2380 5783 --
2399 5744 2421 5775 ²¹
2433 5743 2500 5799 sive

1019 5863 1053 5871 -
1067 5834 1164 5902 unam]
1179 5849 1267 5903 super
1280 5849 1367 5885 unam
1380 5831 1473 5885 solam
1488 5831 1521 5886 C.
1535 5862 1567 5872 -
1583 5832 1605 5863 ¹³
1618 5849 1674 5886 om.
1687 5831 1722 5898 S,
1735 5831 1804 5884 add.
1818 5843 1854 5883 :a
1864 5849 1901 5885 m.
1916 5830 1952 5898 S;
1966 5839 2065 5902 potest
2079 5830 2112 5886 C.
2127 5861 2160 5870 —
2174 5830 2196 5863 ¹¹
2210 5830 2336 5903 qualiter
2348 5835 2377 5886 et
2389 5849 2448 5885 ras.
2462 5831 2497 5898 ὃς

1018 5936 1143 5992 cumque
1162 5921 1196 5973 in
1214 5938 1275 5973 ras.
1297 5919 1367 5973 add.
1386 5931 1422 5972 20
1438 5936 1477 5973 m.
1496 5919 1535 5986 S;
1555 5919 1599 5973 bis
1619 5919 1663 5990 (.)
1683 5917 1716 5973 C.
1736 5950 1769 5958 -
1789 5918 1812 5950 '⁶
1833 5936 1888 5973 om.
1908 5918 1947 5986 S,
1966 5911 2035 5973 add.
2055 5931 2091 5972 21²
2109 5936 2147 5971 m.
2167 5918 2197 5973 S.
2222 5949 2255 5958 -
2276 5918 2298 5951 ²⁶
2319 5938 2348 5973 m
2368 5919 2406 5986 S;
2429 5926 2498 5973 anet

1017 6007 1087 6062 add.
1106 6020 1141 6060 aa
1157 6025 1195 6062 m.
1215 6006 1244 6061 S.
