6700 7992
1034 1453 1068 1504 52
1398 1450 1590 1506 MAGISTRI
1619 1450 1839 1506 GODEFRlDl
1867 1451 1919 1505 DE
1946 1451 2145 1507 FONTlBUS

1035 1641 1155 1714 posset
1193 1628 1269 1695 sine
1304 1628 1362 1695 illo
1397 1650 1536 1695 omnem
1569 1630 1742 1694 modum¹
1778 1642 1812 1695 et
1846 1630 2014 1712 rationem
2052 1631 2192 1696 essendi
2224 1641 2258 1696 et
2295 1629 2508 1696 subsistendi

1035 1747 1164 1810 habere
1183 1744 1194 1778 ²
1218 1754 1251 1809 et
1268 1766 1402 1809 summa
1426 1744 1482 1809 illa
1506 1744 1722 1811 beatitudine
1746 1745 1934 1829 aequaliter
1958 1745 2096 1830 perfrui.
2113 1747 2160 1812 Ut
2183 1745 2266 1811 dicit
2289 1745 2508 1830 Augustinus

1035 1859 1094 1924 ubi
1129 1882 1244 1945 supra,
1281 1880 1418 1945 ponens
1454 1881 1596 1925 causam
1634 1860 1882 1945 resumptionis
1914 1882 2098 1945 corporum
2132 1861 2166 1924 in
2200 1861 2381 1926 animabus
2416 1883 2508 1927 com-

1035 1975 1184 2041 muniter
1199 1975 1496 2061 imperfectionem
1523 1987 1621 2041 actus
1638 1976 1880 2055 beatificantis,
1906 1977 1986 2061 quia
2002 1976 2104 2041 etiam
2122 1977 2204 2041 illud
2230 1978 2323 2060 quod
2341 1976 2507 2050 subsistit,

1034 2091 1068 2155 in
1086 2091 1201 2176 aliqua
1217 2102 1339 2155 natura
1360 2090 1525 2169 subsistit,
1544 2091 1712 2176 perfectio
1737 2103 1881 2157 naturae
1898 2091 1932 2155 in
1950 2113 2018 2176 qua
2042 2091 2170 2176 aliquid
2195 2092 2352 2157 subsistit
2374 2093 2510 2158 videtur

1034 2207 1126 2294 exigi
1155 2208 1198 2271 ad
1227 2208 1415 2291 perfectam
1448 2205 1617 2272 rationem
1650 2207 1872 2273 subsistendi.
1912 2208 1949 2274 Si
1982 2230 2067 2294 ergo
2102 2207 2218 2272 anima
2247 2208 2322 2272 sine
2361 2229 2508 2293 corpore

1034 2344 1105 2387 non
1137 2324 1243 2387 habet
1282 2323 1435 2407 perfecte
1467 2344 1606 2388 omnem
1647 2325 1788 2388 modurn
1829 2344 1914 2388 suae
1953 2335 2107 2402 naturae,
2139 2323 2274 2388 videtur
2309 2325 2403 2408 quod
2442 2345 2508 2390 nec

1034 2438 1226 2523 perfectum
1243 2438 1385 2502 modum
1407 2437 1621 2502 subsistendi
1645 2439 1775 2503 habere
1799 2439 1919 2523 possit,
1945 2461 2016 2503 non
2043 2451 2185 2523 propter
2209 2439 2508 2523 imperfectionem

1033 2552 1278 2619 subsistentiae
1311 2552 1417 2617 dirr'ni
1456 2553 1640 2638 suppositi,
1672 2555 1735 2618 sed
1774 2566 1916 2638 propter
1955 2555 2254 2638 imperfectionem
2294 2565 2438 2619 naturae
2474 2554 2507 2618 in

1034 2689 1102 2753 qua
1126 2667 1316 2733 subsistere
1340 2669 1454 2733 habet.
2358 2733 2361 2736 ,

1123 2783 1229 2865 Quod
1248 2803 1333 2870 ergo
1349 2782 1360 2817 ³
1376 2782 1496 2848 dicunt
1513 2785 1608 2867 quod
1625 2783 1707 2847 illud
1725 2784 1819 2867 quod
1838 2785 1910 2871 agit
1926 2796 1979 2849 est
1995 2784 2078 2849 illud
2096 2786 2191 2868 quod
2208 2787 2315 2850 habet
2339 2787 2506 2851 rationem

1033 2898 1216 2984 suppositi,
1241 2898 1505 2986 intelligendum
1532 2900 1703 2982 estquod
1729 2898 1757 2964 si
1782 2900 1909 2964 debeat
1933 2900 2088 2984 perfecte
2112 2921 2218 2986 agere
2248 2912 2386 2985 oportet
2413 2901 2507 2984 quod

1032 3015 1159 3079 habeat
1183 3013 1352 3079 rationem
1377 3013 1550 3098 suppositi
1574 3015 1768 3079 secundum
1793 3017 1934 3080 modum
1960 3030 2103 3079 naturae
2128 3037 2213 3079 suae
2237 3016 2445 3100 completam
2475 3026 2509 3081 et

1033 3130 1222 3214 perfectam
1233 3129 1259 3206 ⁴3
1273 3130 1336 3194 sed
1355 3131 1423 3194 hoc
1441 3151 1512 3194 non
1526 3129 1589 3193 fuit
1606 3129 1639 3192 in
1654 3130 1768 3194 anima
1784 3129 1910 3194 Christi
1925 3142 2131 3214 separata-
2148 3131 2255 3213 Quod
2269 3130 2370 3196 etiam
2385 3131 2509 3196 dicitur

1032 3246 1126 3329 quod
1150 3244 1350 3310 huiusmodi
1375 3244 1549 3329 appetitus
1573 3265 1644 3309 non
1670 3257 1722 3308 est
1746 3245 1961 3309 voluntarius
1985 3245 2059 3310 sive
2075 3246 2263 3310 voluntatis
2283 3257 2320 3310 ut
2336 3247 2507 3325 voluntas,

1033 3362 1095 3425 sed
1118 3360 1196 3425 est⁵
1219 3359 1408 3425 voluntatis
1432 3371 1470 3424 ut
1493 3371 1615 3424 natura
1639 3359 1713 3425 sive
1739 3362 1815 3443 [est]
1841 3372 1878 3424 ut
1892 3360 2078 3446 appetitus
2095 3361 2269 3440 naturalis,
2287 3375 2321 3425 et
2338 3361 2418 3427 ideo
2435 3383 2507 3426 non

1032 3475 1176 3561 impedit
1199 3477 1410 3540 voluntatem
1436 3486 1472 3539 ut
1496 3476 1658 3539 voluntas
1683 3487 1736 3540 est
1759 3475 1793 3540 in
1818 3498 1883 3539 suo
1908 3487 1997 3551 actu,
2023 3498 2094 3540 non
2115 3477 2250 3541 videtur
2268 3497 2407 3554 verum3
2426 3476 2507 3560 quia

1032 3612 1111 3656 cum
1127 3591 1266 3655 habitus
1284 3590 1503 3675 perficientes
1520 3590 1710 3674 potentiam
1736 3590 1903 3656 inclinent
1927 3591 1962 3655 in
1987 3592 2128 3656 modurn
2153 3602 2297 3656 naturae
2321 3603 2355 3656 et
2379 3613 2505 3675 aequa·

1032 3705 1108 3772 liter
1124 3706 1159 3770 in
1183 3706 1376 3771 dormiente
1401 3717 1434 3770 et
1459 3705 1633 3791 vigilante,
1660 3717 1775 3770 tamen
1800 3706 1993 3791 impediunt
2017 3706 2189 3771 actionem
2216 3706 2391 3791 appetitus
2416 3728 2505 3791 quae

1032 3844 1103 3887 non
1129 3833 1182 3887 est
1205 3822 1398 3887 secundum
1422 3820 1622 3885 huiusmodi
1646 3821 1905 3886 inclinationem
1931 3821 2034 3886 etiam
2059 3821 2280 3900 habitualem,
2305 3821 2378 3887 sive
2403 3823 2505 3887 etiarn

1032 3937 1188 4023 potentia
1204 3959 1275 4002 non
1293 3948 1408 4022 potest
1425 3937 1472 4002 ita
1488 3937 1643 4021 perfecte
1660 3937 1695 4000 in
1713 3949 1811 4002 actus
1828 3959 1911 4002 suos
1929 3937 2018 4001 sicut
2042 3936 2069 3999 si
2094 3958 2165 4000 non
2192 3948 2284 4015 esset
2307 3937 2506 4003 huiusmodi

1031 4053 1208 4118 inclinatio
1234 4052 1336 4117 etiam
1361 4051 1545 4116 habitualis
1569 4052 1604 4115 in
1626 4052 1793 4137 appetitu.
1814 4092 1851 4099 -
1871 4053 1950 4117 Hoc
1967 4052 2069 4117 etiarn
2086 4052 2221 4116 videtur
2238 4064 2360 4117 contra
2376 4052 2505 4119 dictum

1032 4181 1066 4235 et
1081 4168 1250 4234 rationem
1268 4167 1465 4256 Augustini.
1488 4168 1545 4232 Ad
1570 4167 1853 4252 impedimentum
1879 4168 1969 4232 enim
1986 4168 1998 4201 ⁸
2014 4167 2161 4232 actionis
2186 4168 2322 4233 videtur
2345 4169 2507 4235 sufficere

1031 4286 1126 4369 quod
1150 4306 1261 4372 agens
1285 4306 1356 4348 non
1380 4285 1509 4348 habeat
1534 4284 1689 4367 perfecte
1713 4304 1850 4348 omnem
1876 4285 2016 4348 modum
2034 4295 2177 4349 naturae
2193 4306 2279 4349 suae
2296 4284 2506 4349 convenien-

1030 4413 1109 4466 tem.
1128 4440 1168 4448 —
1186 4401 1261 4465 Nec
1285 4400 1400 4465 obstat
1424 4399 1507 4463 illud
1532 4400 1626 4483 quod
1656 4397 1781 4462 dicitur
1809 4399 1901 4482 quod
1933 4399 2108 4463 fruebatur
2136 4400 2289 4484 perfecte
2315 4411 2349 4464 et
2372 4401 2506 4484 absque

1031 4516 1280 4602 impedimento
1297 4515 1351 4580 vel
1367 4513 1599 4579 retardatione
1616 4513 1718 4578 etiarn
1736 4534 1814 4578 curn
1845 4513 2048 4597 patiebatur,
2073 4514 2152 4579 licet
2176 4514 2318 4580 difficile
2342 4514 2386 4580 sit
2410 4515 2506 4580 intel·

844 4626 1008 4752 5055·be
1031 4632 1138 4720 ligere
1164 4631 1309 4715 qualiter
1333 4632 1401 4694 hoc
1422 4630 1466 4694 sit
1493 4634 1496 4711 l
1525 4629 1702 4714 possibile,
1720 4651 1799 4692 nam
1818 4650 1860 4693 ex
1877 4652 1946 4713 quo
1962 4628 1974 4662 ⁷
1990 4629 2164 4713 quaelibet
2181 4629 2336 4714 potentia
2353 4631 2506 4695 habebat

888 4739 894 4751 ’
1032 4748 1185 4834 perfecte
1209 4768 1310 4811 suum
1335 4747 1476 4810 modum
1506 4744 1647 4810 essendi
1675 4757 1708 4809 et
1736 4744 1948 4809 subsistendi
1975 4745 2009 4808 in
2035 4756 2202 4828 quantum
2227 4758 2299 4809 erat
2328 4745 2363 4809 in
2391 4746 2505 4810 anima

1030 4865 1154 4946 actuls]
1172 4883 1300 4947 corpus
1317 4861 1528 4946 perficiente,
1546 4872 1692 4944 utraque
1717 4861 1910 4924 secundum
1933 4881 1971 4924 se
1996 4859 2216 4924 considerata
2240 4860 2353 4944 potuit
2375 4861 2505 4926 habere

1029 5001 1127 5044 suam
1160 4975 1427 5064 operationem⁸
1454 4975 1634 5061 perfecte⁹
1663 4976 1823 5040 absolute
1855 4975 2124 5053 considerando
2153 4975 2218 5039 nisi
2246 4997 2308 5061 per
2340 4976 2505 5042 accidens

1029 5094 1253 5180 impediretur
1277 5114 1346 5158 una
1370 5095 1414 5156 ab
1439 5091 1513 5156 alia.
1540 5091 1645 5174 Quod
1670 5090 1954 5175 impedimentum
1981 5091 2076 5155 Deus
2101 5090 2241 5155 abstulit
2268 5090 2505 5176 dispensative

1030 5210 1290 5296 praeservando
1307 5231 1351 5274 ne
1367 5207 1479 5296 gloria
1496 5206 1630 5271 animae
1656 5206 1866 5271 redundaret
1883 5205 1916 5269 in
1935 5227 2074 5290 corpuS,
2093 5217 2126 5271 et
2143 5227 2187 5270 ne
2205 5207 2305 5271 dolor
2329 5206 2504 5291 passionis

1029 5326 1239 5391 redundaret
1266 5325 1301 5389 in
1327 5339 1460 5409 partem
1489 5321 1714 5407 superiorem,
1739 5332 1919 5405 utramque
1944 5320 2077 5387 scilicet
2101 5321 2274 5386 actionem
2292 5321 2503 5387 >huiusmodi

1028 5442 1287 5526 praeservando
1312 5440 1367 5505 vel
1390 5438 1601 5517 cohibend0,
1620 5477 1660 5484 -
1679 5436 1768 5501 sicut
1793 5437 1894 5501 etiarn
1912 5436 2036 5502 virtute
2052 5436 2169 5501 divina
2185 5437 2259 5502 fieri
2276 5449 2393 5521 potest
2409 5438 2503 5522 quod

1029 5557 1177 5622 calidum
1203 5556 1377 5620 intensum
1402 5553 1554 5618 existens
1579 5553 1734 5637 perfecte
1757 5551 1791 5615 in
1817 5563 1896 5616 actu
1922 5552 2046 5616 caloris
2072 5552 2115 5615 sit
2131 5551 2408 5636 approximatum
2426 5573 2503 5637 pas·

1118 5869 1261 5919 ¹omnem
1275 5865 1403 5933 modum]
1417 5863 1536 5916 modum
1550 5880 1665 5916 ornnem
1686 5863 1716 5916 P.
1730 5894 1763 5902 -
1778 5863 1788 5892 ⁹
1801 5879 1856 5915 om.
1873 5862 1902 5913 P.
1917 5894 1949 5899 -
1964 5862 1974 5892 ³
1988 5860 2058 5914 illud
2078 5863 2145 5914 add.
2167 5863 2196 5915 P.
2212 5895 2243 5901 —
2259 5865 2268 5893 ⁴
2282 5863 2458 5933 completam
2473 5869 2503 5915 et

1027 5955 1199 6028 perfectam]
1211 5954 1372 6026 perfectam
1386 5962 1415 6007 et
1428 5953 1605 6023 completam
1619 5953 1649 6006 P.
1662 5984 1694 5990 -
1709 5954 1719 5983 ³
1732 5969 1787 6004 om.
1799 5951 1828 6003 P.
1843 5983 1875 5988 —
1887 5951 1898 5979 ⁰
1908 5949 1995 6003 etiarn
2011 5951 2039 6002 P.
2052 5983 2084 5988 -
2100 5953 2109 5983 ²
2123 5953 2177 6004 hoc
2187 5953 2216 6004 P.
2227 5983 2260 5990 —
2274 5953 2284 5983 ⁸
2297 5952 2406 6005 habere
2419 5968 2502 6006 suam

1027 6045 1239 6120 operationem]
1254 6061 1336 6098 suam
1349 6043 1550 6117 operationem
1564 6042 1671 6095 habere
1687 6042 1716 6093 P.
1731 6073 1762 6079 -
1780 6041 1790 6071 ⁹
1804 6049 1833 6093 et
1845 6040 1913 6091 artri.
1927 6038 1958 6091 P.
