6700 7992
1233 1419 1409 1485 TERTIUM
1438 1419 1737 1499 QUODLIBE'IUM,
1765 1427 1802 1499 Q.
1830 1420 1873 1482 III
2233 1426 2279 1479 181

895 1609 992 1689 Item,
1036 1610 1301 1676 Commentator
1347 1619 1474 1674 octavo
1512 1607 1774 1694 Metaphysicae
1799 1610 1845 1693 (l)
1886 1606 2007 1674 recitat
2054 1604 2284 1673 Themistium

807 1723 936 1791 dixisse
968 1725 1063 1810 quod
1091 1725 1143 1790 sol
1169 1735 1203 1790 et
1234 1725 1316 1789 luna
1340 1735 1374 1789 et
1405 1725 1525 1790 stellae
1561 1735 1620 1789 aut
1655 1734 1737 1789 sunt
1767 1723 1900 1789 formae
1934 1721 2011 1789 sine
2035 1721 2196 1803 materiis,
2225 1731 2285 1788 aut

806 1841 938 1908 habent
961 1839 1122 1906 materias
1158 1861 1219 1925 per
1254 1839 1576 1925 aequivocationem
1599 1841 1617 1918 ¹,
1646 1839 1736 1905 sicut
1763 1849 1817 1904 est
1844 1838 1879 1904 in
1906 1837 2049 1906 materia
2079 1838 2284 1906 intellectus.

808 1956 1076 2042 Consequenter
1114 1955 1215 2021 tertio
1240 1957 1284 2021 de
1323 1955 1451 2020 Anima
1486 1954 1569 2020 dicit
1608 1956 1953 2040 Commentator(‘.‘):
1990 1953 2285 2041 quemadmodum

807 2072 973 2139 sensibile
1003 2071 1167 2138 dividitur
1190 2072 1225 2137 in
1256 2071 1432 2137 materiam
1458 2083 1492 2137 et
1522 2071 1680 2151 sormam,
1705 2071 1756 2137 sic
1790 2070 2023 2139 intellectuale
2039 2069 2074 2136 in
2091 2068 2286 2137 consimilia

807 2188 862 2254 his
886 2188 1038 2269 duobus,
1064 2187 1198 2254 scilicet
1221 2187 1256 2253 in
1281 2186 1412 2273 aliquid
1436 2186 1547 2253 simile
1564 2187 1697 2253 formae
1714 2197 1748 2252 et
1769 2186 1803 2253 in
1828 2186 1958 2273 aliquid
1982 2185 2093 2254 simile
2109 2184 2284 2254 materiae.

896 2305 991 2385 Item,
1031 2303 1122 2370 sicut
1159 2325 1198 2369 se
1236 2304 1342 2369 habet
1380 2302 1577 2370 secundus²
1615 2314 1714 2369 actus
1751 2313 1914 2389 respectu
1952 2315 2051 2370 actus
2090 2301 2201 2391 primi,
2239 2301 2286 2368 ita

803 2418 964 2505 >potentia
988 2419 1172 2485 adactum
1197 2420 1390 2485 secundum
1415 2429 1576 2504 respectu
1601 2417 1779 2504 potentiae
1807 2419 1851 2484 ad
1881 2429 1997 2486 actum
2030 2418 2188 2506 primum.
2214 2418 2286 2486 Sed

808 2535 844 2601 in
868 2535 1003 2624 angelis
1027 2533 1136 2600 ειιηίΒ
1168 2546 1267 2600 actus
1295 2534 1426 2621 primus
1461 2545 1495 2600 et
1528 2534 1708 2600 secundus
1737 2555 1774 2601 re
1806 2533 2016 2603 differentes.
2052 2535 2146 2625 Ergo
2172 2534 2209 2601 in
2234 2533 2286 2601 eis

809 2662 862 2718 est
901 2649 1056 2736 potentia
1092 2650 1257 2717 differens
1292 2661 1454 2736 respectu
1495 2652 1619 2715 horum
1661 2661 1812 2716 actuum.
1848 2650 1968 2735 Quare
2011 2671 2091 2717 cum
2138 2651 2286 2739 angelus

808 2765 962 2834 existens
997 2766 1032 2832 in
1072 2777 1153 2833 actu
1187 2766 1298 2852 primo
1337 2788 1407 2851 quo
1444 2776 1496 2831 est
1527 2765 1610 2831 illud
1645 2767 1740 2851 quod
1780 2777 1833 2833 est
1867 2765 2149 2848 substantialiter,
2174 2765 2218 2833 sit
2250 2765 2287 2832 in

809 2882 966 2970 potentia
990 2883 1034 2947 ad
1059 2894 1159 2948 actus
1186 2883 1363 2948 secundos
1393 2881 1608 2969 intelligendi
1643 2893 1677 2947 et
1708 2880 1859 2963 volendi,
1884 2880 2020 2949 videtur
2054 2881 2157 2950 etiam
2192 2882 2287 2968 quod

808 3009 971 3084 respectu
1002 2997 1106 3063 huius
1138 3010 1237 3063 actus
1269 2997 1369 3083 primi
1407 2996 1450 3062 sit
1481 2997 1595 3083 aliqua
1627 2997 1783 3083 potentia
1818 2998 2055 3065 substantialis
2095 2996 2129 3065 et
2160 3009 2286 3065 cetera.

898 3115 994 3196 Item,
1019 3114 1053 3179 in
1085 3113 1180 3180 omni
1204 3134 1247 3179 eo
1276 3115 1371 3198 quod
1396 3114 1439 3177 ab
1458 3112 1525 3178 alio
1550 3112 1679 3198 patitur
1702 3124 1755 3179 est
1778 3113 1907 3199 aliquid
1928 3113 2117 3203 ignobilius
2141 3113 2200 3181 illo
2224 3136 2288 3201 per

809 3230 906 3317 quod
930 3251 1041 3319 agens
1069 3229 1162 3317 agit;
1197 3229 1291 3295 unde
1319 3227 1411 3316 ignis
1443 3250 1463 3293 a
1494 3241 1585 3295 terra
1615 3249 1687 3293 non
1723 3237 1899 3314 pateretur
1929 3228 1996 3296 nisi
2023 3229 2060 3296 in
2091 3228 2169 3316 ipso
2193 3240 2288 3297 esset

810 3347 940 3432 aliquid
968 3344 1156 3432 ignobilius
1184 3366 1228 3411 eo
1255 3346 1351 3430 quod
1380 3356 1470 3410 terra
1493 3343 1566 3431 agit
1597 3342 1631 3409 in
1664 3343 1799 3430 ipsum3
1835 3345 1905 3412 hoc
1928 3356 2043 3413 autem
2069 3356 2122 3412 est
2145 3344 2289 3413 materia

809 3463 911 3552 ignis.
937 3463 1085 3547 Semper
1109 3461 1199 3528 enim
1225 3482 1337 3549 agens
1360 3459 1592 3546 praestantius
1615 3470 1668 3525 est
1692 3453 1855 3545 patiente,
1882 3461 1983 3528 tertio
2012 3461 2056 3527 de
2079 3460 2209 3528 Anima
2221 3464 2287 3548 (3);

810 3590 845 3646 et
876 3580 1072 3646 secundum
1105 3577 1354 3665 Augustinum,
1391 3575 1602 3642 duodecimo
1637 3597 1744 3661 super
1775 3575 1943 3643 Genesim
1963 3579 2020 3661 (4),
2053 3597 2183 3665 corpus
2214 3599 2288 3645 non

810 3694 975 3782 imprimit
999 3716 1097 3760 suam
1123 3692 1381 3759 similitudinem
1413 3691 1448 3758 in
1479 3691 1635 3777 potentia
1669 3691 1790 3773 visiva,
1821 3691 1903 3777 quia
1937 3691 1973 3758 in
2007 3691 2084 3780 ipsa
2117 3693 2203 3761 nihil
2235 3703 2289 3763 est

811 3831 962 3898 corpore
989 3809 1144 3877 inferius.
1173 3808 1246 3875 Sed
1277 3809 1426 3897 angelus
1457 3807 1585 3893 patitur
1608 3805 1711 3874 etiam
1739 3829 1759 3872 a
1787 3828 1826 3875 se
1856 3807 1945 3894 ipso,
1973 3807 2055 3894 quia
2085 3820 2245 3876 movetur
2268 3831 2289 3877 a

811 3948 850 3994 se
880 3925 960 4012 ipso
991 3925 1155 4007 localiter,
1180 3936 1215 3991 et
1245 3924 1439 3991 secundum
1470 3923 1626 3989 diversas
1662 3920 1867 3990 affectiones
1896 3923 2038 3990 volendi
2072 3934 2107 3991 et
2130 3924 2289 3993 actiones

810 4041 1037 4132 intelligendi.
1069 4042 1162 4130 Ergo
1191 4041 1226 4107 in
1250 4040 1328 4126 ipso
1357 4051 1409 4107 est
1435 4038 1565 4125 aliquid
1591 4060 1737 4106 movens
1767 4040 1862 4124 quod
1889 4061 1961 4106 non
1992 4051 2046 4107 est
2071 4039 2139 4107 nisi
2166 4042 2289 4122 forma,

812 4169 846 4226 et
881 4157 1011 4245 aliquid
1046 4169 1179 4224 motum
1212 4157 1307 4243 quod
1338 4158 1343 4242 1
1375 4177 1447 4222 non
1472 4166 1525 4223 est
1555 4154 1623 4221 nisi
1654 4154 1806 4221 materia.
1839 4194 1881 4204 —
1912 4156 1975 4222 Est
2005 4167 2121 4225 autem
2145 4156 2290 4225 materia

812 4274 929 4364 angeli
956 4285 991 4342 et
1018 4273 1155 4340 animae
1182 4271 1369 4359 spiritualis
1401 4283 1434 4338 et
1465 4270 1683 4337 indivisibilis
1715 4270 1904 4352 extensive,
1936 4292 2007 4338 non
2036 4273 2227 4358 corporalis
2254 4283 2290 4340 et

812 4389 1027 4459 extensibilis
1058 4401 1093 4457 et
1127 4387 1307 4456 divisibilis
1338 4386 1541 4454 dimensive.
1573 4386 1677 4453 Unde
1700 4386 1843 4454 materia
1871 4386 2057 4474 spiritualis
2081 4388 2160 4474 plus
2183 4389 2289 4457 habet

811 4505 1002 4573 nobilitatis
1030 4517 1064 4572 et
1091 4505 1143 4572 sic
1171 4503 1274 4572 etiam
1301 4502 1509 4571 actualitatis
1546 4524 1650 4588 quam
1688 4502 1831 4570 materia
1863 4503 2063 4591 corporalis,
2092 4525 2173 4572 cum
2204 4504 2289 4574 reci·

818 4622 918 4710 piant
940 4632 1041 4690 actus
1067 4623 1283 4690 diversarum
1308 4619 1526 4687 nobilitatum
1551 4630 1585 4686 et
1609 4617 1828 4708 dignitatum.

902 4738 976 4806 Sed
1006 4749 1060 4805 est
1090 4736 1353 4826 intelligendum
1385 4737 1481 4822 quod
1512 4755 1592 4802 cum
1621 4734 1666 4801 de
1697 4734 1831 4803 ratione
1861 4735 2025 4805 materiae
2060 4735 2104 4804 sit
2134 4735 2292 4824 potentia

904 5046 913 5076 ¹
926 5058 1009 5120 eq⁰m
1022 5046 1056 5101 V.
1071 5079 1094 5087 -
1118 5047 1128 5079 ²
1141 5063 1244 5100 sensus
1263 5047 1334 5117 (sic)
1353 5046 1386 5099 V.
1408 5077 1441 5085 —
1460 5046 1472 5078 ⁸
1485 5055 1530 5100 est
1544 5045 1573 5100 P.

902 5261 942 5326 (l)
962 5257 1141 5313 Averrois
1160 5258 1379 5330 Metaphysicae
1392 5257 1409 5312 l.
1423 5259 1502 5325 VIII,
1516 5276 1540 5313 c.
1554 5262 1571 5312 6
1585 5257 1616 5326 tf.
1632 5262 1684 5313 103
1697 5257 1766 5327 Vb):
1783 5258 1841 5314 «Et
1854 5258 1922 5315 ideo
1936 5260 2007 5315 dicit
2020 5258 2198 5317 Themistius
2212 5259 2292 5335 quod

813 5344 866 5402 Sol
886 5353 916 5401 et
935 5346 1017 5400 Luna
1037 5354 1067 5400 et
1085 5345 1189 5400 stellae
1208 5355 1258 5400 aut
1277 5355 1343 5401 sunt
1362 5344 1476 5400 formae
1494 5345 1557 5401 sine
1577 5346 1708 5401 materiis
1727 5356 1777 5403 aut
1796 5348 1905 5402 babent
1924 5348 2061 5404 materias
2080 5367 2134 5422 per
2153 5351 2292 5423 aequiVo·

813 5433 970 5498 canonem,
989 5432 1065 5489 sicut
1078 5443 1124 5488 est
1137 5432 1293 5505 dispositio
1314 5433 1342 5486 in
1355 5435 1476 5488 materia
1490 5433 1691 5488 intellectus.»
1712 5465 1744 5474 —
1764 5438 1803 5502 (2)
1823 5433 2001 5491 Averrois
2019 5437 2066 5491 De
2084 5437 2190 5492 anima
2209 5438 2227 5494 l.
2241 5439 2293 5507 111,

813 5538 839 5576 c.
859 5524 873 5577 l
894 5520 926 5589 (I.
947 5524 999 5577 166
1012 5522 1078 5589 R²):
1099 5521 1382 5593 (Quemadmodum
1402 5520 1479 5575 enim
1499 5521 1639 5576 sensibile
1658 5539 1724 5576 esse
1743 5521 1883 5577 dividitur
1897 5523 1925 5576 in
1939 5522 2061 5578 formam
2082 5533 2112 5580 et
2131 5528 2292 5595 materiam,

813 5607 858 5663 sic
875 5607 1061 5681 Intelligibile
1081 5626 1147 5663 esse
1166 5617 1284 5680 oportet
1303 5608 1395 5662 dividi
1414 5606 1443 5661 in
1463 5608 1627 5664 consimilia
1655 5610 1700 5663 his
1719 5608 1842 5676 duobus,
1861 5609 1975 5665 scillcet
2001 5611 2029 5666 in
2058 5611 2179 5684 aliquod
2198 5613 2293 5670 simile

812 5694 926 5752 formae
940 5695 1012 5752 etin
1026 5696 1146 5768 aliquod
1160 5696 1253 5750 simile
1276 5695 1450 5750 materiae.»
1474 5728 1508 5736 —
1526 5700 1566 5764 (3)
1583 5697 1800 5751 Aristotelis
1814 5698 1859 5750 De
1871 5699 1976 5752 anima
1989 5699 2007 5752 l.
2022 5699 2074 5768 Ill,
2088 5718 2112 5755 c.
2127 5705 2144 5756 5
2158 5707 2198 5773 (p.
2209 5705 2293 5770 430):

813 5787 867 5843 'Ati
877 5788 930 5860 γὰρ
941 5787 1100 5860 τιμιώτερον
1112 5788 1143 5842 τὸ
1156 5793 1239 5843 ποιεῖν
1251 5793 1298 5842 τοῦ
1310 5786 1461 5860 diognito<
1473 5790 1518 5843 καὶ
1529 5789 1546 5854 ἡ
1558 5788 1630 5860 ἀρχὴ
1642 5794 1691 5855 τῆς
1703 5784 1776 5855 ὕλης.
1792 5815 1825 5825 -
1850 5788 1889 5857 (4)
1907 5785 2101 5859 Augustini
2124 5789 2171 5843 De
2185 5789 2296 5844 Genesi

813 5874 911 5943 LXII,
925 5890 950 5928 c.
963 5878 999 5929 ‘20
1012 5874 1055 5941 (P.
1069 5874 1108 5941 L,
1123 5874 1180 5928 vol.
1192 5876 1236 5942 34,
1250 5873 1305 5927 col.
1318 5875 1397 5938 47ομ
1412 5892 1424 5924 r
1441 5873 1501 5928 Sed
1515 5891 1580 5928 curn
1594 5892 1612 5929 a
1625 5890 1750 5946 corpore
1763 5890 1852 5927 causa
1866 5882 1912 5929 est
1925 5882 1956 5929 ut
1970 5874 2040 5930 talia
2053 5875 2116 5932 visa
2129 5886 2294 5944 cernantur,

813 5978 873 6017 non
885 5978 922 6017 ea
935 5978 1044 6034 corpus
1058 5961 1193 6029 exhibet3
1207 5978 1303 6032 neque
1318 5959 1395 6015 enim
1411 5961 1501 6015 habet
1513 5977 1578 6015 eain
1593 5960 1650 6014 vim
1665 5969 1697 6015 ut
1711 5958 1816 6015 formet
1833 5960 1944 6032 aliquid
1957 5962 2116 6036 spirituale.
2130 5986 2143 6015 ›

2187 6039 2225 6095 24

2346 4165 2412 4222 cod.
2425 4166 2453 4221 V

2310 4237 2361 4294 fot.
2374 4241 2428 4294 274
2438 4238 2480 4293 Vb
