6700 7992
1172 1466 1324 1523 PRIMUM
1343 1466 1641 1537 QUODLIBETUM,
1661 1467 1697 1537 Q.
1718 1466 1758 1519 xl
2167 1468 2201 1518 27

725 1646 865 1733 proprie
890 1645 1026 1725 dictae3
1052 1687 1092 1693 -
1118 1646 1340 1711 nihilominus
1365 1648 1434 1712 hoc
1457 1647 1545 1711 velle
1570 1648 1722 1712 deberet.
1747 1647 1827 1711 Hoc
1859 1644 1950 1711 enim
1979 1645 2014 1709 in
2044 1645 2201 1729 pluribus

726 1762 899 1849 contingit
923 1763 1016 1848 quod
1049 1774 1191 1847 propter
1221 1765 1353 1827 bonum
1388 1763 1520 1827 virtutis
1552 1762 1770 1846 perfectioris
1802 1761 2006 1826 omittuntur
2037 1771 2136 1826 actus
2167 1771 2202 1825 et
2305 1831 2311 1843 ,

725 1880 857 1945 bonum
882 1878 995 1943 minus
1020 1879 1206 1963 perfectae.
1234 1879 1298 1943 Per
1322 1879 1501 1962 praedicta
1526 1888 1621 1963 patet
1644 1877 1828 1963 responsio
1855 1879 1898 1942 ad
1924 1876 2070 1943 obiecta.

1305 2388 1544 2472 Qunesuo
1571 2389 1626 2452 xi.

832 2616 974 2692 Utrum
994 2620 1271 2689 testamentum
1292 2614 1467 2688 tzoruiuis
1486 2640 1561 2714 quo
1581 2613 1780 2710 disposuit
1799 2618 1843 2686 ut
1862 2611 1948 2686 eius
1967 2619 2114 2711 corpus

962 2747 1197 2846 sepeliretur
1215 2748 1258 2822 iu
1279 2746 1414 2848 utiquo
1433 2745 1517 2821 luco
1536 2773 1665 2838 sucre,
1689 2746 1731 2820 iu
1751 2772 1826 2847 quo
1846 2745 1966 2820 etiam

722 2886 862 2980 putres
881 2882 948 2955 sui
966 2881 1345 2956 comminuerunt
1363 2880 1519 2979 sepulti,
1540 2880 1671 2979 poss-it
1694 2880 1743 2953 ab
1768 2879 1903 2980 utiquo
1928 2878 2141 2953 immutari
2158 2878 2202 2953 iu

917 3015 990 3089 tzor:
1009 3015 1115 3116 quod
1133 3014 1271 3116 atiquo
1292 3014 1379 3088 eius
1393 3021 1497 3112 pars
1516 3014 1559 3086 iu
1579 3013 1660 3088 ulio
1679 3013 1762 3087 toco
1782 3011 2009 3111 sepeliatur.

818 3371 944 3435 Postea
974 3371 1205 3453 quaerebatur
1232 3368 1325 3433 aliud
1354 3367 1532 3453 pertinens
1561 3369 1605 3432 ad
1633 3367 1794 3432 homines
1823 3367 2044 3454 egredientes
2068 3368 2112 3432 de
2137 3370 2203 3433 hac

727 3486 805 3566 vita,
823 3497 858 3551 et
874 3485 956 3550 illud
975 3485 1039 3550 fuit
1063 3484 1202 3549 utruml
1226 3483 1344 3549 ultima
1369 3484 1530 3550 voluntas
1555 3482 1655 3548 sive²
1679 3494 1924 3549 testamentum
1948 3483 2109 3563 hominis
2135 3505 2203 3567 qua

727 3602 782 3667 vel
806 3623 876 3686 quo
900 3600 1074 3686 disposuit
1098 3611 1131 3665 et
1156 3600 1262 3688 elegit
1285 3611 1323 3664 ut
1346 3599 1421 3665 eius
1447 3621 1575 3685 corpus
1600 3598 1801 3684 simpliciter
1819 3600 1947 3664 nullam
1964 3610 2097 3684 partem
2114 3598 2203 3665 exci-

727 3717 857 3803 piendo
875 3716 1100 3803 sepeliretur³
1116 3715 1151 3780 in
1168 3715 1284 3800 aliquo
1301 3717 1380 3781 loco
1398 3737 1509 3795 sacro,
1523 3715 1557 3780 in
1574 3736 1645 3800 quo
1662 3714 1765 3780 etiam
1778 3726 1895 3800 patres
1908 3715 1961 3779 sui
1975 3714 2205 3781 communiter

728 3844 809 3897 sunt
825 3832 961 3918 sepulti,
987 3831 1099 3917 possit
1123 3833 1167 3896 ab
1192 3831 1308 3916 aliquo
1332 3831 1529 3896 immutari⁴
1553 3830 1588 3895 in
1612 3833 1681 3897 hoc
1706 3831 1800 3915 quod
1824 3831 1939 3914 aliqua
1963 3830 2038 3896 eius
2063 3853 2143 3916 pars
2167 3830 2203 3895 in

728 3947 795 4014 alio
820 3948 899 4013 loco
924 3947 1118 4033 sepeliatur.
1144 3947 1188 4013 Et
1212 3949 1424 4035 arguebatur
1447 3948 1541 4031 quod
1567 3946 1679 4032 possit
1702 3946 1883 4027 immutari,
1908 3947 2029 4012 saltem
2053 3947 2098 4012 de
2123 3968 2204 4013 con·
2242 4018 2244 4022 ,

728 4085 835 4130 sensu
851 4063 986 4128 illorum
1004 4063 1038 4127 in
1056 4085 1203 4148 quorum
1221 4065 1300 4128 loco
1317 4063 1422 4151 elegit
1439 4064 1542 4128 talem
1559 4063 1792 4148 sepulturam;
1810 4062 1892 4148 quia
1915 4064 2011 4148 quod
2036 4064 2204 4128 donatum

729 4191 782 4245 est
806 4179 907 4245 alicui
924 4189 1039 4264 potest
1055 4181 1098 4244 ab
1117 4200 1160 4244 eo
1177 4178 1233 4244 cui
1250 4180 1368 4244 datum
1382 4190 1434 4245 est
1450 4179 1504 4244 vel
1521 4180 1565 4244 de
1583 4179 1658 4243 eius
1673 4200 1851 4244 consensu
1868 4178 1965 4244 alteri
1981 4179 2114 4243 donari.
2132 4178 2203 4245 Sed

728 4295 863 4383 eligens
895 4297 1107 4381 sepulturam
1140 4294 1297 4380 corporis
1326 4293 1405 4359 sui⁵
1432 4294 1466 4359 in
1496 4294 1611 4378 aliquo
1639 4296 1719 4360 loco
1747 4294 1976 4360 determinato
2004 4294 2204 4383 intelligitur

729 4433 857 4497 corpus
873 4433 976 4475 suum
991 4412 1130 4498 legasse
1147 4411 1200 4476 vel
1218 4411 1370 4475 donasse
1388 4410 1421 4474 in
1439 4420 1647 4496 potestatem
1663 4409 1675 4444 ⁰
1691 4410 1825 4475 illorum
1843 4433 1991 4495 quorum
2015 4422 2068 4476 est
2092 4410 2205 4476 dictus

728 4528 839 4593 locus.
859 4527 977 4610 Quare
994 4537 1028 4591 et
1044 4538 1170 4592 cetera.

819 4642 960 4708 Contra.
978 4641 1113 4730 Dicitur
1129 4642 1229 4706 tertia
1248 4643 1381 4706 decima
1396 4640 1417 4721 ⁷,
1435 4641 1641 4726 quaestione
1663 4642 1826 4720 secunda,
1844 4641 2022 4726 capituto⁸
2038 4645 2084 4726 (1)
2109 4643 2204 4728 quod

730 4758 849 4824 ultima
872 4758 1033 4823 voluntas
1057 4757 1213 4823 defuncti
1237 4769 1290 4822 est
1310 4757 1346 4822 in
1363 4757 1525 4823 omnibus
1543 4758 1774 4821 observanda.
1792 4757 1886 4845 Ergo
1904 4757 1962 4842 qui
1979 4757 2075 4845 eligit
2090 4759 2204 4844 sepul-

729 4885 841 4940 turam
865 4873 918 4938 sui
943 4872 1099 4958 corporis
1128 4872 1329 4958 simpliciter
1355 4872 1390 4937 in
1418 4872 1534 4957 aliquo
1565 4874 1644 4938 loco
1673 4883 1769 4938 certo
1798 4874 1925 4938 nullam
1954 4884 2086 4958 partem
2114 4874 2204 4940 exci-

731 4989 860 5075 piendo
875 4988 897 5069 ⁹,
914 4990 1019 5054 debet
1038 4988 1074 5053 in
1090 4988 1146 5054 illo
1167 4989 1379 5076 integraliter
1395 4987 1543 5074 sepeliri,
1561 5000 1730 5072 quantum
1755 4990 1799 5053 ad
1824 5010 1947 5055 omnes
1973 5000 2089 5074 partes
2113 5011 2204 5075 quae

730 5105 775 5169 ad
792 5105 886 5169 illum
903 5106 1018 5170 locum
1036 5103 1209 5192 contingit
1226 5104 1360 5170 deferri.
1379 5104 1497 5187 Quare
1514 5115 1549 5168 et
1565 5114 1691 5170 cetera.

819 5221 1032 5305 Respondeo
1061 5219 1248 5285 dicendum
1276 5220 1371 5304 quod
1399 5219 1517 5284 ultima
1540 5222 1702 5285 voluntas
1727 5220 1882 5286 defuncti
1908 5232 1961 5285 est
1984 5223 2205 5287 observanda

731 5346 835 5422 prout
858 5346 974 5421 potest
997 5334 1070 5400 sieri
1095 5337 1191 5400 bono
1216 5335 1332 5413 modo,
1357 5337 1518 5400 voluntas
1543 5335 1683 5420 quidem
1708 5357 1811 5419 quam
1837 5335 2017 5421 expressit,
2043 5349 2077 5402 et
2100 5359 2204 5421 quam

824 5649 830 5678 ¹
844 5646 894 5700 illa
907 5647 975 5699 add.
996 5647 1026 5700 P.
1041 5678 1073 5685 -
1088 5646 1098 5677 ⁹
1113 5647 1160 5700 vel
1180 5646 1210 5699 P.
1225 5678 1257 5685 -
1271 5648 1282 5678 ³
1295 5645 1455 5717 sepelietur
1473 5646 1507 5699 V.
1524 5679 1556 5685 —
1571 5649 1580 5678 ⁴
1600 5646 1705 5700 mutari
1725 5647 1755 5701 P.
1770 5678 1803 5686 —
1818 5649 1828 5678 ⁵
1847 5647 2019 5719 simpliciter
2037 5649 2106 5702 add.
2126 5650 2157 5702 P.
2173 5680 2206 5688 —

731 5737 742 5767 ⁸
755 5741 904 5807 potestate
917 5734 951 5787 V.
967 5766 1000 5773 -
1016 5736 1024 5766 ⁷
1038 5734 1261 5803 tertiadecima]
1277 5736 1312 5788 33
1322 5734 1384 5787 PV.
1398 5766 1428 5774 —
1442 5734 1604 5798 8εεοιιηιία,
1617 5734 1758 5805 capituti]
1773 5735 1903 5806 capitulo
1918 5736 2007 5789 2PV.
2022 5768 2055 5776 —
2069 5738 2206 5809 ”partem

732 5820 917 5893 excipiendo]
933 5820 1109 5893 excipiendo
1122 5829 1236 5893 partem
1256 5821 1286 5875 P.

822 6069 859 6142 (1)
874 6068 906 6123 C.
922 6068 1030 6125 Ultima
1043 6068 1179 6124 voluntas
1193 6075 1229 6136 (c.
1242 6072 1279 6136 4.)
1294 6069 1327 6124 C.
1341 6070 1420 6124 XIII.
1435 6088 1482 6143 qu.
1495 6074 1520 6124 2.
