6700 7992
1282 1450 1499 1507 secuuntur
1530 1451 1829 1522 Quonussnruu,
1848 1451 1884 1521 Q.
1905 1451 1959 1505 vu
2308 1454 2356 1503 us

878 1631 913 1697 in
937 1653 976 1698 se
1000 1631 1169 1697 rationem
1187 1631 1391 1717 perficiendi
1406 1632 1583 1697 materiam
1601 1631 1799 1697 immediate
1823 1633 1889 1697 sub
1907 1631 2040 1697 ratione
2058 1630 2356 1717 incompletissimi

878 1758 912 1814 et
927 1747 1076 1814 maxime
1093 1747 1277 1813 materialis
1295 1748 1390 1832 quod
1408 1758 1460 1812 est
1476 1770 1554 1813 esse
1572 1748 1674 1825 mixti,
1694 1758 1728 1813 et
1743 1748 1850 1813 virtus
1871 1746 1944 1813 sive
1968 1747 2124 1832 potentia
2141 1747 2357 1834 intelligendi

879 1886 969 1949 quae
985 1864 1091 1929 debet
1115 1885 1193 1929 esse
1217 1864 1252 1929 in
1269 1863 1411 1928 homine
1430 1886 1501 1928 non
1527 1876 1642 1949 potest
1659 1886 1738 1930 esse
1756 1864 1790 1929 in
1807 1864 1965 1948 forma[li]
1985 1862 2150 1929 materiali
2168 1865 2294 1929 educta
2311 1865 2355 1929 de

878 1980 1035 2066 potentia
1059 1979 1233 2059 materiae,
1252 1991 1288 2044 ut
1305 1991 1400 2065 pmet
1416 1980 1516 2045 tertio
1534 1981 1578 2045 de
1595 1979 1709 2044 anima
1723 1983 1780 2063 (l),
1805 1979 1885 2046 ideo
1910 1990 2047 2065 oportet
2064 1979 2098 2044 in
2115 1979 2257 2044 homine
2277 2001 2356 2045 esse

878 2095 1028 2179 aliquam
1053 2096 1198 2160 formam
1224 2096 1414 2161 naturalem
1440 2096 1649 2160 materialem
1669 2097 1829 2160 eductam
1848 2097 1892 2160 de
1909 2095 2064 2180 potentia
2084 2093 2248 2161 materiae
2266 2115 2356 2180 quae

878 2224 932 2277 est
948 2212 1059 2276 forma
1076 2210 1169 2276 mixti
1188 2211 1416 2277 determinata
1433 2223 1466 2276 et
1482 2211 1705 2297 appropriata
1723 2211 1865 2290 bomini,
1883 2223 1917 2277 et
1933 2211 2032 2276 aliam
2058 2212 2355 2297 supernaturalem

878 2326 1160 2393 11111111116116161111
1185 2326 1259 2392 sive
1283 2328 1327 2392 de
1352 2327 1507 2412 potentia
1531 2327 1695 2393 materiae
1713 2348 1784 2392 non
1802 2329 1973 2406 eductam,
1991 2350 2081 2412 quae
2105 2339 2221 2392 tamen
2245 2327 2356 2412 possit

878 2464 956 2509 esse
980 2443 1092 2507 forma
1116 2454 1149 2507 et
1173 2454 1272 2508 actus
1297 2443 1459 2508 materiae
1485 2464 1564 2508 curn
1590 2443 1767 2529 praedicta
1791 2444 1901 2508 forma
1926 2443 2101 2509 materiali.

966 2559 1010 2624 Et
1022 2570 1138 2624 tamen
1156 2559 1203 2623 1111
1218 2569 1459 2645 argumentum
1478 2571 1598 2624 eontra
1616 2580 1678 2623 eos
1694 2559 1789 2643 quod
1807 2559 1910 2624 unius
1927 2582 2033 2624 unum
2051 2569 2104 2625 est
2121 2581 2209 2639 esse,
2227 2571 2261 2625 et
2277 2580 2356 2625 esse

878 2685 931 2740 est
946 2696 966 2739 a
984 2676 1094 2740 forma
1111 2686 1145 2740 et
1162 2686 1287 2753 cetera,
1305 2675 1425 2739 dicunt
1442 2677 1537 2759 quod
1554 2674 1588 2738 in
1607 2696 1678 2739 uno
1696 2697 1767 2738 non
1785 2689 1837 2740 est
1855 2674 1920 2739 nisi
1938 2697 2045 2739 unum
2070 2697 2148 2741 esse
2173 2675 2355 2761 suppositi,

877 2802 1027 2876 possunt
1047 2803 1162 2855 tamen
1189 2791 1222 2855 in
1247 2812 1319 2854 uno
1343 2813 1422 2855 esse
1448 2790 1545 2875 plura
1563 2811 1640 2855 esse
1659 2802 1824 2861 naturae:
1851 2802 1884 2856 et
1908 2813 2015 2855 unum
2033 2812 2112 2856 esse
2129 2813 2200 2856 non
2218 2803 2271 2858 est
2288 2791 2355 2856 nisi

877 2907 922 2971 ab
939 2928 1009 2970 una
1025 2906 1147 2986 forma,
1164 2928 1283 2972 verum
1308 2918 1361 2972 est
1385 2908 1429 2972 de
1454 2928 1533 2972 esse
1556 2917 1701 2971 naturae
1724 2918 1756 2971 et
1778 2928 1849 2970 non
1875 2907 1919 2971 de
1943 2927 2022 2972 esse
2047 2906 2229 2992 suppositi.
2247 2908 2300 2987 Et,
2319 2919 2355 2972 ut

878 3021 1008 3099 dicunt,
1033 3045 1105 3087 non
1130 3022 1180 3087 sic
1205 3033 1354 3106 possunt
1379 3022 1528 3087 evadere
1552 3033 1727 3107 ponentes
1757 3022 1872 3107 plures
1897 3023 2026 3087 formas
2050 3022 2296 3088 substantiales
2321 3023 2355 3088 in

877 3135 963 3218 aliis,
991 3138 1159 3223 ponendo
1188 3137 1319 3203 scilicet
1348 3137 1484 3202 diversa
1512 3137 1617 3203 esse²
1645 3150 1789 3202 naturae
1818 3139 1862 3202 ab
1892 3138 1955 3202 illis
1984 3137 2140 3223 pluribus
2169 3138 2298 3218 formis,
2324 3150 2357 3204 et

879 3274 986 3318 unum
1015 3274 1094 3319 esse
1121 3253 1293 3339 suppositi
1321 3253 1529 3338 completive
1553 3254 1597 3317 ab
1622 3253 1740 3317 ultima
1769 3254 1879 3318 forma
1903 3253 2069 3339 specifica
2097 3265 2130 3318 61
2158 3253 2357 3320 inclroative

878 3369 1215 3454 apraecedentibus.
1234 3369 1336 3452 Quia,
1354 3369 1382 3433 si
1399 3369 1516 3453 plures
1535 3381 1651 3434 essent
1669 3369 1801 3433 formae
1818 3369 1852 3433 111
1870 3370 1954 3449 aliis,
1973 3392 2051 3434 cum
2074 3381 2193 3435 essent
2210 3371 2356 3436 eductae

878 3485 922 3550 de
945 3485 1102 3571 potentia
1126 3485 1289 3551 materiae
1307 3496 1341 3550 et
1357 3507 1428 3549 non
1453 3497 1572 3550 essent
1595 3486 1672 3549 solo
1697 3508 1843 3549 numero
1861 3485 2071 3561 differentes
2089 3497 2265 3571 oporteret
2282 3485 2357 3550 illas

878 3600 980 3666 educi
1009 3602 1053 3667 de
1081 3600 1226 3666 diversis
1252 3600 1415 3686 potentiis
1439 3601 1613 3680 materiae,
1632 3623 1776 3684 quarum
1803 3602 1977 3685 ‹ltraelibet
2001 3601 2132 3665 illarum
2158 3602 2356 3679 formarum,

877 3737 940 3801 per
958 3738 1086 3782 senon
1105 3738 1184 3782 cum
1203 3716 1268 3781 alia
1288 3717 1342 3782 vel
1368 3740 1428 3802 per
1452 3718 1604 3796 alteram,
1622 3730 1704 3781 nata
1720 3730 1813 3781 esset
1837 3717 2006 3801 perticere
2031 3716 2207 3782 materiam
2225 3716 2259 3781 in
2277 3739 2356 3782 esse

878 3842 911 3897 et
926 3833 1038 3919 gradu
1055 3845 1200 3897 naturae
1218 3833 1446 3897 determinato
1468 3834 1662 3898 seeundum
1689 3832 1846 3920 singulas
1871 3832 2047 3918 potentias
2071 3833 2245 3898 materiae.
2265 3832 2357 3916 Quia

876 3947 1038 4033 propriae
1070 3948 1201 4013 formae
1233 3950 1450 4033 respondent
1481 3948 1620 4033 propria
1652 3948 1813 4013 habilitas
1841 3950 1896 4013 vel
1925 3948 2080 4034 potentia
2113 3948 2287 4028 materiae,
2320 3961 2357 4014 ut

878 4064 1001 4149 patet³
1037 4086 1099 4149 per
1136 4065 1454 4129 Commentatorem
1480 4070 1536 4145 (2),
1571 4064 1782 4129 duodecimo
1814 4064 2095 4150 l'letaplrysicae3
2128 4077 2163 4129 et
2194 4086 2256 4150 per
2289 4067 2357 4129 lroc

877 4180 1051 4265 quaelibet
1075 4179 1274 4245 huiusmodi
1300 4180 1420 4253 forma,
1438 4191 1607 4263 qaiantum
1633 4192 1685 4244 est
1710 4181 1753 4244 de
1779 4202 1827 4259 se,
1853 4179 2041 4245 constituet
2066 4180 2298 4265 compositum
2324 4191 2357 4245 et

876 4296 1096 4381 suppositum
1125 4307 1159 4361 et
1183 4297 1251 4361 boc
1276 4295 1404 4380 aliquid
1434 4316 1511 4359 cum
1542 4294 1694 4373 nmteria,
1724 4296 1812 4359 dans
1841 4296 1872 4361 ei
1901 4308 1933 4362 et
1962 4296 2226 4361 eontmunieans
2255 4318 2355 4361 suum

875 4432 954 4477 esse
982 4411 1135 4497 speciale
1163 4433 1205 4477 ac
1232 4411 1261 4476 si
1290 4433 1366 4476 eam
1395 4412 1469 4475 sola
1498 4412 1691 4495 perliceret,
1721 4410 1801 4495 quia
1831 4412 1958 4476 nullam
1987 4413 2119 4477 babent
2147 4412 2234 4477 inter
2258 4435 2297 4479 se
2322 4413 2356 4478 in

875 4527 1090 4612 perficiendo
1117 4527 1456 4592 communicandam.
1476 4527 1570 4591 —ln
1589 4527 1729 4591 bomine
1747 4539 1860 4592 autem
1879 4549 1950 4591 non
1968 4527 2018 4593 sic
2038 4540 2215 4613 ponuntur
2238 4530 2356 4614 plures

876 4644 1008 4709 formae
1036 4644 1184 4708 eductae
1213 4644 1256 4708 de
1285 4644 1408 4708 eadem
1437 4642 1592 4727 potentia
1621 4645 1674 4707 vel
1704 4645 1747 4708 de
1776 4642 1932 4722 diversis,
1958 4642 2038 4727 quia
2063 4644 2168 4708 altera
2197 4644 2357 4710 educitur

875 4759 921 4825 de
943 4781 1013 4825 una
1037 4759 1193 4844 potentia
1217 4760 1390 4837 materiae,
1417 4759 1523 4823 altera
1547 4780 1630 4823 vero
1655 4760 1699 4823 de
1725 4759 1818 4823 nulla
1843 4759 2047 4843 producitur
2075 4761 2119 4824 ab
2148 4760 2355 4826 extrinseco

875 4877 978 4959 Quae
1002 4887 1118 4941 tamen
1143 4877 1268 4940 ambae
1293 4875 1497 4939 ordinantur
1513 4876 1556 4939 ad
1574 4874 1825 4959 perficiendum
1851 4875 2027 4940 materiam
2053 4877 2247 4940 seeundum
2273 4897 2354 4941 ean·

875 4992 954 5056 dem
979 4991 1174 5077 potentiam
1199 5002 1233 5055 et
1257 4990 1478 5069 habilitatem,
1503 4990 1550 5055 ita
1574 4992 1669 5073 quod
1695 4993 1799 5054 altera
1824 5013 1895 5055 non
1921 4990 1986 5055 nisi
2010 5014 2089 5056 eum
2114 4991 2180 5055 alia
2204 5003 2285 5056 nata
2303 5003 2355 5056 est

875 5107 1053 5173 materiam
1078 5108 1279 5173 secundum
1305 5107 1394 5170 illam
1418 5105 1608 5191 potentiam
1634 5107 1810 5191 perticere.
1831 5107 1871 5170 lit
1889 5106 1933 5171 ita
1952 5119 2072 5171 neutra
2090 5129 2152 5192 per
2179 5112 2183 5193 Ι
2211 5129 2249 5172 se
2274 5120 2355 5172 nata
2381 5077 2547 5202 ςοῖᾟρὄννὺ

875 5234 928 5289 est
953 5224 1069 5289 lacere
1086 5246 1149 5308 per
1165 5245 1203 5289 se
1221 5222 1452 5307 corrmositum
1478 5234 1536 5286 attt
1553 5222 1773 5306 suppositum
1794 5236 1853 5286 aut
1871 5225 1938 5287 boc
1955 5222 2084 5307 aliquid
2102 5245 2180 5288 eum
2199 5223 2353 5289 materia.

962 5340 1067 5406 Unde
1091 5339 1193 5405 etiam
1219 5338 1418 5403 liuiusmoli
1446 5339 1556 5402 forma
1580 5338 1745 5402 naturalis
1764 5337 1797 5402 in
1816 5338 1956 5403 Christo
1974 5339 2099 5403 tnansit
2116 5351 2195 5423 post
2213 5338 2350 5404 animae

875 5454 1132 5541 separationem
1150 5455 1367 5533 miraculose,
1387 5466 1419 5519 et
1438 5465 1520 5518 tune
1538 5453 1632 5518 dedit
1650 5475 1728 5517 esse
1746 5454 1918 5538 suppositi
1936 5453 2079 5518 onurino
2103 5454 2349 5539 incompletum

966 5770 972 5798 ¹
994 5767 1225 5835 immaterialem]
1245 5766 1273 5819 111
1294 5768 1415 5820 materia
1430 5768 1460 5819 l'.
1481 5800 1512 5804 —
1528 5769 1538 5797 “·’
1557 5785 1612 5819 11111.
1635 5767 1663 5819 l'.
1685 5799 1692 5805 -
1713 5799 1716 5803 -
1738 5768 1869 5819 111111111.

963 5975 1001 6035 'll
1016 5971 1230 6025 Aristotelis
1246 5972 1402 6023 Domuum
1415 5972 1431 6024 l.
1442 5973 1491 6033 111,
1502 5974 1552 6024 el
1563 5975 1683 6041 11112111.
1698 5975 1742 6027 Διὸ
1756 5973 1816 6027 οὐδὲ
1830 5980 1957 6045 staffilum
1971 5969 2080 6045 siim-(or
2094 5973 2171 6027 uitia
2184 5981 2222 6045 τῷ
2236 5975 2351 6040 σώματι.

874 6088 907 6098 -
928 6062 964 6125 (2,
987 6058 1164 6113 Averrois
1185 6057 1432 6129 111611111111611111·1.
1448 6060 1511 6123 ΧΗ,
1527 6078 1550 6113 e.
1565 6066 1582 6113 ‘2
1596 6058 1626 6115 11.
1644 6062 1694 6112 lto
1709 6061 1746 6111 11·ι
1754 6076 1767 6112 t.
