6700 7992
1042 1456 1094 1507 248
1407 1454 1598 1510 lllAGlSTRI
1628 1454 1848 1510 GODEFRIDI
1876 1456 1929 1510 DE
1956 1455 2155 1512 FONTIBUS

1042 1636 1086 1700 ad
1111 1634 1261 1718 aliquam
1286 1635 1548 1701 determinatam
1580 1636 1807 1702 hierarchiam
1844 1657 1937 1701 nunc
1962 1636 2192 1702 existentium.
2228 1636 2272 1702 Et
2304 1638 2517 1724 arguebatur

1042 1752 1152 1839 primo
1177 1752 1273 1835 quod
1308 1773 1390 1830 non,
1416 1753 1496 1836 quia
1533 1753 1565 1816 in
1598 1753 1653 1817 illo
1679 1753 1774 1837 quod
1811 1752 1913 1818 certis
1946 1764 1979 1816 et
2015 1752 2119 1817 finitis
2155 1751 2310 1818 terminis
2344 1752 2516 1818 clauditur

1041 1878 1075 1934 et
1099 1868 1260 1933 limitatur
1284 1889 1354 1931 non
1381 1881 1598 1953 potestesse
1634 1890 1822 1953 processus
1846 1868 1880 1932 in
1906 1867 2086 1947 inlinitum,
2112 1867 2193 1953 quia
2223 1890 2286 1954 per
2309 1888 2516 1954 processum

1042 1985 1074 2049 in
1100 1984 1270 2049 infinitum
1296 1996 1471 2069 oporteret
1495 1985 1743 2049 transcendere
1768 2005 2024 2068 quemcumque
2048 1983 2231 2050 terminum
2264 1983 2514 2070 praestitutum.

1040 2100 1112 2166 Sed
1136 2100 1310 2183 quaelibet
1335 2101 1525 2164 hierarchia
1558 2100 1660 2164 certis
1693 2111 1727 2165 et
1756 2099 1860 2163 finitis
1896 2099 2050 2165 terminis
2074 2099 2247 2165 clauditur
2278 2110 2312 2166 et
2342 2099 2514 2166 limitatur.

1039 2217 1133 2302 Ergo
1158 2238 1228 2281 non
1265 2227 1380 2301 potest
1404 2216 1487 2300 poni
1512 2217 1605 2299 qnod
1633 2216 1666 2279 in
1703 2216 1976 2300 perfectionibus
2012 2217 2216 2303 angelorum
2251 2215 2296 2281 sit
2326 2237 2515 2302 processus

1040 2332 1073 2397 in
1099 2331 1280 2410 inlinitum,
1302 2331 1347 2395 ita
1364 2333 1459 2415 quod
1488 2332 1520 2396 in
1550 2332 1719 2396 inlinitum
1747 2331 1858 2415 possit
1885 2331 1958 2396 fieri
1987 2333 2135 2419 angelus
2164 2334 2292 2419 angelo
2319 2331 2513 2417 perfectior,

1040 2459 1073 2514 et
1105 2451 1199 2533 quod
1233 2448 1443 2532 (pricmnque
1475 2449 1621 2534 augelus
1655 2447 1830 2531 possibilis
1861 2447 1934 2512 fieri
1968 2446 2055 2511 infra
2094 2447 2244 2531 aliquam
2283 2446 2513 2513 hierarchiam

1039 2563 1187 2649 positam
1213 2564 1440 2629 contineatur.

1128 2680 1268 2744 Contra.
1302 2679 1485 2743 llistinctio
1521 2679 1788 2743 hierarchiarum
1821 2679 1955 2744 videtur
1990 2701 2068 2744 esse
2101 2681 2145 2744 ad
2177 2680 2318 2744 modum
2355 2701 2425 2765 quo
2460 2691 2514 2745 est

1039 2795 1213 2861 distinctio
1244 2795 1428 2859 viventium
1461 2797 1654 2860 secundum
1691 2808 1759 2859 tres
1791 2797 1922 2880 gradus
1959 2794 2168 2880 principales
2203 2795 2304 2874 vitae,
2337 2795 2395 2879 qui
2432 2806 2513 2861 sunt

1037 2911 1282 2998 vegetativum,
1322 2910 1524 2975 sensitivum
1565 2924 1598 2973 ct
1638 2911 1802 2975 rnotirum
1843 2912 2037 2976 secuudum
2073 2913 2199 2976 locum.
2239 2911 2311 2977 Sed
2350 2910 2378 2975 si
2419 2921 2512 2976 esset

1037 3027 1213 3113 possibilis
1250 3048 1437 3112 processus
1469 3028 1503 3090 in
1541 3026 1710 3091 inlinitum
1744 3026 1776 3090 in
1811 3027 2017 3106 uirentibus,
2053 3037 2230 3112 oporteret
2265 3027 2512 3111 quodcumque

1037 3143 1158 3208 vivens
1183 3143 1350 3229 possibile
1374 3142 1445 3207 fieri
1468 3143 1639 3227 pertinere
1657 3144 1700 3206 ad
1726 3143 1873 3227 aliquem
1899 3143 2156 3229 praedictorum
2179 3144 2362 3231 graduum,
2381 3141 2513 3209 scilicet

1037 3261 1080 3323 ad
1105 3259 1312 3343 vegetabilia
1338 3260 1391 3323 vel
1416 3259 1459 3322 ad
1484 3259 1661 3322 sensibilia
1698 3271 1731 3322 ct
1766 3273 1889 3323 cetera.
1926 3259 2020 3345 Ergo
2056 3259 2211 3325 similiter
2246 3258 2280 3323 in
2317 3258 2510 3344 proposito

1126 3374 1349 3458 Respondeo.
1376 3374 1572 3438 Dicendum
1598 3376 1761 3458 estquod
1779 3374 1829 3439 sic
1846 3375 1958 3454 etiam,
1984 3375 2013 3439 si
2037 3386 2131 3440 esset
2155 3396 2286 3459 ponere
2304 3396 2510 3459 processum

1036 3489 1069 3554 in
1095 3490 1264 3554 inlinitum
1289 3490 1324 3553 in
1348 3490 1623 3575 perfectionibus
1648 3490 1892 3554 essentialibus
1917 3512 2041 3570 rerum,
2067 3502 2103 3555 ut
2127 3489 2272 3566 videtur,
2297 3501 2414 3555 tamen
2439 3513 2511 3557 non

1035 3616 1128 3670 esset
1159 3605 1325 3691 possibile
1357 3627 1488 3690 ponere
1520 3606 1681 3689 angelum
1715 3607 1842 3692 angelo
1881 3606 2126 3690 perfectiorem
2166 3605 2200 3670 in
2240 3605 2422 3686 infinitum,
2463 3606 2510 3672 ita

1035 3722 1130 3806 quod
1169 3720 1269 3785 simul
1317 3742 1394 3786 cum
1443 3723 1510 3786 hoc
1549 3733 1724 3806 oporteret
1770 3722 1959 3805 quemlibet
2006 3721 2226 3787 determinari
2272 3723 2317 3786 ad
2357 3720 2509 3806 aliquam

1033 3835 1261 3902 hierarchiam
1294 3858 1388 3901 nunc
1423 3835 1637 3915 existentem,
1669 3849 1702 3901 et
1738 3860 1800 3921 per
1837 3858 2059 3921 consequens
2085 3838 2128 3901 ad
2154 3837 2303 3921 aliquem
2329 3837 2509 3917 ordinem3

1033 3953 1114 4037 quia
1130 3953 1219 4018 sicut
1236 3965 1288 4018 est
1312 3953 1420 4038 prima
1438 3953 1613 4017 distinctio
1638 3954 1842 4038 angelorum
1861 3953 1893 4017 in
1919 3964 1988 4018 tres
2013 3953 2235 4031 hierarchias
2260 3953 2307 4017 ita
2323 3953 2509 4020 cuiuslibet

1033 4068 1246 4134 hierarchiae
1278 4068 1312 4133 in
1341 4080 1409 4134 tres
1434 4069 1584 4133 ordines.
1611 4070 1787 4151 Quoniam
1813 4071 1959 4155 angelus
1984 4071 2111 4157 angelo
2143 4069 2330 4154 perfectior
2356 4069 2508 4136 differret

1033 4185 1151 4269 specie
1179 4186 1223 4249 ab
1252 4184 1516 4270 imperfectiore,
1545 4197 1603 4249 aut
1630 4207 1715 4269 ergo
1741 4208 1819 4249 eum
1848 4188 1917 4249 hoc
1949 4184 2100 4249 differret
2139 4206 2270 4272 genere
2298 4195 2357 4249 aut
2389 4196 2508 4251 essent

1032 4303 1149 4385 plures
1173 4300 1276 4365 unius
1303 4300 1442 4385 generis
1470 4300 1625 4385 proximi.
1653 4340 1692 4347 -
1719 4300 1755 4366 Si
1784 4300 1937 4366 differret
1960 4322 2090 4387 genere
2119 4300 2288 4385 proximO,
2313 4302 2509 4366 secundum

1032 4418 1100 4481 hoc
1132 4429 1216 4500 quot
1251 4429 1369 4481 essent
1403 4416 1519 4500 angeli
1554 4427 1604 4480 tot
1636 4426 1755 4481 essent
1789 4438 1931 4502 genera,
1968 4429 2002 4481 ct
2033 4416 2084 4481 sic
2124 4427 2216 4481 esset
2251 4438 2439 4501 processus
2472 4417 2507 4482 in

1031 4532 1200 4597 infinitum
1229 4532 1263 4596 in
1292 4554 1421 4618 genere
1449 4532 1662 4615 angelorum.
1698 4533 1768 4597 Sed
1796 4534 1889 4616 (prod
1919 4532 2042 4615 aliquis
2071 4533 2218 4617 angelus
2246 4531 2347 4597 unius
2376 4532 2508 4618 speciei

1031 4659 1065 4714 et
1091 4648 1232 4735 generis
1256 4647 1298 4712 sit
1327 4648 1482 4712 eiusdem
1512 4647 1643 4711 ordinis
1672 4670 1750 4712 cum
1777 4669 1999 4731 quocumque
2027 4650 2154 4735 angelo
2191 4647 2351 4713 existenti
2376 4648 2508 4733 speciei

1030 4778 1063 4829 et
1095 4764 1234 4852 generis
1258 4763 1292 4827 in
1317 4763 1487 4827 inlinitum
1513 4764 1715 4828 excolentis
1740 4763 1876 4828 videtur
1900 4763 2106 4843 irrationale,
2132 4763 2296 4848 quoniam
2329 4787 2417 4844 crrrn,
2442 4764 2506 4829 uf¹

1030 4879 1158 4945 dictum
1192 4891 1254 4958 est,
1280 4880 1365 4943 ordo
1399 4880 1502 4943 debet
1535 4903 1613 4944 esse
1645 4879 1679 4942 in
1712 4890 1784 4944 tota
1815 4879 2038 4944 universitate
2071 4879 2214 4960 entium,
2250 4881 2357 4945 multo
2389 4882 2507 4965 magis

1029 4996 1063 5060 in
1096 5018 1167 5060 uno
1198 4995 1427 5060 determinato
1459 4995 1581 5058 ordine
1614 4995 1716 5058 unius
1747 4995 1972 5060 hierarchiae.
2005 4996 2082 5060 Hoc
2122 5007 2237 5061 autem
2270 5017 2342 5060 non
2381 5005 2504 5081 posset

1029 5110 1158 5176 servari
1190 5098 1218 5174 si
1250 5110 1300 5175 sic
1325 5122 1418 5175 esset
1449 5132 1637 5195 processus
1662 5110 1696 5176 in
1723 5110 1902 5176 inlinitum.
1935 5111 2030 5198 Ergo
2066 5112 2160 5196 quod
2196 5113 2342 5198 angelus
2376 5113 2504 5199 angelo

1028 5227 1101 5292 sie²
1125 5225 1311 5312 perfectior
1334 5226 1368 5289 in
1387 5225 1555 5289 inlinitum
1574 5228 1767 5291 secundum
1786 5227 1939 5311 speciem
1958 5240 1991 5291 et
2014 5248 2128 5312 genus
2146 5225 2310 5292 differens
2335 5226 2506 5312 pertineat

1028 5344 1072 5407 ad
1108 5364 1214 5406 unum
1251 5340 1418 5421 ordinem,
1460 5355 1511 5405 est
1551 5341 1814 5407 inconveniens.
1851 5342 1887 5407 Si
1927 5342 2018 5407 enim
2055 5363 2127 5407 non
2156 5342 2200 5407 sit
2230 5343 2314 5407 dare
2349 5341 2504 5408 infimum

1027 5459 1189 5545 angelum
1220 5457 1255 5522 in
1288 5457 1402 5541 aliquo
1435 5457 1557 5522 ordine
1588 5480 1657 5542 quo
1694 5458 1834 5522 inferior
1858 5470 1951 5523 esset
1983 5457 2122 5523 alterius
2154 5457 2297 5537 ordiniS,
2334 5469 2367 5524 et
2400 5457 2503 5524 etiam

1025 5596 1097 5638 non
1123 5573 1166 5638 sit
1193 5575 1276 5639 dare
1301 5594 1501 5657 supremum
1529 5596 1600 5656 quo
1629 5573 1787 5657 superior
1814 5586 1908 5638 esset
1932 5573 2069 5638 alterius
2098 5573 2256 5638 ordinis³
2281 5572 2430 5655 (sienim
2460 5574 2503 5639 sit

1026 5692 1108 5755 dare
1133 5689 1298 5768 infimum,
1331 5690 1452 5753 eadem
1478 5689 1610 5753 rulime
1640 5689 1745 5752 immo
1772 5689 1886 5774 potius
1918 5711 2118 5774 supremum
2143 5689 2224 5773 quia
2256 5703 2309 5754 est
2340 5688 2502 5777 dignior),

1025 5828 1096 5871 non
1133 5818 1185 5871 est
1214 5803 1337 5889 aliquis
1367 5805 1454 5869 ordo
1487 5804 1519 5868 in
1554 5805 1687 5891 rrngelis
1720 5804 1875 5869 eiusdem
1909 5804 2041 5869 ordinis
2073 5814 2107 5869 et
2142 5804 2193 5870 sic
2227 5805 2314 5869 ordo
2347 5826 2418 5869 non
2450 5816 2504 5870 e'st

1115 6067 1212 6135 ¹cum,
1233 6067 1274 6141 ut]
1295 6072 1326 6119 ut
1346 6082 1412 6121 cum
1432 6064 1465 6119 V.
1485 6095 1518 6103 -
1539 6063 1599 6117 ²sit
1619 6065 1652 6118 V.
1673 6097 1705 6103 —
1726 6066 1780 6118 ³et
1800 6064 1888 6121 etiam
1909 6096 1940 6103 —
1962 6063 2082 6141 ordinis]
2103 6064 2147 6118 bis
2166 6064 2199 6119 V.
