6700 7992
1381 1481 1531 1537 PRIMUM
1552 1480 1851 1552 QUODLIBETUM,
1871 1481 1908 1552 Q.
1928 1482 1954 1534 V
2387 1483 2405 1532 9

928 1663 1041 1747 quale,
1056 1683 1123 1728 nec
1140 1662 1281 1746 aliquod
1298 1661 1443 1727 aliorum
1460 1661 1831 1747 praedicamentorum.
1849 1660 1984 1726 Dicitur
1999 1670 2114 1726 autem
2137 1658 2281 1725 materia
2299 1679 2379 1724 esse
2396 1658 2406 1693 ¹

928 1779 1040 1842 solum
1066 1777 1221 1864 potentia
1237 1779 1292 1842 vel
1312 1800 1375 1843 ens
1400 1778 1434 1842 in
1460 1778 1625 1863 potentia,
1644 1777 1725 1861 quia
1749 1799 1820 1842 non
1846 1787 1899 1842 est
1922 1776 2050 1862 aliquid
2074 1776 2131 1842 cui
2154 1775 2349 1842 seeundum
2366 1795 2405 1840 se

928 1893 1116 1959 conveniat
1147 1915 1226 1959 esse
1265 1895 1359 1977 quod
1398 1894 1563 1959 convenit
1594 1894 1810 1959 substantiae
1841 1914 1904 1978 per
1934 1914 1973 1958 se
2004 1891 2217 1973 subsistenti,
2254 1913 2321 1958 nec
2352 1900 2406 1956 est

928 2009 1058 2094 aliquid
1082 2031 1153 2093 quo
1173 2009 1280 2074 alicui
1307 2010 1494 2075 conveniat
1522 2031 1601 2075 esse
1628 2011 1724 2094 quod
1749 2008 1912 2075 convenit
1935 2009 2078 2089 formae,
2106 2008 2250 2097 sed-est
2276 2006 2406 2092 aliquid

928 2144 998 2208 quo
1026 2122 1182 2207 aliquid²
1209 2133 1325 2209 potest
1350 2145 1438 2189 esse.
1467 2124 1570 2190 Unde
1598 2123 1723 2188 dicitur
1749 2122 1925 2208 septimo³
1948 2122 2208 2208 Metaphysicae
2232 2125 2308 2207 (1):
2336 2123 2406 2187 hoc

928 2250 1043 2304 autem
1072 2250 1125 2304 est
1152 2239 1294 2304 materia
1326 2240 1360 2303 in
1390 2261 1604 2324 unoquoque
1633 2239 1828 2304 secundum
1855 2261 1959 2323 quam
1988 2238 2154 2324 possibile
2181 2248 2235 2304 est
2262 2258 2341 2304 esse
2372 2247 2407 2304 et

929 2376 1000 2419 non
1028 2375 1107 2420 esse
1136 2357 1411 2439 unumquodque
1439 2377 1569 2420 eorum.
1595 2354 1764 2438 Quamvis
1792 2376 1877 2442 ergo
1902 2354 2045 2420 materia
2072 2354 2233 2440 importet
2256 2352 2406 2438 aliquam

928 2469 1117 2536 realitatem
1144 2483 1177 2535 et
1206 2470 1383 2535 entitatem
1415 2471 1449 2535 in
1477 2492 1590 2535 rerum
1621 2482 1754 2549 natura,
1783 2469 1840 2534 illa
1872 2482 1989 2536 tamen
2018 2480 2072 2536 est
2095 2469 2170 2535 talis
2194 2468 2406 2536 conditionis

929 2597 963 2651 et
986 2597 1130 2651 naturae
1155 2586 1250 2670 quod
1274 2586 1309 2650 in
1334 2586 1389 2651 illa
1413 2588 1466 2652 vel
1492 2587 1686 2652 secundum
1711 2586 1802 2653 illam
1827 2608 1899 2652 non
1923 2597 2040 2671 potest
2063 2586 2211 2653 existere
2234 2585 2268 2651 in
2292 2607 2406 2652 rerum

929 2712 1062 2767 natura.

1426 3121 1429 3127 -
1515 3088 1758 3172 Qunesno
1782 3089 1823 3153 ν.

937 3314 1079 3391 Utrum
1113 3315 1282 3389 scientia
1316 3313 1536 3414 theologica
1563 3314 1707 3388 lrabeat
1728 3321 1806 3412 pro
1835 3313 1980 3389 obiecto
2009 3314 2143 3388 Deum
2171 3311 2410 3412 simpliciter

1174 3454 1212 3523 et
1237 3449 1414 3523 absolute
1441 3448 1501 3523 vel
1528 3449 1601 3523 sub
1631 3447 1771 3550 aliqua
1799 3448 1956 3523 ratione
1983 3445 2161 3547 speciali.

1020 3747 1289 3833 Consequenter
1312 3751 1570 3834 quaerebantur
1593 3749 1766 3833 quaedam
1790 3748 1998 3835 pertinentia
2025 3749 2070 3814 ad
2098 3770 2222 3815 omnes
2248 3747 2408 3814 homines

930 3863 1139 3951 generaliter
1164 3863 1237 3930 sive
1265 3865 1310 3930 de
1338 3885 1560 3950 quocumque
1588 3875 1690 3931 statu.
1719 3864 1870 3930 Primum
1899 3875 1972 3930 erat
1997 3875 2112 3930 utrum
2139 3863 2286 3930 scientia
2312 3866 2410 3930 theo·

930 3979 1046 4067 logica
1077 3981 1183 4045 habet
1214 4002 1278 4065 pro
1310 3981 1449 4047 obiecto
1480 3982 1594 4047 Deum
1625 3980 1825 4068 simpliciter
1856 3993 1890 4047 et
1921 3981 2080 4047 absolute
2111 3982 2166 4046 vel
2197 3982 2263 4047 sub
2295 3979 2411 4066 aliqua

931 4094 1065 4160 ratione
1090 4097 1243 4181 speciali.

1019 4209 1063 4276 Et
1087 4213 1298 4299 arguebatur
1324 4212 1420 4296 quod
1448 4213 1546 4280 Deus
1577 4212 1779 4299 simpliciter
1806 4223 1841 4279 et
1868 4214 2026 4279 absolute
2054 4212 2128 4279 sive
2156 4211 2250 4278 sub⁴
2276 4213 2410 4278 ratione

932 4326 1091 4391 absoluta
1129 4348 1201 4392 non
1242 4327 1354 4413 possit
1392 4350 1471 4394 esse
1514 4329 1709 4396 subiectum
1748 4329 1960 4417 theologiae,
2001 4329 2082 4414 quia
2120 4328 2266 4395 scientia
2304 4329 2412 4394 habet

931 4440 1100 4507 rationem
1125 4456 1159 4507 et
1183 4443 1338 4527 speciem
1362 4444 1572 4561 ab„obieeto
1596 4445 1670 4512 sive
1695 4467 1715 4510 a
1739 4445 1873 4512 ratione
1896 4445 2032 4511 formali
2060 4444 2198 4511 obiecti.
2224 4444 2297 4512 Sed
2324 4443 2411 4510 ratio

932 4557 1085 4623 formalis
1110 4557 1186 4639 Dei,
1211 4571 1249 4624 ut
1272 4561 1431 4626 absolute
1456 4561 1707 4640 consideratur,
1732 4582 1805 4627 non
1831 4570 1884 4627 est
1905 4561 1974 4626 nisi
1997 4560 2084 4626 ratio
2109 4582 2194 4627 suae
2221 4560 2410 4626 infinitatis.

932 4671 1027 4760 Ergo
1053 4672 1154 4739 etiam
1179 4674 1326 4740 scientia
1349 4697 1439 4760 quae
1465 4688 1558 4742 esset
1578 4676 1623 4742 de
1643 4677 1722 4762 ipso
1744 4679 1810 4742 sub
1830 4675 1889 4742 tali
1909 4676 2043 4742 ratione
2064 4678 2211 4743 haberet
2234 4676 2411 4743 entitatem

917 4800 968 4887 ,et
995 4788 1165 4854 rationem
1193 4789 1267 4857 sive
1294 4791 1448 4877 speciem
1477 4791 1654 4858 infinitam.
1684 4792 1756 4860 Sed
1783 4794 1852 4859 hoc
1880 4803 1933 4859 est
1960 4792 2176 4879 impossibile
2208 4814 2340 4879 ponere
2367 4793 2412 4859 de

933 4903 1080 4970 seientia
1102 4904 1222 4970 habita
1244 4908 1289 4971 ab
1312 4907 1464 4974 homine.
1490 4909 1609 4992 Quare
1634 4921 1666 4975 et
1692 4918 1819 4994 cetera.

1022 5020 1164 5086 Contra.
1199 5022 1296 5088 Deus
1326 5022 1527 5110 simpliciter
1563 5024 1636 5091 sive
1670 5027 1737 5090 sub
1769 5025 1903 5091 ratione
1936 5026 2097 5091 absoluta
2130 5034 2184 5092 est
2217 5024 2413 5091 subiectum

933 5135 968 5200 in
996 5136 1053 5202 illa
1079 5136 1226 5203 scientia
1253 5139 1287 5204 in
1321 5161 1389 5224 qua
1422 5140 1662 5226 omnia-quae
1695 5141 1962 5208 considerantur
1996 5142 2031 5206 in
2059 5141 2115 5206 illa
2147 5141 2414 5208 considerantur

933 5251 966 5316 in
993 5266 1159 5337 quantum
1184 5254 1316 5320 habent
1339 5254 1489 5340 aliquam
1514 5257 1772 5324 attributionem
1797 5259 1842 5323 ad
1866 5258 1990 5344 ipsum.
2016 5258 2088 5325 Sed
2116 5257 2233 5323 omnia
2261 5279 2351 5343 quae
2377 5257 2412 5323 in

932 5368 1111 5457 theologia
1138 5369 1414 5450 considerantur,
1442 5371 1711 5439 considerantur
1738 5374 1773 5439 in
1802 5373 1879 5460 ipsa
1906 5373 1942 5439 in
1970 5384 2138 5458 quantum
2166 5375 2298 5439 habent
2322 5373 2413 5438 attri-

932 5482 1110 5549 butionem
1136 5484 1286 5570 aliquam
1310 5486 1355 5551 ad
1378 5486 1492 5572 ipsum
1517 5488 1641 5554 Deum.
1667 5489 1786 5573 Quare
1811 5501 1845 5556 et
1869 5501 1994 5556 cetera.

1025 5733 1032 5763 ¹
1047 5739 1092 5786 est
1105 5731 1136 5786 P.
1150 5763 1184 5771 -
1198 5732 1209 5764 ²
1223 5733 1311 5788 alicui
1320 5733 1351 5788 P.
1365 5765 1399 5774 -
1414 5735 1566 5791 ⁸secundo
1579 5736 1610 5790 P.
1624 5768 1659 5776 -
1672 5739 1683 5769 ⁴
1696 5735 1795 5808 aliqua
1807 5737 1878 5791 add.
1891 5737 1923 5791 P.

1023 5928 1063 5994 (1)
1082 5925 1295 5982 Aristotelis
1316 5929 1527 6000 Metaphysica‚
1546 5930 1563 5984 l.
1578 5931 1626 6000 Vl,
1640 5949 1665 5985 c.
1679 5935 1696 5986 7
1716 5931 1774 6000 (ed.
1788 5931 1914 5999 Bekker‚
1928 5933 1985 5986 vol.
2002 5932 2038 6001 II,
2057 5951 2085 6004 p.
2102 5936 2190 6002 1032).
2209 5935 2369 5993 ’Ἅπανταδὲ
2381 5938 2415 5992 τὰ

933 6009 1076 6148 ἷιγέόντενα
1087 6010 1191 6149 ἢῧῖόσει
1203 6011 1219 6078 ἢ
1232 6011 1314 6087 τέχνῃ
1327 6007 1384 6087 ἔχει
1402 6012 1476 6080 ὅλην·
1496 6016 1605 6070 δυνατὸν
1617 6017 1669 6089 γὰρ
1682 6019 1726 6072 καὶ
1739 6016 1859 6072 εἶναικαὶ
1872 6017 1909 6085 μὴ
1922 6016 1986 6072 εἶναι
1998 6018 2109 6074 ἕκαστον
2121 6019 2217 6083 αὐτῶν,
2231 6028 2310 6076 τοῦτο
2322 6020 2414 6076 δ’ἐστὶν

948 6115 962 6145 ν
993 6113 1084 6166 καστῳ
1136 6117 1162 6162 η.
2300 6112 2316 6160 2
