6700 7992
1147 1458 1364 1513 SEtlt'xbt'lt
1393 1458 1691 1527 QlYODLlBE'l'llll,
1718 1461 1754 1528 Q.
1783 1459 1834 1512 Vll
2180 1462 2222 1510 lll

746 1659 819 1704 non
848 1649 997 1723 possunt
1024 1660 1165 1702 manere
1193 1659 1236 1703 eo
1265 1639 1360 1721 qnod
1389 1637 1606 1702 actualitates
1635 1637 1882 1703 substantiales
1911 1636 2107 1722 important,
2133 1647 2166 1703 et
2193 1637 2227 1703 in

746 1753 943 1840 composito
971 1752 1190 1818 substantiali
1219 1774 1290 1817 non
1319 1764 1433 1838 potest
1466 1774 1543 1818 esse
1577 1753 1771 1817 semnnbnn
1804 1774 1883 1818 eum
1917 1752 1981 1818 nisi
2014 1774 2084 1818 una
2116 1754 2227 1819 l'ornra
2323 1776 2332 1791 ’

745 1869 995 1949 substantialis
1024 1869 1071 1934 ita
1099 1868 1202 1934 etiarn
1230 1889 1310 1933 cnm
1339 1868 1394 1932 illa
1422 1867 1669 1933 eonunixtione
1695 1868 1722 1932 si
1748 1868 1879 1933 diceret
1907 1868 2056 1953 aliquam
2082 1870 2227 1934 lonnam

745 1984 1021 2061 substantialem,
1053 2006 1123 2049 non
1162 1995 1282 2069 posset
1317 1983 1551 2068 compositum
1586 1983 1766 2068 suscipere.
1803 1984 1931 2049 aliarn¹
1967 1985 2112 2050 formam
2148 1986 2228 2050 sub·

744 2099 950 2167 stantialem.
991 2100 1034 2165 Et
1061 2099 1142 2165 ideo
1179 2121 1249 2164 non
1289 2098 1424 2163 ridetur
1462 2100 1652 2164 tenendum
1685 2120 1763 2164 esse
1803 2100 1899 2183 quod
1938 2098 2074 2165 videtur
2101 2121 2228 2167 sonare

744 2216 857 2282 littera
896 2214 1202 2293 Commentatoris,
1234 2216 1297 2280 sed
1338 2214 1417 2279 est²
1456 2215 1643 2280 dicendum
1680 2216 1776 2299 qnod
1811 2214 1958 2279 mixtio³
1993 2215 2029 2281 tit
2063 2238 2125 2301 per
2159 2218 2227 2281 boc

745 2332 841 2417 quod
869 2353 912 2398 ex
940 2330 1120 2397 elementis
1148 2331 1192 2395 ad
1226 2330 1373 2395 invicem
1407 2330 1603 2395 coniunctis
1635 2342 1668 2396 et
1702 2352 1763 2415 per
1794 2342 1947 2395 mutuam
1980 2331 2153 2398 actionem
2182 2333 2227 2397 ad

746 2447 894 2514 invicem
923 2446 1106 2532 corruptis,
1134 2458 1169 2512 et
1197 2458 1364 2529 quantum
1393 2447 1436 2510 ad
1466 2467 1545 2511 esse
1573 2445 1791 2512 accidentale
1819 2459 1852 2512 et
1880 2459 2048 2531 quantum
2076 2448 2119 2512 ad
2149 2470 2227 2514 esse

746 2562 984 2642 substantiale,
1016 2561 1158 2628 resultat
1190 2562 1313 2626 virtute
1346 2561 1492 2626 alienius
1524 2561 1661 2645 rigentis
1695 2562 1834 2646 aliquod
1872 2561 2013 2627 mixtum
2047 2574 2080 2629 et
2112 2562 2228 2648 aliqua

746 2678 894 2764 qualitas
921 2677 1036 2743 media
1061 2677 1148 2742 inter
1172 2677 1355 2761 qualitates
1383 2676 1613 2747 rniscibilirnn,
1640 2678 1729 2742 sient
1754 2679 1930 2762 quoddam
1959 2678 2111 2743 medium
2140 2678 2228 2746 inter

747 2805 909 2874 extrema,
936 2793 1102 2859 differens
1131 2794 1174 2857 ab
1203 2791 1253 2858 eis
1282 2813 1353 2857 non
1382 2792 1470 2859 sieut
1499 2793 1680 2857 remissurn
1710 2795 1754 2857 ab
1783 2793 1933 2871 intenso,
1961 2796 2023 2859 sed
2051 2794 2226 2880 specifice.

746 2911 790 2976 Et
815 2911 1010 2977 secundum
1039 2911 1107 2974 hoc
1136 2909 1399 2974 Commentator
1425 2919 1477 2973 est
1505 2910 1748 2993 exponendus,
1774 2923 1811 2974 nt
1835 2909 1960 2974 dicitur
1987 2910 2226 2991 ‹mirmurniter,

746 3027 841 3112 quod
866 3024 997 3092 scilicet
1021 3026 1193 3090 elementa
1217 3035 1359 3089 nument
1383 3024 1506 3089 virtute
1531 3024 1564 3089 in
1591 3025 1699 3089 forma
1725 3046 1795 3089 una
1819 3025 2014 3090 seeundum
2039 3026 2226 3092 essentiam

746 3140 841 3207 mixti
868 3152 903 3206 et
929 3140 964 3205 in
992 3139 1157 3225 qualitate
1186 3139 1300 3204 media
1327 3161 1417 3223 quae
1446 3140 1552 3204 multa
1581 3152 1634 3205 est
1661 3142 1855 3205 seeundum
1885 3139 2150 3219 virtute1n,non
2176 3142 2227 3209 sic

747 3269 862 3323 autem
887 3257 921 3321 in
947 3257 1120 3322 elemento
1145 3254 1261 3338 aliquo
1287 3266 1402 3319 manet
1428 3254 1570 3320 mixtum
1595 3255 1630 3320 in
1656 3255 1789 3321 virtute.
1809 3256 1912 3321 Unde
1932 3256 2043 3342 primo
2060 3259 2104 3323 de
2121 3280 2226 3343 geno

747 3372 881 3439 ratione
898 3374 965 3456 lb:
991 3392 1107 3455 neque
1132 3381 1273 3435 manent
1297 3382 1376 3434 artu
1402 3382 1439 3434 ut
1463 3391 1592 3457 corpus
1614 3382 1647 3436 et
1667 3372 1784 3436 album
1809 3394 1923 3456 neque
1948 3386 2226 3459 corrumpuntur,

747 3510 862 3573 neque
891 3488 1033 3553 alterum
1063 3508 1178 3570 neque
1206 3487 1321 3564 ambo,
1350 3487 1502 3551 salvatur
1529 3487 1620 3551 enim
1649 3487 1757 3552 virtus
1786 3510 1916 3552 eorum.
1947 3488 1988 3553 Et
2017 3489 2096 3555 ideo
2124 3489 2226 3555 etiam

747 3605 911 3671 dicuntur
937 3602 1043 3668 mixta
1072 3602 1183 3689 magis
1215 3602 1410 3687 composita
1443 3624 1546 3687 qnam
1579 3604 1751 3668 elementa
1783 3603 1816 3667 in
1848 3616 2014 3687 qnantum
2047 3616 2227 3672 renument

748 3721 881 3787 formae
905 3720 1156 3786 elementorum
1181 3728 1215 3785 et
1239 3717 1421 3802 ‹pralitates
1446 3718 1600 3803 ipsorum
1626 3740 1716 3803 quae
1741 3718 1902 3784 dieantur
1926 3719 2102 3806 simplices
2122 3721 2156 3787 in
2173 3720 2227 3787 illa

747 3838 860 3902 forma
882 3835 987 3916 mixti,
1012 3844 1046 3900 et
1069 3834 1104 3899 in
1130 3834 1294 3919 qualitate
1318 3833 1433 3900 media
1458 3856 1547 3918 quae
1572 3834 1697 3900 dicitur
1718 3835 1912 3920 composita
1937 3858 2008 3902 non
2032 3838 2226 3903 seeundum

748 3962 865 4039 partes
882 3950 1018 4018 realiter
1034 3948 1244 4029 differentes
1263 3951 1325 4015 sed
1343 3940 1538 4015 seeundum
1563 3960 1679 4036 partes
1704 3950 1864 4016 virtuales
1887 3951 2087 4019 dill'erentes
2103 3976 2227 4019 seeun-

748 4070 831 4135 dum
855 4067 1035 4133 rationem.
1062 4068 1265 4133 Secundum
1290 4069 1358 4133 hoc
1383 4066 1485 4132 etiam
1510 4067 1651 4132 mixtum
1681 4066 1805 4132 dieitur
1828 4067 1954 4133 resolvi
1982 4068 2016 4133 in
2033 4070 2225 4149 elernenta3

748 4206 821 4251 non
837 4183 888 4251 sic
905 4205 1014 4249 unum
1031 4183 1239 4249 elementum
1256 4183 1291 4248 in
1312 4183 1416 4264 aliud,
1433 4196 1576 4269 propter
1591 4183 1790 4249 buiusnmdi
1810 4185 1953 4249 l‘orrnarn
1976 4196 2009 4249 et
2026 4184 2224 4269 ‹pralitatern

748 4300 898 4366 mediam
922 4300 958 4365 in
983 4321 1051 4385 qua
1079 4300 1185 4365 modo
1213 4299 1414 4385 supradicto
1443 4299 1566 4364 virtute
1595 4300 1758 4364 dicuntur
1785 4322 1965 4367 remanere
1993 4301 2174 4382 elementa,
2193 4312 2226 4367 et

747 4438 816 4503 qua
840 4426 1003 4502 corrupta
1027 4414 1149 4480 iterum
1174 4428 1396 4503 generantur.
1415 4416 1459 4480 Et
1475 4417 1669 4482 secundum
1695 4417 1773 4493 boe,
1788 4415 1876 4481 sicut
1897 4418 2068 4482 elementa
2086 4429 2226 4483 manent

747 4531 782 4597 in
806 4530 930 4598 virtute
954 4531 990 4596 in
1016 4532 1125 4596 sonna
1149 4530 1241 4595 mixti
1271 4531 1485 4595 mineralinrn
1512 4544 1546 4596 et
1570 4531 1673 4596 otiam
1699 4532 1841 4596 ulterius
1870 4534 2041 4598 elementa
2065 4544 2098 4598 et
2123 4532 2226 4599 etiam

748 4647 858 4713 forma
882 4647 976 4711 mixti
1001 4646 1124 4711 virtute
1149 4661 1328 4711 remanent
1353 4646 1387 4711 in
1413 4647 1523 4711 fornia
1550 4647 1747 4731 vegetativa
1773 4648 2027 4731 vegetabilium,
2054 4648 2099 4713 ita
2124 4649 2225 4713 etiam

747 4763 890 4828 ulterius
913 4764 1002 4827 haec
1026 4762 1142 4827 onmia
1167 4762 1290 4828 virtute
1315 4774 1495 4827 remanent
1520 4762 1554 4826 in
1580 4785 1648 4827 ana
1673 4763 1788 4827 anima
1813 4763 2010 4828 animalium
2036 4765 2224 4831 brutorum.

748 4877 887 4944 Dictum
901 4877 1003 4944 etiam
1018 4877 1367 4959 Commentatorisffl)
1379 4899 1484 4963 snper
1498 4879 1594 4942 illud:
1610 4878 1774 4962 <proniani
1789 4878 1823 4943 in
1841 4880 2069 4946 fundamento
2083 4892 2226 4947 naturae

748 5005 782 5060 et
806 5005 932 5074 cetera,
950 4995 1044 5078 quod
1070 4993 1165 5078 prius
1190 4993 1429 5077 intelliguntur
1449 4993 1481 5057 in
1501 4994 1643 5058 materia
1668 4995 1801 5060 soranae
1822 4996 2036 5061 universales
2054 5008 2086 5061 et
2103 5008 2226 5082 postea

748 5110 881 5176 formae
905 5108 1131 5195 particulares
1157 5121 1190 5174 et
1215 5120 1340 5189 cetera,
1359 5120 1411 5173 est
1428 5109 1478 5174 sie
1496 5110 1770 5193 intelligernlurn,
1789 5113 1883 5194 quod
1903 5112 2099 5177 lruinsrnorli
2118 5114 2226 5178 onlo⁴

749 5225 934 5312 prioritatis
947 5236 981 5290 et
995 5225 1258 5310 posterioritatis
1276 5237 1328 5290 ost
1346 5226 1433 5290 ordo
1447 5225 1589 5289 rationis
1603 5226 1659 5309 qui
1681 5248 1750 5290 non
1773 5226 1912 5311 requirit
1925 5227 2079 5292 divorsas
2097 5229 2227 5294 fortnas

748 5340 885 5406 realiter
907 5340 943 5406 in
967 5341 1103 5407 eodem.

839 5655 847 5685 ¹
867 5652 994 5724 aliquam
1015 5654 1045 5706 P.
1066 5685 1099 5691 -
1119 5654 1130 5684 “·’
1149 5652 1236 5706 etiarn
1257 5653 1287 5705 P.
1308 5685 1340 5691 —
1362 5654 1372 5684 ³
1392 5653 1560 5706 eonnnixtio
1582 5654 1611 5706 1¹.
1627 5686 1658 5692 —
1684 5658 1688 5685 ¹
1709 5673 1763 5707 «einr.
1786 5656 1814 5707 l'.

836 5896 876 5959 (l)
906 5893 1129 5947 Aristotelis
1160 5894 1202 5945 ln
1226 5894 1423 5961 gernuulr'orn·
1449 5899 1476 5945 el
1504 5896 1695 5963 ‹orrrrplr‘ono
1716 5895 1732 5947 l.
1756 5897 1773 5957 l,
1794 5916 1817 5945 r.
1843 5900 1872 5947 ltJ
1893 5897 1961 5948 t'rol.
1982 5899 2002 5957 l,
2024 5917 2048 5967 p.
2069 5904 2141 5955 :tm
2161 5899 2227 5956 οὔτε,

748 5977 912 6045 διαμένουσιν
925 5977 970 6032 οὖν
988 5976 1104 6050 ἐνεργείᾳ
1123 5978 1214 6048 ὥσπερ
1231 5979 1261 6030 τὸ
1279 5987 1357 6044 σῶμα
1376 5982 1420 6031 καὶ
1438 5980 1469 6031 τὸ
1488 5980 1591 6035 λευκόν,
1611 5976 1671 6031 ἰζ-,ε
1691 5980 1847 6049 ‘arafam-‚zu
1863 5979 1923 6034 olea
1942 5982 2050 6052 ‘larisam
2068 5982 2121 6037 'rit'
2135 5985 2225 6059 lippo·

748 6060 862 6125 σώζεται
874 6062 925 6134 γὰρ
938 6062 954 6129 i,
966 6060 1073 6129 δύναμις
1086 6059 1182 6115 αὐτῶν.
1208 6096 1235 6102 -
1258 6068 1297 6129 (2)
1317 6063 1487 6116 Ar'errois
1508 6064 1682 6133 ,lletnplrvrsr'r
1691 6083 1726 6115 m*
1747 6065 1762 6115 l.
1780 6066 1799 6123 l,
1813 6084 1837 6117 ‹·.
1851 6072 1868 6119 2
1882 6070 1937 6119 rt?
1952 6068 2013 6123 l'bl.
