6700 7992
1032 1422 1082 1482 toa
1385 1417 1576 1481 MAGISTRI
1614 1417 1835 1481 Gubul-“lum
1863 1420 1915 1479 ba
1943 1418 2141 1481 FONTrssUs

1030 1606 1272 1673 deficientibus
1318 1617 1434 1671 tamen
1482 1606 1620 1672 delectu
1674 1628 1746 1671 non
1795 1616 1987 1693 apparente
2032 1605 2187 1691 perfecte
2233 1616 2268 1670 et
2317 1605 2508 1685 evidenter,

1031 1722 1230 1787 viderentur
1245 1722 1408 1800 tenenda,
1425 1734 1567 1807 propter
1583 1721 1822 1788 auctoritatem
1841 1721 2041 1807 Scripturae
2058 1732 2092 1787 et
2109 1720 2289 1787 Ecclesiae
2306 1720 2508 1807 aliqui[bu]s

1031 1836 1206 1901 assentiat.
1240 1835 1362 1900 Nullus
1398 1834 1489 1899 enim
1522 1835 1715 1900 catholicus
1751 1837 1855 1901 debet
1891 1835 2006 1901 dicere
2042 1836 2096 1899 vel
2133 1834 2261 1900 sentire
2296 1834 2507 1928 contrarium

1030 1952 1105 2017 eius
1129 1952 1223 2036 quod
1256 1952 1300 2016 ab
1325 1950 1484 2016 Ecclesia
1508 1951 1680 2016 catholica
1704 1964 1868 2017 censetur
1901 1972 1979 2017 esse
2012 1951 2213 2016 tenendum.
2245 1951 2349 2017 Unde
2382 1950 2509 2017 dicitur

1030 2067 1166 2133 decima
1204 2088 1298 2132 nona
1336 2065 1569 2147 distinctione,
1609 2068 1761 2152 capitulo
1794 2074 1873 2150 tl:
1910 2067 1961 2132 sic
2004 2088 2126 2132 omnes
2166 2067 2381 2152 apostolicae
2413 2067 2508 2132 sedis

872 2187 977 2244 codv
1031 2183 1231 2249 sanctiones
1263 2186 1267 2266 Ι
1300 2182 1526 2268 accipiendae
1551 2194 1632 2248 sunt
1653 2194 1817 2267 tanquam
1838 2183 1947 2268 ipsius
1973 2182 2063 2247 Petri
2089 2182 2205 2247 divina
2230 2204 2316 2249 voce
2340 2183 2507 2249 firmatae.

843 2258 955 2316 mm
970 2261 1009 2314 Ra
1118 2300 1194 2365 Nec
1218 2298 1320 2364 etiarn
1345 2298 1532 2364 dicendum
1558 2309 1610 2364 est
1634 2298 1764 2384 aliquid
1782 2311 1903 2364 contra
1927 2298 2010 2363 illud
2035 2299 2130 2382 quod
2154 2298 2266 2364 sancti
2290 2299 2508 2385 expositores

1029 2414 1253 2501 scripserunt,
1278 2413 1313 2479 in
1345 2425 1512 2500 quantum
1537 2426 1618 2479 sunt
1649 2435 1768 2481 eorum
1796 2414 1988 2500 scripturae
2012 2416 2056 2479 ab
2087 2414 2245 2480 Ecclesia
2269 2417 2507 2501 approbatae3

1029 2531 1114 2597 nec¹
1152 2541 1316 2616 tanquam
1350 2551 1468 2596 verum
1500 2531 1691 2596 tenendum
1724 2526 1788 2595 est'
1812 2530 1845 2594 id
1878 2532 1972 2615 quod
2008 2530 2178 2610 dixerunt,
2212 2530 2314 2596 etiam
2350 2551 2393 2596 eo
2430 2529 2508 2617 ipso

1029 2648 1125 2732 quod
1150 2646 1320 2726 dixerunt,
1345 2645 1404 2711 ubi
1428 2657 1611 2732 appareret
1635 2646 1669 2710 in
1694 2646 1779 2731 ipsis
1804 2646 1935 2711 falsitas
1960 2646 2153 2711 manifesta.
2179 2646 2258 2712 Hoc
2282 2647 2389 2713 modo
2414 2626 2507 2712 enim

1030 2761 1267 2850 intelliguntur
1301 2763 1515 2848 approbatae
1550 2760 1742 2848 scripturae
1770 2762 1885 2828 dictae
1921 2763 1964 2826 ab
1997 2760 2166 2827 Ecclesia.
2192 2762 2281 2826 Nam
2312 2762 2392 2828 licet
2430 2761 2507 2828 libri

1030 2876 1218 2966 Augustini
1242 2888 1284 2943 et·
1307 2876 1450 2943 aliorum
1476 2887 1675 2943 sanctorum
1711 2879 1892 2942 doctorum
1928 2879 1972 2941 ab
2008 2877 2167 2942 Ecclesia
2198 2877 2408 2964 gener-aliter
2438 2878 2507 2943 sint

1029 2992 1223 3079 approbati,
1249 3004 1285 3058 ut
1313 3004 1407 3078 patet
1440 2992 1575 3057 decima
1610 2991 1730 3077 quinta
1763 2992 1995 3072 distinctione,
2028 2992 2180 3077 capitulo
2206 2994 2337 3059 Sancta
2361 3015 2507 3059 romana

1030 3108 1188 3175 Ecclesia
1206 3111 1263 3193 (9),
1284 3119 1401 3174 tamen
1425 3108 1459 3173 in
1485 3108 1656 3192 aliquibus
1686 3108 1787 3174 dictis
1811 3108 1845 3173 in
1871 3108 1997 3193 quibus
2021 3107 2132 3196 magis
2157 3120 2209 3173 est
2233 3120 2358 3194 postea
2380 3108 2507 3175 veritas

1029 3225 1212 3306 declarata,
1237 3244 1309 3289 non
1333 3222 1476 3289 omnino
1501 3233 1663 3289 tenentur
1686 3236 1720 3289 et
1748 3235 1874 3290 cetera.
1900 3224 2002 3289 Unde
2031 3223 2133 3288 etiam
2162 3223 2244 3290 dicit
2271 3224 2506 3313 Augustinus

1028 3351 1216 3426 antequam
1252 3339 1327 3407 eius
1362 3338 1532 3425 scriptura
1567 3350 1660 3405 esset
1691 3339 1742 3405 sic
1778 3342 1982 3426 approbata,
2007 3339 2108 3405 tertio
2133 3340 2178 3405 de
2201 3339 2370 3407 Trinitate
2387 3343 2446 3424 (3),
2470 3341 2506 3407 in

1028 3455 1200 3543 principio
1223 3455 1297 3521 sive
1331 3454 1365 3520 in
1402 3456 1571 3543 prologo:
1607 3455 1643 3520 in
1678 3454 1840 3521 omnibus
1876 3454 1996 3521 litteris
2031 3455 2117 3521 meis
2153 3477 2224 3521 non
2261 3457 2376 3521 solum
2411 3456 2507 3544 pium

1028 3572 1204 3652 lectorem,
1216 3572 1278 3638 sed
1296 3569 1399 3638 etiam
1416 3569 1560 3636 liberum
1578 3580 1810 3637 correctorem
1827 3571 2007 3650 desidero;
2025 3581 2059 3637 et
2075 3569 2165 3635 inira
2181 3571 2223 3636 de
2240 3570 2506 3656 Trinitate²(3):

1029 3686 1101 3753 noli
1142 3686 1228 3753 meis
1265 3685 1385 3753 litteris
1424 3686 1523 3771 quasi
1560 3686 1740 3753 canonicis
1775 3686 1915 3767 servire,
1957 3687 2020 3752 sed
2059 3686 2093 3751 in
2133 3686 2200 3752 illis
2234 3698 2268 3753 et
2302 3688 2398 3772 quod
2434 3708 2506 3753 non

1028 3803 1199 3869 credebas
1233 3823 1311 3869 cum
1340 3801 1515 3868 inveneris
1539 3801 1782 3868 incunctanter
1806 3803 1921 3883 crede,
1945 3801 1981 3867 in
2005 3801 2080 3867 istis
2104 3814 2220 3868 autem
2248 3803 2343 3887 quod
2372 3814 2507 3869 certum

1028 3940 1100 3984 non
1124 3919 1280 3984 habebas
1305 3917 1371 3983 nisi
1395 3928 1527 3983 certum
1550 3917 1761 3984 intellexeris
1785 3917 1856 3983 noli
1880 3918 1978 3984 firme
2001 3917 2160 3984 retinere.

1109 4010 1160 4100 'Et
1183 4033 1264 4099 ideo
1288 4054 1359 4099 non
1384 4043 1437 4099 est
1461 4034 1675 4099 credendum
1700 4035 1795 4119 quod
1820 4033 1943 4118 aliquis
1976 4032 2089 4099 fidelis
2117 4033 2171 4099 his
2205 4033 2329 4101 diebus
2361 4036 2507 4102 auderet

1027 4149 1154 4232 dicere,
1179 4151 1274 4236 quod
1309 4149 1368 4235 qui
1402 4151 1474 4215 vult
1506 4149 1621 4215 dicere
1656 4151 1752 4236 quod
1787 4150 1822 4215 in
1861 4150 2002 4215 homine
2038 4150 2081 4214 sit
2120 4161 2251 4215 tantum
2287 4172 2358 4216 una
2394 4152 2506 4218 forma

1027 4265 1264 4332 substantialis
1303 4276 1337 4331 et
1375 4287 1417 4331 ea
1456 4286 1546 4350 quae
1585 4265 1819 4346 circumstant,
1857 4287 1928 4330 non
1969 4277 2105 4331 tenetur
2144 4266 2178 4330 in
2224 4266 2351 4331 talibus
2380 4267 2505 4335 ‚fidem

1027 4381 1194 4448 adhibere
1225 4380 1420 4447 auctoritati
1444 4401 1557 4466 papae
1592 4382 1646 4446 vel
1671 4380 1833 4468 Gregorii
1868 4382 1923 4446 vel
1959 4381 2147 4469 Augustini
2183 4383 2235 4447 vel
2272 4382 2505 4449 consimilium

1027 4510 1086 4563 aut
1117 4497 1369 4582 cuiuscumque
1404 4496 1568 4584 magistri,
1593 4497 1655 4562 sed
1692 4508 1824 4562 tantum
1849 4497 2044 4563 auctoritati
2068 4497 2194 4562 bibliae
2226 4508 2259 4563 et
2284 4498 2506 4565 necessariae

1028 4613 1163 4694 rationi,
1198 4613 1279 4679 licet
1313 4615 1383 4679 hoc
1419 4612 1618 4697 imponatur
1652 4612 1790 4678 cuidam
1837 4613 1984 4692 Valenti,
2031 4613 2157 4679 clerico
2194 4625 2227 4678 et
2266 4613 2444 4702 magistro,
2486 4637 2505 4682 a

1027 4730 1127 4797 cuius
1146 4751 1207 4796 ore
1231 4728 1347 4794 audivi
1372 4729 1467 4813 quod
1491 4749 1669 4812 nunquam
1695 4726 1745 4794 sic
1770 4727 1854 4793 dixit
1878 4750 1945 4793 nec
1969 4728 2144 4815 cogitavit.

1116 4846 1173 4910 Ob
1223 4842 1451 4910 reverentiam
1497 4864 1583 4931 ergo
1623 4855 1823 4909 sanctorum
1864 4865 1936 4908 non
1983 4855 2064 4909 sunt
2111 4844 2335 4912 auctoritates
2382 4867 2504 4912 eorum

1026 4960 1217 5045 aliqualiter
1255 4960 1451 5048 negandae,
1495 4958 1597 5025 etiam
1644 4959 1671 5023 si
1719 4958 1984 5045 superficialiter
2030 4960 2273 5027 consideratae
2321 4961 2505 5028 videantur

1025 5076 1159 5144 veritati
1182 5096 1390 5163 repugnare,
1415 5075 1478 5141 sed
1495 5085 1576 5140 sunt
1596 5096 1673 5140 cum
1693 5097 1820 5163 magna
1842 5074 2021 5163 diligentia
2045 5088 2079 5141 et
2102 5078 2238 5143 cautela
2260 5078 2503 5162 exponendae.

1024 5193 1100 5259 Nec
1131 5192 1201 5258 vidi
1237 5213 1303 5259 nec
1340 5189 1456 5257 audivi
1491 5190 1715 5257 auctoritates
1750 5201 1951 5257 sanctorum
1988 5213 2077 5276 quae
2113 5193 2317 5279 allegantur,
2354 5205 2388 5259 et
2423 5214 2504 5260 cum

1024 5329 1154 5396 magno
1187 5306 1306 5373 labore
1342 5318 1375 5373 et
1410 5306 1642 5373 sollicitudine
1667 5307 1770 5372 anxia
1804 5318 2064 5395 congregantur
2099 5320 2133 5373 et
2168 5309 2432 5374 accumulantur
2458 5310 2504 5375 ad

1023 5424 1244 5511 probandum
1269 5423 1363 5508 quod
1387 5422 1422 5487 in
1446 5423 1589 5488 homine
1613 5433 1694 5488 sunt
1719 5423 1835 5508 plures
1860 5424 2002 5503 formae,
2028 5435 2062 5488 ct
2086 5424 2181 5508 quod
2203 5424 2319 5489 anima
2342 5436 2504 5511 separata

1114 5738 1120 5768 ¹
1135 5753 1201 5790 nam
1223 5734 1256 5788 V.
1276 5765 1309 5775 -—
1330 5735 1340 5766 ²
1353 5730 1427 5788 inira
1447 5734 1482 5787 de
1506 5733 1654 5787 Trinitate
1665 5736 1683 5803 .·]
1698 5732 1723 5786 ja
1733 5737 1761 5788 t’.
1776 5733 1822 5789 do.
1837 5734 1870 5788 V.

1094 5951 1133 6016 tl)
1154 5965 1178 6002 c.
1191 5951 1217 6003 2.
1231 5947 1267 6001 D.
1280 5947 1357 6001 XIX.
1372 5978 1405 5986 —
1419 5949 1458 6014 (2)
1479 5963 1504 6001 c.
1519 5949 1544 6000 3.
1562 5946 1597 6000 D.
1612 5944 1672 6000 XV.
1694 5976 1726 5985 -
1747 5949 1786 6012 (3)
1805 5946 1997 6017 Augustini
2018 5947 2062 6000 De
2086 5947 2235 6001 Trinitate
2253 5948 2270 6003 l.
2291 5948 2343 6016 Ill,
2362 5952 2379 6004 2
2398 5947 2441 6015 (P.
2461 5948 2503 6018 L,

1022 6039 1079 6095 vol.
1097 6038 1141 6107 42,
1160 6037 1216 6091 col.
1234 6038 1308 6103 869).
