6700 7992
1120 1442 1170 1492 188
1482 1431 1673 1493 MAGISTRI
1703 1430 1924 1493 GODEFRIDl
1952 1438 2004 1492 DE
2033 1431 2231 1495 FONTIBUS

1118 1640 1181 1705 per
1211 1617 1303 1684 idem
1328 1639 1417 1699 esse,
1449 1617 1530 1703 quia
1558 1629 1639 1684 sunt
1664 1618 1701 1683 in
1733 1619 1927 1685 substantia
1956 1618 2126 1686 existente
2162 1641 2225 1705 per
2260 1641 2338 1686 esse
2370 1621 2516 1688 actuale.
2553 1621 2597 1688 Et

1118 1734 1199 1800 ideo
1230 1733 1355 1799 dicitur
1382 1735 1477 1819 quod
1501 1733 1695 1800 substantia
1728 1746 1762 1800 et
1793 1735 1958 1801 accidens
1990 1746 2071 1800 sunt
2103 1757 2210 1827 unum
2237 1737 2290 1802 vel
2323 1735 2414 1803 idem
2446 1735 2481 1802 in
2506 1758 2595 1805 esse.

1118 1851 1193 1917 Nec
1217 1860 1359 1936 propter
1382 1849 1538 1916 diversas
1563 1862 1704 1916 naturas
1729 1850 1997 1916 substantialcs¹
2025 1862 2162 1937 oportet
2187 1851 2221 1915 in
2245 1852 2369 1918 eodem
2394 1874 2473 1919 esse
2497 1854 2597 1940 plura

1118 1987 1207 2032 esse.
1240 1966 1493 2050 Quaecumque
1517 1966 1650 2032 formae
1678 1965 1925 2031 substantiales
1956 1966 2191 2055 intelligantur
2223 1988 2301 2034 esse
2336 1967 2448 2049 simul,
2473 1990 2596 2036 omnes

1118 2103 1157 2148 se
1180 2093 1301 2149 tenent
1325 2103 1367 2149 ex
1391 2092 1488 2168 parte
1512 2081 1651 2169 generis
1676 2093 1812 2167 praeter
1836 2082 1988 2147 ultimam
2013 2103 2103 2167 quae
2121 2082 2326 2149 determinat
2350 2085 2395 2149 ad
2419 2085 2595 2171 speciem3

1119 2200 1213 2265 unde
1237 2219 1315 2265 cum
1343 2218 1458 2286 genus
1485 2199 1617 2263 nullum
1649 2199 1776 2263 habeat
1800 2219 1879 2264 esse
1903 2197 1969 2263 nisi
1994 2219 2072 2264 esse
2096 2198 2302 2284 specierum,
2328 2212 2466 2285 oportet
2501 2202 2597 2286 quod

1118 2315 1314 2380 secundum
1353 2314 1448 2398 quod
1488 2312 1608 2379 ultima
1647 2313 1841 2379 differentia
1877 2324 1930 2380 est
1969 2336 2048 2394 una,
2080 2315 2177 2398 quod
2216 2315 2318 2380 etiam
2358 2337 2414 2381 res
2453 2315 2489 2382 in
2528 2338 2597 2401 qua

1119 2441 1381 2519 congregantur
1418 2429 1576 2495 diversae
1616 2429 1748 2495 formae
1784 2429 2031 2495 substantiales
2070 2429 2114 2495 sit
2152 2442 2285 2496 tantum
2324 2431 2466 2497 unicum
2506 2453 2597 2500 esse.

1118 2548 1194 2614 Nec
1218 2556 1360 2632 propter
1383 2545 1617 2612 diversitatem
1642 2557 1842 2610 naturarum
1867 2556 1901 2611 et
1924 2545 2154 2613 essentiarum
2172 2546 2437 2613 accidentalium
2459 2558 2598 2634 oportet

1119 2684 1251 2750 ponere
1287 2663 1321 2727 in
1354 2662 1478 2729 eodem
1516 2661 1652 2726 diversa
1692 2682 1781 2740 esse,
1817 2661 1909 2746 quia,
1946 2674 1984 2726 ut
2015 2660 2140 2727 dicitur
2175 2661 2209 2726 in
2248 2661 2420 2749 principio
2459 2662 2597 2750 septimi

1119 2778 1380 2865 Metaphysicae
1397 2781 1455 2861 (1),
1480 2776 1674 2843 accidentia
1710 2799 1783 2842 non
1814 2789 1895 2843 sunt
1927 2777 2020 2842 entia
2054 2776 2120 2843 nisi
2152 2777 2232 2862 quia
2264 2789 2346 2843 sunt
2377 2778 2476 2845 entis,
2501 2779 2596 2866 Ergo

1119 2894 1272 2961 similiter
1299 2915 1365 2959 nec
1390 2904 1471 2959 sunt
1494 2892 1676 2959 existentia
1700 2892 1767 2957 nisi
1792 2892 1872 2977 quia
1896 2905 1977 2957 sunt
2001 2892 2146 2957 alicuius
2171 2892 2360 2959 existentis,

1207 3012 1288 3077 Hoc
1323 3009 1425 3075 etiam
1457 3009 1548 3074 idem
1580 3008 1736 3096 arguitur
1766 3008 1898 3075 ratione
1930 3008 2009 3073 tali:
2046 3009 2090 3073 de
2126 3008 2260 3074 ratione
2296 3030 2375 3076 esse
2411 3022 2463 3076 est
2501 3011 2597 3095 quod

1119 3127 1163 3193 sit
1198 3127 1242 3192 ab
1271 3125 1385 3211 aliquo
1420 3124 1663 3211 participatum
1694 3135 1726 3189 et
1755 3136 1933 3209 receptum
1971 3124 2005 3188 in
2038 3124 2164 3209 aliquo,
2190 3137 2224 3190 et
2255 3126 2350 3209 quod
2383 3125 2497 3211 ipsum
2525 3147 2598 3192 non

1119 3243 1163 3309 sit
1192 3242 1333 3327 aliquod
1365 3240 1577 3327 participans
1609 3241 1664 3305 vel
1702 3240 1842 3325 aliquod
1875 3239 2057 3326 recipiens.
2095 3241 2167 3307 Sed
2198 3240 2226 3305 si
2259 3241 2293 3306 in
2326 3242 2450 3308 eodem
2480 3252 2599 3308 essent

1120 3360 1217 3445 plura
1245 3379 1334 3437 esse,
1374 3378 1454 3422 cum
1497 3367 1674 3443 oporteret
1708 3377 1750 3421 ea
1786 3357 1830 3421 ad
1870 3355 2017 3421 invicem
2053 3377 2132 3422 esse
2162 3357 2332 3438 ordinata,
2365 3379 2472 3423 unum
2504 3368 2599 3424 esset

1119 3477 1163 3541 ab
1191 3474 1259 3540 alio
1287 3472 1529 3559 participatum
1562 3484 1596 3537 et
1624 3494 1731 3537 unum
1761 3472 1794 3536 in
1823 3471 1890 3537 alio
1915 3484 2104 3557 receptum.
2133 3473 2214 3538 Hoc
2246 3486 2361 3538 autem
2394 3485 2446 3539 est
2478 3472 2598 3540 incon·

1120 3590 1276 3657 veniens,
1301 3590 1396 3677 Ergo
1422 3600 1474 3654 est
1498 3599 1629 3654 tantum
1648 3588 1788 3653 unicum
1815 3609 1903 3654 esse.

1208 3706 1279 3773 Sed
1305 3716 1422 3771 tamen
1448 3704 1545 3770 aliter
1573 3704 1708 3770 videtur
1735 3724 1813 3770 esse
1842 3703 2029 3769 dicendum
2055 3705 2150 3789 quod
2181 3704 2220 3785 si,
2249 3716 2287 3770 ut
2310 3705 2441 3770 dictum
2469 3716 2522 3771 est
2539 3707 2597 3790 (2),

1118 3822 1255 3889 realiter
1286 3843 1357 3887 non
1397 3821 1512 3887 differt
1541 3841 1619 3885 esse
1651 3821 1695 3885 ab
1731 3818 1884 3886 essentia
1915 3819 1989 3885 sive
2024 3820 2145 3900 forma,
2181 3831 2265 3906 quot
2300 3832 2382 3886 sunt
2413 3820 2447 3886 in
2481 3820 2597 3906 aliquo

1119 3938 1293 4005 essentiae
1328 3936 1402 4003 sive
1437 3936 1579 4017 formae,
1615 3947 1667 4001 tot
1697 3946 1779 4001 sunt
1808 3935 1911 4002 etiam
1944 3957 2032 4002 esse.
2070 3936 2177 4001 Immo
2207 3936 2310 4001 etiam
2334 3935 2427 4002 idem
2461 3936 2598 4002 videtur

1119 4074 1198 4121 esse
1224 4054 1422 4134 dicendum,
1451 4052 1480 4118 si
1508 4073 1586 4119 esse
1611 4053 1654 4117 ab
1684 4051 1836 4119 essentia
1861 4051 1998 4117 realiter
2024 4052 2160 4118 differat
2184 4062 2218 4118 et
2248 4051 2292 4117 sit
2317 4051 2391 4118 eius
2416 4051 2597 4118 actualitas

1120 4171 1211 4237 sicut
1238 4170 1350 4234 forma
1377 4168 1550 4234 materiae.
1577 4168 1666 4233 Cum
1703 4167 1795 4234 enim
1823 4166 1905 4232 illud
1942 4167 1976 4232 in
2005 4188 2076 4252 quo
2105 4179 2187 4233 suut
2214 4169 2331 4253 plures
2362 4168 2495 4236 formae
2524 4188 2598 4234 non

1120 4286 1232 4373 possit
1259 4307 1339 4352 esse
1367 4306 1475 4351 unum
1501 4282 1702 4370 simpliciter
1725 4295 1759 4350 et
1786 4304 1849 4370 per
1876 4304 1924 4364 se,
1950 4322 1991 4331 —
2016 4283 2067 4349 sic
2102 4283 2193 4350 enim
2229 4294 2311 4349 sunt
2344 4306 2453 4349 unum
2482 4284 2597 4350 solum

1120 4405 1220 4490 plura
1247 4423 1394 4487 quorum
1423 4423 1530 4466 unum
1559 4411 1612 4466 est
1637 4398 1837 4486 simpliciter
1865 4398 2021 4485 potentia
2055 4409 2090 4465 et
2120 4399 2213 4465 aliud
2249 4399 2451 4485 simpliciter
2475 4410 2597 4479 actus;
2658 4443 2662 4451 -

1120 4520 1183 4584 sed
1214 4518 1307 4603 quod
1340 4528 1393 4583 est
1424 4515 1625 4602 simpliciter
1656 4515 1812 4602 potentia
1847 4527 1884 4581 ut
1916 4527 1970 4581 est
2000 4516 2066 4580 sub
2102 4515 2218 4600 aliquo
2255 4528 2334 4580 actu
2370 4537 2442 4581 non
2481 4525 2598 4602 potest

1121 4634 1268 4720 amplius
1299 4632 1443 4720 intelligi
1482 4644 1519 4697 ut
1559 4631 1760 4716 simpliciter
1796 4642 1830 4697 et
1869 4652 1955 4717 pura
1993 4629 2160 4716 potentia,
2200 4643 2234 4696 et
2269 4631 2349 4696 ideo
2388 4629 2489 4698 etiam
2531 4651 2598 4697 nec

1121 4749 1249 4835 aliquid
1273 4759 1435 4836 respectu
1460 4748 1535 4814 eius
1560 4758 1597 4813 ut
1611 4746 1813 4833 simpliciter
1831 4758 1930 4813 actus
1956 4746 2028 4812 sive
2046 4758 2083 4813 ut
2107 4748 2195 4812 dans
2220 4768 2298 4812 esse
2320 4746 2531 4833 simpliciter,
2557 4784 2598 4796 -

1121 4866 1316 4933 secundum
1344 4875 1459 4930 autem
1484 4865 1580 4949 quod
1608 4864 1883 4948 unumquodque
1908 4874 1961 4929 est
1984 4884 2047 4928 ens
2072 4874 2124 4929 est
2152 4860 2254 4929 etiam
2279 4884 2388 4928 unum
2412 4863 2479 4928 tale
2503 4860 2598 4948 quid,

1122 5004 1206 5071 ergo
1231 4981 1265 5047 in
1291 4991 1458 5066 quantum
1482 4979 1562 5046 talia
1586 4979 1828 5065 complectitur
1852 5000 1918 5046 nec
1943 4990 1995 5046 est
2031 5000 2094 5046 ens
2130 4978 2331 5064 simpliciter
2365 4977 2439 5044 sive
2463 4999 2526 5065 per
2559 4999 2599 5045 se

1121 5100 1185 5165 sed
1209 5119 1271 5184 per
1294 5097 1469 5177 accidens
1498 5116 1564 5162 nec
1592 5095 1695 5161 etiarn
1724 5106 1776 5161 est
1803 5116 1910 5160 unum
1937 5094 2148 5181 simpliciter.
2180 5095 2260 5161 Hoc
2292 5105 2408 5162 autem
2436 5105 2489 5161 est
2517 5093 2605 5179 quia·

1034 5258 1036 5269 ι
1120 5215 1189 5280 tale
1205 5213 1289 5299 quid
1316 5214 1451 5278 habens
1478 5212 1595 5298 plures
1620 5212 1749 5277 formas
1774 5222 1808 5277 et
1832 5222 1941 5291 actus,
1966 5212 2072 5276 habet
2097 5209 2200 5277 etiam
2225 5211 2324 5296 plura
2341 5231 2429 5278 esse.
2454 5210 2599 5277 Verum·

1121 5342 1238 5397 tamen
1255 5328 1336 5413 quia
1359 5328 1394 5393 in
1419 5349 1462 5394 eo
1487 5327 1522 5393 in
1541 5349 1611 5413 quo
1637 5338 1718 5392 sunt
1742 5326 1793 5393 sic
1816 5327 1915 5412 plura
1940 5327 2036 5410 quod
2059 5325 2103 5392 sit
2127 5325 2230 5392 etiam
2254 5348 2362 5392 unum
2387 5324 2598 5413 simpliciter,

1122 5455 1260 5532 oportet
1294 5445 1389 5530 quod
1421 5443 1465 5510 sit
1501 5443 1643 5527 aliquod
1674 5464 1783 5509 unum
1818 5463 1888 5528 quo
1913 5453 1966 5508 est
2003 5441 2204 5529 simpliciter
2236 5464 2299 5508 ens
2324 5440 2417 5508 etin
2442 5452 2533 5524 actu,
2565 5451 2600 5508 et

1121 5563 1191 5628 hoc
1216 5572 1268 5629 est
1293 5561 1402 5627 forma
1426 5559 1661 5626 substantialis
1686 5580 1777 5643 quae
1810 5568 1863 5625 est
1890 5569 1989 5624 actus
2023 5557 2224 5644 simpliciter
2258 5569 2291 5623 et
2322 5579 2413 5643 quae
2438 5557 2497 5624 dat
2520 5576 2600 5624 esse

1213 5862 1469 5919 ¹substantialium
1488 5861 1523 5917 V.

1210 6063 1249 6128 (l)
1271 6059 1330 6114 Cir.
1350 6077 1378 6131 p.
1397 6061 1441 6127 43,
1460 6076 1487 6113 n.
1508 6061 1556 6125 (2).
1577 6087 1610 6097 —
1629 6060 1668 6125 (2)
1690 6055 1749 6112 cfr.
1770 6055 1877 6125 Quodl.
1898 6054 1939 6109 111
1959 6072 1986 6126 q.
2007 6057 2020 6109 1
2042 6059 2081 6126 (p.
2102 6056 2154 6110 lor
2172 6058 2258 6126 sqq).
