6700 7992
1354 1453 1530 1511 rennuit
1558 1453 1858 1528 Quoumoeruu,
1885 1453 1922 1528 Q.
1950 1453 1992 1509 rx
2351 1456 2404 1510 217

927 1647 1084 1725 potestas
1101 1634 1265 1703 audiendi
1289 1635 1535 1702 confessiones
1560 1656 1580 1700 a
1604 1656 1698 1722 papa
1720 1636 1776 1702 vel
1800 1658 1820 1701 a
1843 1636 1959 1725 legato
1977 1645 2011 1701 et
2027 1637 2071 1701 ab
2096 1635 2184 1722 ipso,
2202 1634 2404 1721 irrequisitis

927 1752 1169 1821 sacerdotibus
1192 1751 1423 1833 inferioribus,
1448 1762 1597 1838 possunt
1620 1751 1727 1817 libere
1751 1751 1872 1818 audire
1896 1751 2139 1818 confessiones
2165 1763 2200 1819 et
2222 1753 2404 1818 absolvere

928 1868 1160 1956 poenitentes
1195 1867 1242 1934 ita
1279 1878 1395 1934 tamen
1426 1869 1522 1952 quod
1561 1867 1685 1933 virtute
1720 1867 1796 1934 talis
1832 1867 2089 1934 commissionis
2124 1867 2296 1955 generalis
2332 1888 2402 1933 non

929 1984 1142 2052 extendant¹
1176 2006 1300 2050 manus
1336 1985 1381 2049 ad
1415 2004 1519 2050 casus
1554 1995 1588 2050 et
1623 1993 1748 2064 cetera,
1784 1983 1852 2048 nisi
1886 1983 1988 2050 etiam
2021 2006 2127 2070 super
2161 1983 2225 2049 illis
2262 1983 2311 2050 eis
2346 1983 2404 2049 fiat

928 2099 1129 2168 commissio
1153 2099 1325 2187 specialis.
1351 2100 1440 2166 Cum
1465 2121 1550 2187 ergo
1576 2098 1610 2164 in
1635 2099 1729 2165 dicto
1755 2099 1937 2188 privilegio
1961 2099 2099 2164 Martini
2116 2102 2162 2183 (1)
2187 2086 2403 2186 quodetiam

927 2218 1060 2284 habent
1089 2216 1212 2282 fratres
1247 2216 1517 2302 praedicatores,
1549 2237 1623 2281 non
1653 2215 1713 2281 liat
1744 2215 1873 2281 mentio
1910 2217 1954 2282 de
1989 2215 2188 2281 huiusmodi
2221 2215 2404 2304 privilegio

928 2332 1119 2400 Clementis
1144 2353 1226 2418 per:
1263 2353 1334 2397 non
1360 2334 1520 2397 obstante
1545 2343 1578 2397 et
1609 2342 1734 2412 cetera,
1759 2331 1884 2397 necin
1908 2331 2107 2397 huiusmodi
2133 2331 2315 2419 privilegio
2346 2332 2405 2399 fiat

927 2448 1089 2515 fratribus
1123 2449 1167 2514 de
1203 2447 1304 2514 dictis
1340 2447 1479 2514 casibus
1516 2447 1717 2513 commissio
1754 2446 1926 2532 specialis
1958 2447 2095 2514 videtur
2118 2450 2213 2533 quod
2248 2449 2293 2513 ad
2328 2448 2405 2516 illos

927 2586 1001 2631 non
1028 2575 1177 2652 possunt
1204 2565 1393 2630 extendere
1420 2586 1544 2629 manus
1573 2585 1665 2629 suas
1695 2565 1766 2629 Sed
1795 2564 1943 2629 eandem
1969 2563 2128 2629 videntur
2154 2565 2284 2631 habere
2309 2575 2405 2650 pote-

929 2690 1053 2747 statem
1076 2679 1202 2755 virtute
1234 2679 1316 2745 dicti
1344 2679 1513 2767 privilegii
1541 2680 1662 2745 fratres
1690 2679 1844 2745 minores
1872 2701 1974 2763 quam
2000 2681 2130 2745 habent
2161 2680 2284 2746 fratres
2309 2703 2405 2767 prae·

929 2796 1111 2863 dicatores.
1137 2795 1231 2885 Ergo
1255 2816 1322 2861 nec
1348 2795 1412 2881 ipsi
1437 2795 1472 2860 in
1497 2794 1598 2861 dictis
1623 2794 1763 2861 casibus
1788 2796 1971 2861 absolvere
1996 2806 2152 2883 possunt.

1017 2911 1216 3000 Responsio
1240 2911 1275 2977 in
1299 2911 1387 2977 libro
1412 2911 1576 3002 magistri.

1502 3295 1743 3381 Quuasuo
1768 3298 1825 3361 rx.

935 3496 1078 3574 Utrum
1108 3494 1257 3597 aliquis
1285 3494 1474 3594 specialis
1492 3494 1552 3570 vel
1566 3494 1838 3594 parlicularis
1860 3493 2072 3594 praelatas
2091 3495 2173 3570 sive
2196 3495 2406 3595 episcopus

975 3629 1107 3728 possit
1124 3628 1304 3731 aliquam
1319 3629 1559 3727 positionem
1579 3629 1757 3703 habitam
1772 3629 1894 3727 prius
1908 3636 1985 3727 pro
2005 3628 2192 3727 opinione
2211 3634 2405 3734 tanquam

981 3763 1223 3838 haereticam
1251 3762 1311 3837 vel
1339 3788 1549 3837 erroneam
1579 3764 1857 3837 condemnare.

1016 4054 1155 4120 Deinde
1179 4055 1271 4121 circa
1295 4054 1503 4141 pertinentia
1528 4056 1572 4120 ad
1597 4055 1771 4140 praelatos
1795 4056 1966 4121 habentes
1990 4054 2230 4122 auctoritatem
2255 4057 2406 4125 docendi

927 4170 1061 4237 ratione
1100 4169 1204 4236 officii
1244 4170 1438 4256 pastoralis
1479 4173 1711 4255 quaerebatur
1757 4193 1874 4251 unum,
1914 4181 2027 4236 utrum
2076 4171 2236 4238 videlicet
2282 4172 2405 4259 aliquis

927 4285 1089 4373 specialis
1114 4287 1169 4352 vel
1203 4286 1420 4372 particularis
1454 4287 1628 4372 praelatus
1663 4287 1738 4352 sive
1774 4287 1963 4373 episcopus
1988 4287 2099 4373 possit
2128 4288 2277 4373 aliquam
2312 4289 2405 4375 posi·

927 4401 1058 4468 tionem
1093 4401 1245 4467 habitam
1276 4402 1371 4488 prius
1406 4424 1471 4488 pro
1502 4401 1669 4488 opinione
1699 4413 1865 4487 tanquam
1897 4402 2107 4468 haereticam
2131 4405 2191 4470 ¹vel
2222 4426 2405 4471 erroneam

928 4517 1173 4585 condemnare.
1209 4518 1253 4582 Et
1288 4518 1443 4606 arguitur
1477 4519 1572 4603 quod
1607 4541 1691 4599 non,
1729 4519 1811 4603 quia
1850 4518 2091 4585 determinatio
2131 4530 2165 4586 et
2203 4521 2405 4587 constitutio

928 4654 1047 4700 eorum
1083 4655 1173 4719 quae
1209 4633 1382 4720 pertinent
1417 4635 1461 4700 ad
1497 4633 1645 4718 aliquam
1683 4634 1965 4700 communitatem
2001 4635 2176 4720 pertinent
2214 4637 2258 4701 ad
2298 4648 2405 4703 totam

928 4749 1222 4830 communitatem,
1247 4751 1301 4815 vel
1327 4751 1371 4815 ad
1403 4771 1589 4836 personam
1621 4749 1797 4835 publicam
1826 4762 1861 4817 et
1893 4771 2113 4816 communem
2142 4774 2231 4836 quae
2266 4766 2406 4838 praeest

928 4876 963 4931 et
985 4864 1161 4952 praesidet
1184 4865 1247 4931 toti
1271 4865 1518 4932 communitati.
1544 4866 1615 4932 Sed
1640 4887 1683 4931 ea
1707 4887 1796 4951 quae
1829 4878 1995 4951 tanquam
2031 4867 2206 4933 haeretica
2241 4870 2406 4936 condem·

927 4980 1045 5047 nanda
1068 4991 1150 5047 sunt
1173 4981 1346 5068 pertinent
1370 4982 1415 5047 ad
1431 4993 1537 5048 totam
1555 4981 1837 5048 communitatem
1862 4982 2013 5048 fidelium
2032 5005 2122 5068 quae
2145 4984 2406 5052 communicant

927 5095 963 5163 in
1001 5095 1132 5163 unitate
1167 5097 1249 5164 fidei
1284 5097 1360 5162 Dei.
1396 5098 1491 5186 Ergo
1529 5097 1609 5163 talia
1649 5120 1721 5164 non
1756 5110 1837 5163 sunt
1871 5099 2142 5165 condemnanda
2178 5098 2243 5165 nisi
2279 5123 2299 5166 a
2334 5112 2406 5168 tota

926 5212 1175 5279 communitate
1198 5213 1350 5278 fidelium
1382 5214 1437 5278 vel
1460 5213 1582 5279 saltem
1614 5215 1857 5299 praelatorum,
1890 5215 2004 5279 solum
2041 5215 2074 5279 in
2110 5215 2260 5282 concilio
2288 5217 2404 5303 aliquo

927 5327 1074 5409 adhoc,
1098 5338 1136 5394 ut
1158 5328 1232 5394 fieri
1256 5330 1401 5409 solebat,
1427 5339 1721 5417 congregatorum
1753 5333 1758 5414 Ι
1790 5331 1843 5395 vel
1868 5353 1889 5395 a
1912 5331 1988 5396 solo
2013 5353 2114 5416 papa.
2459 5337 2566 5394 cod.V

1016 5445 1157 5511 Contra.
1183 5446 1304 5510 Plures
1330 5444 1486 5531 episcopi
1511 5448 1579 5511 hoc
1614 5445 1756 5525 faciunt,
1782 5448 1877 5530 quod
1913 5468 1983 5511 non
2021 5447 2176 5513 facerent
2211 5447 2276 5515 nisi
2313 5462 2405 5518 esset
2427 5409 2598 5466 mmm

926 5559 1066 5627 licitum.
1093 5561 1212 5645 Quare
1237 5572 1270 5626 et
1293 5571 1420 5627 cetera.

1015 5675 1214 5770 Responsio
1239 5687 1273 5741 et
1296 5686 1412 5742 cetera
1436 5676 1471 5741 in
1494 5676 1582 5741 libro
1607 5676 1771 5766 magistri.

1017 5890 1025 5920 ¹
1040 5885 1184 5944 excedant
1203 5887 1238 5940 V.

892 6025 897 6035 .
1016 6071 1055 6149 il)
1075 6068 1134 6126 Cfr.
1149 6089 1176 6142 p.
1190 6072 1251 6140 215,
1266 6088 1293 6124 u.
1308 6072 1318 6133 (
1338 6082 1356 6142 J,
