6700 7992
1217 1380 1413 1451 Qonnrcn
1442 1380 1741 1451 Quonnrssrun
1770 1382 1805 1451 Q.
1835 1382 1903 1435 xix
2029 1438 2031 1442 ,
2197 1386 2306 1434 uo

825 1559 1007 1613 dicendum⁸
1026 1559 1105 1630 quod
1131 1567 1231 1612 votum
1255 1577 1312 1613 non
1332 1576 1450 1631 semper
1472 1559 1621 1631 pertinet¹
1642 1559 1679 1613 ad
1700 1559 1821 1630 aliqua²
1841 1574 2002 1632 praecepta
2022 1560 2133 1632 primae
2153 1561 2271 1614 tabulae
2285 1561 2304 1626 ¹,

825 1657 878 1711 sed
908 1657 1035 1729 pertinet
1067 1657 1104 1710 ad
1136 1666 1327 1727 praeceptum
1360 1657 1430 1710 illud
1462 1657 1540 1711 circa
1569 1659 1651 1711 cuius
1683 1659 1834 1710 materiam
1864 1658 1896 1711 tit
1924 1659 2000 1712 sicut
2030 1666 2129 1711 votum
2159 1657 2303 1712 castitatis
2400 1707 2420 1763 d
2441 1708 2463 1762 s

825 1755 974 1809 reducitur
1002 1753 1115 1809 ratione
1146 1762 1268 1808 naturae
1297 1753 1338 1808 rei
1365 1755 1402 1807 ad
1431 1754 1502 1808 illud
1534 1764 1743 1826 praeceptum:
1777 1774 1834 1809 non
1864 1756 2075 1821 moechaberis,
2101 1759 2104 1823 Ι
2130 1764 2159 1809 et
2188 1774 2222 1809 ex
2252 1756 2302 1810 tali
2338 1725 2492 1835 pocf5ifflb

825 1862 894 1907 voto
933 1861 1050 1925 oportet
1082 1852 1153 1905 illud
1184 1851 1345 1924 perfectius
1377 1854 1538 1906 observari.
1567 1854 1705 1925 Alioquin
1738 1856 1761 1908 si
1795 1863 1894 1908 votum
1927 1855 2095 1908 absolveret
2127 1855 2253 1924 aliquem
2286 1872 2303 1907 a

825 1960 985 2023 praecepto
1013 1949 1190 2004 affirmativo
1220 1950 1367 2004 secundae
1395 1951 1522 2017 tabulae,
1551 1952 1591 2005 ita
1619 1961 1722 2023 posset
1751 1953 1904 2006 absolvere
1931 1970 1947 2005 a
1973 1960 2134 2023 praecepto
2154 1951 2303 2023 negativo,

825 2059 854 2103 et
882 2049 924 2103 sic
952 2048 1066 2102 ratione
1095 2049 1155 2102 voti
1186 2049 1310 2102 liceret⁴
1343 2050 1430 2103 alicui
1459 2051 1641 2104 committere
1672 2049 1779 2104 furtum
1812 2060 1933 2122 propter
1961 2058 2151 2121 praeceptum
2179 2050 2302 2121 praelati

826 2146 905 2218 quod
926 2145 1030 2200 falsum
1051 2154 1104 2200 est.

912 2245 975 2298 Nec
1003 2243 1082 2298 valet
1107 2243 1195 2298 etiam
1222 2244 1302 2315 quod
1328 2244 1428 2298 dicunt
1453 2245 1572 2315 quidam
1603 2247 1682 2316 quod
1713 2247 1826 2300 scilicet
1855 2247 2017 2300 necessitas
2045 2255 2113 2301 ante
2139 2247 2301 2317 ingressum

824 2341 948 2412 impedit
966 2340 1131 2411 ingressum
1145 2339 1185 2394 ita
1201 2340 1280 2410 quod
1299 2349 1421 2411 propter
1440 2358 1505 2393 earn
1525 2349 1640 2394 tenetur
1659 2342 1747 2395 homo
1762 2342 1909 2396 dimittere
1924 2344 1969 2395 vel
1991 2343 2108 2396 differre
2129 2342 2302 2413 ingressum,

824 2439 877 2493 sed
898 2437 998 2492 dicunt
1026 2438 1105 2509 quod
1137 2447 1294 2509 postquam
1324 2447 1368 2491 est
1397 2437 1559 2509 professus
1586 2447 1656 2493 tunc
1687 2448 1809 2511 propter
1828 2441 2052 2493 subventionem
2078 2441 2169 2511 patris
2201 2457 2302 2494 neces·

819 2536 939 2590 sitatem
971 2535 1106 2590 habentis
1136 2553 1194 2589 non
1227 2545 1344 2589 tenetur
1375 2536 1566 2590 intermittere
1592 2538 1796 2591 observantias
1827 2537 1978 2609 religionis
2004 2538 2071 2608 quia
2100 2546 2232 2591 mortuus
2257 2545 2302 2591 est

823 2633 931 2687 mundo
945 2641 974 2687 et
994 2633 1062 2687 ideo
1083 2633 1245 2687 absolvitur
1258 2635 1295 2686 ab
1310 2634 1366 2687 isto
1386 2633 1512 2688 vinculo.
1532 2636 1605 2700 Hoc,
1626 2636 1754 2706 inquam,
1768 2652 1826 2688 non
1847 2637 1933 2701 valet,
1953 2635 2022 2706 quia
2041 2636 2117 2689 sicut
2137 2635 2301 2689 ministrare

823 2732 990 2785 necessaria
1020 2730 1098 2802 patri
1138 2731 1260 2802 impedit
1292 2732 1455 2801 ingressum
1487 2731 1637 2802 religionis
1679 2733 1747 2803 quia
1777 2733 1834 2787 hoc
1872 2733 1998 2804 pertinet
2036 2733 2073 2786 ad
2110 2741 2301 2804 praeceptum

822 2831 1021 2883 necessarium
1047 2830 1143 2895 saluti,
1171 2861 1204 2868 -
1230 2830 1294 2882 ital
1322 2848 1375 2900 per
1403 2830 1528 2883 eandem
1559 2830 1701 2883 rationem
1731 2831 1862 2902 impletio
1895 2831 1965 2885 dicti
1994 2830 2145 2902 praecepti
2175 2830 2302 2885 absolvit

823 2944 888 2981 eum
928 2929 963 2981 ab
1002 2927 1199 2981 observantiis
1240 2927 1390 2997 religionis
1422 2936 1490 2999 post
1527 2927 1742 2998 professionem
1782 2931 1945 2998 qnantum⁶
1982 2929 2102 2999 requirit
2139 2929 2301 2983 necessitas

822 3025 914 3095 patris
930 3028 947 3092 ⁷,
967 3026 1035 3096 quia
1054 3026 1132 3079 nulla
1152 3024 1300 3097 professio
1321 3026 1447 3079 absolvit
1467 3043 1484 3079 a
1504 3035 1665 3097 praecepto
1680 3028 1698 3079 ⁸.

912 3123 1001 3195 Quod
1020 3131 1116 3178 autem
1138 3123 1243 3176 dicitur
1269 3124 1348 3195 quod
1374 3133 1506 3177 mortuus
1526 3133 1571 3178 est
1600 3124 1718 3190 munde,
1745 3125 1866 3195 intelligi
1896 3125 2009 3178 debet'l
2039 3126 2199 3178 secundum
2221 3126 2301 3195 quod

822 3222 948 3275 mundus
972 3231 1058 3275 sonat
1084 3222 1112 3275 in
1140 3222 1250 3288 vitium,
1271 3221 1338 3293 quia
1359 3221 1447 3276 debet
1467 3240 1533 3275 esse
1553 3234 1684 3276 mortuns
1710 3223 1968 3294 concupiscentiae
1995 3224 2178 3277 inordinatae
2204 3241 2301 3277 rerum

821 3320 1041 3376 mundanarum.
1061 3320 1122 3374 Sed
1144 3338 1203 3373 non
1225 3329 1270 3373 est
1295 3330 1427 3373 mortuus
1453 3321 1561 3373 mundo
1581 3339 1676 3374 rerum
1697 3322 1871 3374 naturalium
1892 3322 1961 3392 quin
1981 3321 2076 3374 adbuc
2097 3322 2177 3375 vivat
2196 3322 2225 3374 in
2244 3323 2301 3376 boe

820 3418 931 3472 inundo
957 3419 1017 3471 vita
1035 3419 1159 3471 naturali
1180 3418 1292 3471 habens
1312 3417 1407 3471 adhuc
1427 3436 1509 3471 usum
1530 3436 1625 3471 rerum
1646 3419 1851 3490 temporalium
1878 3429 1907 3473 et
1927 3420 1996 3490 quin
2016 3431 2133 3473 maneat
2152 3420 2301 3491 obligatus

821 3516 859 3568 ad
891 3515 1125 3570 subveniendum
1161 3515 1237 3587 patri
1268 3516 1297 3569 in
1335 3517 1423 3569 rebus
1460 3516 1681 3587 temporalibus.
1710 3516 1770 3571 Sed
1802 3517 1942 3570 liberatur
1974 3537 2026 3589 per
2054 3526 2177 3571 mortem
2211 3519 2299 3572 talern

820 3614 1002 3684 spiritualem
1022 3614 1130 3667 abhoc
1150 3614 1229 3684 quod
1249 3622 1294 3667 est
1313 3613 1454 3667 oboedire
1476 3615 1553 3685 patri
1577 3615 1687 3668 volenti
1707 3632 1772 3668 euni
1793 3616 1936 3686 impedire
1956 3633 1972 3668 a
1992 3617 2128 3687 proiectu
2148 3617 2299 3684 religionis

821 3730 857 3764 ex
878 3712 1035 3766 affectione
1055 3712 1164 3766 carnali
1186 3712 1233 3775 vel
1253 3711 1409 3765 mundana.

910 3809 958 3862 nd
984 3809 1125 3864 rationem
1153 3811 1181 3862 in
1202 3808 1370 3880 oppositum
1392 3810 1548 3864 dicendum
1567 3812 1587 3842 ¹⁰
1610 3811 1690 3881 quod
1710 3811 1852 3865 oboedire
1872 3815 2004 3882 praelato
2025 3812 2053 3865 in
2073 3814 2117 3865 liis
2137 3830 2213 3883 quae
2233 3820 2300 3867 sunt

821 3906 932 3960 ordinis
957 3917 986 3960 et
1008 3925 1066 3960 non
1091 3916 1159 3961 sunt
1184 3915 1286 3961 contra
1313 3916 1472 3979 praecepta
1499 3907 1597 3961 divina
1620 3916 1666 3962 est
1682 3910 1702 3940 ¹⁸
1724 3909 1918 3974 necessitatis,
1944 3910 2084 3963 oboedire
2110 3919 2208 3964 autem
2234 3911 2262 3964 in
2280 3913 2298 3943 ¹¹

820 4004 864 4058 his
885 4022 959 4076 quae
979 4014 1047 4059 sunt
1066 4013 1167 4059 contra
1187 4014 1346 4076 praecepta
1366 4005 1465 4060 divina
1481 4007 1501 4037 ¹²
1520 4024 1577 4059 non
1603 4015 1647 4060 est
1671 4009 1869 4060 necessarium
1890 4025 1944 4061 nec
1965 4009 2089 4061 etia1n¹⁸
2111 4009 2229 4063 licitum.
2250 4009 2300 4063 Sic

821 4109 917 4154 autem
939 4109 984 4154 est
996 4101 1025 4154 in
1045 4101 1197 4172 proposito
1213 4101 1281 4171 quia
1296 4101 1366 4154 illud
1380 4111 1571 4173 praeceptum
1592 4102 1716 4173 praelati
1732 4111 1810 4156 esset
1825 4112 1926 4157 contra
1946 4112 2138 4175 praeceptum
2159 4105 2299 4159 divinum,

821 4200 886 4252 Hoc
906 4198 994 4252 etiam
1014 4200 1202 4253 confirmatur
1221 4217 1275 4270 per
1294 4199 1365 4252 illud
1383 4203 1401 4231 ¹⁴
1422 4200 1501 4270 quod
1521 4201 1645 4253 babetur
1663 4202 1695 4253 in
1717 4201 1853 4264 decretis,
1876 4201 2064 4255 distinctione
2085 4203 2235 4273 trigesima
2250 4207 2299 4270 (l),

820 4295 870 4349 ubi
896 4296 1002 4350 <licitur
1028 4298 1107 4367 quod
1132 4298 1155 4349 si
1183 4297 1288 4367 aliquis
1313 4298 1435 4350 obtentu
1464 4299 1559 4351 cultus
1585 4298 1676 4352 divini
1695 4317 1753 4353 non
1778 4299 1905 4352 reddidit
1922 4302 1942 4330 ¹⁶
1962 4300 2092 4353 debiturn
2112 4301 2262 4354 servitium
2279 4303 2299 4331 ¹⁶

821 4397 1000 4466 parentibus,
1021 4397 1175 4449 anathema
1196 4396 1239 4448 sit.

911 5409 917 5436 ¹
932 5423 1049 5475 semper
1062 5406 1198 5475 pertinet]
1214 5405 1339 5472 pertinet
1355 5423 1472 5475 semper
1486 5405 1518 5459 C.
1539 5438 1571 5445 —
1587 5408 1597 5436 '²
1616 5425 1670 5458 oni.
1686 5407 1718 5459 C.
1739 5439 1772 5445 -
1792 5408 1802 5437 ³
1823 5407 1978 5460 dicendum
1996 5441 2025 5447 -—
2041 5410 2169 5478 tabulae}
2184 5429 2239 5464 mn.
2260 5411 2298 5488 83

818 5494 887 5546 add.
908 5511 1005 5564 rizarg.
1026 5508 1060 5545 aa
1081 5511 1117 5545 m.
1138 5493 1166 5546 S.
1189 5526 1218 5531 --
1245 5493 1340 5546 ‘licet
1360 5495 1392 5547 tf.
1421 5526 1426 5531 -
1473 5494 1580 5564 ‘'quorl
1608 5495 1677 5546 odd.
1698 5495 1730 5548 (ἰ.
1752 5526 1784 5532 —
1805 5497 1815 5523 ⁰
1838 5512 1924 5564 quarn
1945 5497 1977 5549 (ἶ.
2000 5528 2031 5534 -
2054 5499 2062 5527 ³
2087 5498 2191 5568 prioris
2212 5499 2244 5553 C.
2266 5533 2298 5541 -

819 5580 1001 5651 ⁸processio
1022 5580 1053 5634 C.
1075 5612 1107 5619 -
1128 5582 1138 5611 ⁰
1163 5581 1286 5649 intelligi
1314 5581 1411 5650 debet]
1438 5581 1658 5653 intelligendum
1680 5590 1724 5634 est
1745 5582 1777 5635 (¹.
1798 5614 1830 5621 -
1857 5586 1876 5613 '⁴'
1900 5601 1954 5635 run.
1975 5585 2003 5636 S.
2031 5616 2061 5622 κ
2099 5589 2184 5638 ¹¹om.
2208 5587 2241 5641 C.
2267 5620 2298 5628 —

820 5669 841 5699 ¹⁸²
854 5676 898 5720 est
913 5700 945 5706 —
959 5668 1067 5737 divina]
1087 5686 1141 5719 om¹
1157 5669 1192 5729 S;
1212 5669 1280 5721 crrld.
1302 5687 1398 5738 rrrcrrg.
1420 5683 1454 5720 211
1475 5687 1511 5722 m.
1533 5672 1560 5720 S.
1583 5701 1614 5708 -
1638 5672 1657 5699 ¹²
1672 5688 1726 5721 om.
1742 5670 1774 5723 (ἶ.
1794 5702 1822 5708 -
1844 5674 1861 5700 ¹¹
1877 5671 1932 5723 boc
1948 5670 1978 5724 C.
1996 5704 2028 5709 -
2050 5675 2070 5702 ²⁵
2084 5673 2244 5728 reddiderit
2264 5676 2297 5729 C.

820 5787 852 5793 -
875 5758 895 5786 m
909 5755 1039 5809 debitum
1059 5755 1220 5823 servitium]
1241 5755 1389 5809 servitium
1411 5756 1542 5810 debiturn
1564 5758 1596 5810 C.

910 5991 948 6052 (l)
971 5986 1029 6040 Cir.
1050 6005 1077 6058 p.
1093 5991 1153 6050 293,
1173 6005 1199 6039 n.
1221 5991 1268 6047 (l).
