6700 7992
1040 1425 1075 1485 ts
1405 1410 1596 1488 unorssm
1625 1433 1845 1489 oooarami
1874 1435 1925 1489 os
1953 1412 2151 1494 aourrsu's'

1041 1611 1184 1677 omnino
1208 1612 1398 1696 perfectam
1421 1612 1670 1678 beatitudinem
1687 1614 1762 1680 sive
1778 1615 1823 1679 ad
1848 1616 2087 1702 operationem
2103 1618 2339 1700 beatitudinis,
2356 1620 2491 1709 indiget
2507 1621 2517 1658 ¹

1040 1746 1188 1813 corpore
1220 1728 1276 1793 cui
1308 1727 1446 1793 uniatur
1477 1739 1511 1793 et
1542 1729 1638 1812 quod
1669 1729 1836 1815 perficiat,
1864 1752 1908 1796 eo
1937 1733 2032 1816 quod
2060 1754 2132 1798 non
2161 1734 2334 1819 quietatur
2361 1737 2516 1822 perfecte

1039 1842 1215 1928 appetitus
1232 1842 1369 1910 animae
1385 1856 1481 1909 extra
1502 1865 1641 1929 corpuS,
1660 1846 1753 1929 quod
1781 1857 1895 1912 tamen
1921 1848 1964 1912 ad
1989 1848 2132 1913 omnino
2156 1851 2347 1934 perfectam
2372 1852 2516 1918 beatitu-

1039 1958 1155 2024 dinem
1173 1959 1364 2044 requiritur.
1377 1960 1465 2025 Nam
1484 1971 1521 2025 ut
1538 1960 1668 2039 dicunt,
1683 1960 1763 2027 licet
1778 1961 1989 2028 desiderium
2006 1963 2142 2030 animae
2159 1978 2342 2051 separatae
2359 1967 2516 2052 quiescat

1037 2075 1188 2141 totaliter
1217 2097 1259 2141 ex
1290 2086 1388 2161 parte
1419 2075 1616 2162 appetibilis
1648 2098 1692 2142 eo
1723 2078 1818 2162 quod
1849 2077 1933 2142 nihil
1961 2078 2054 2144 aliud
2082 2080 2267 2162 desideret,
2296 2103 2369 2147 non
2396 2093 2514 2150 tamen

1037 2191 1186 2256 totaliter
1203 2192 1351 2276 quiescit
1366 2213 1409 2257 ex
1425 2203 1522 2277 parte
1538 2192 1648 2278 ipsius
1665 2192 1873 2278 appetentis,
1891 2195 1971 2278 quia
1994 2194 2078 2260 illud
2102 2197 2233 2261 bonum
2259 2218 2331 2263 non
2355 2198 2515 2284 possidet

1036 2307 1232 2373 secundum
1267 2329 1407 2374 omnem
1442 2308 1584 2373 modum
1619 2309 1814 2374 secundum
1850 2330 1953 2394 quem
1990 2311 2172 2396 possidere
2207 2313 2319 2379 vellet.
2356 2313 2400 2380 Et
2434 2314 2515 2381 ideo

1037 2435 1216 2509 resumpto
1234 2445 1382 2509 corpore
1398 2423 1579 2490 beatitudo
1596 2423 1721 2489 crescit
1741 2445 1814 2489 non
1838 2425 1952 2490 solum
1976 2425 2159 2507 intensive,
2184 2429 2248 2493 sed
2272 2429 2374 2494 etiam
2399 2442 2515 2496 exten·

1037 2540 1120 2620 sive,
1144 2539 1225 2605 licet
1248 2539 1283 2604 in
1308 2539 1402 2605 libris
1426 2540 1656 2605 communiter
1680 2562 1752 2605 non
1775 2540 1975 2625 reperiatur,
2001 2563 2074 2608 non
2096 2543 2212 2609 solum
2237 2556 2379 2631 propter
2395 2544 2514 2610 vitium

1036 2656 1242 2742 scriptorum
1263 2668 1322 2721 aut
1346 2667 1488 2741 propter
1512 2655 1726 2721 oblivionem
1751 2655 1900 2741 aliquam
1925 2657 2108 2723 scribentis
2133 2659 2344 2745 principalis,
2363 2661 2516 2745 -Quia

1036 2793 1121 2860 ergo
1146 2773 1261 2837 anima
1285 2771 1414 2837 Christi
1437 2772 1587 2836 univoce
1611 2770 1675 2836 fuit
1699 2770 1815 2836 anima
1839 2792 1918 2837 cum
1943 2772 2017 2837 aliis
2041 2773 2224 2839 animabus
2250 2780 2306 2859 (ex
2328 2797 2400 2861 quo
2422 2776 2514 2842 enim
2541 2820 2545 2826 ·

1036 2889 1195 2954 Christus
1212 2889 1376 2977 dignatus
1394 2900 1446 2952 est
1462 2909 1599 2952 sumere
1615 2888 1719 2952 talem
1736 2887 1911 2970 animam),
1928 2888 2064 2954 videtur
2078 2890 2172 2975 quod
2191 2891 2413 2957 attribuenda
2433 2903 2515 2958 sunt

1035 3005 1067 3071 ei
1091 3026 1133 3070 ea
1157 3026 1246 3089 quae
1271 3017 1535 3088 consequuntur
1558 3003 1668 3088 ipsam
1694 3026 1736 3068 ex
1760 3002 1962 3068 conditione
1986 3025 2071 3070 suae
2095 3016 2249 3071 naturae.
2268 3007 2372 3073 Unde
2389 3007 2515 3073 dicitur

1035 3122 1131 3207 quod
1155 3143 1175 3186 a
1199 3120 1413 3207 plenitudine
1438 3140 1523 3185 suae
1546 3118 1771 3185 beatitudinis
1786 3118 1798 3154 ²
1814 3119 1878 3184 fuit
1894 3119 1987 3186 dicto
2004 3122 2110 3186 modo
2127 3121 2320 3205 aliqualiter
2335 3122 2513 3208 impedita,

1034 3237 1063 3301 si
1079 3238 1148 3304 hoc
1167 3237 1211 3302 sit
1234 3235 1393 3322 praecisa
1417 3256 1525 3300 causa
1548 3256 1655 3319 quare
1679 3235 1715 3299 in
1739 3235 1814 3299 aliis
1839 3235 2022 3300 animabus
2045 3235 2119 3301 sit³
2142 3236 2344 3303 huiusmodi
2368 3237 2513 3324 impedi·

1034 3363 1197 3418 mentum.
1222 3354 1298 3418 Nec
1321 3352 1496 3417 videretur
1518 3351 1773 3417 inconveniens
1802 3351 1919 3416 dicere
1947 3353 2043 3435 quod
2073 3373 2116 3417 ex
2147 3363 2258 3418 morte
2289 3375 2359 3438 qua
2390 3353 2513 3420 mereri

1033 3469 1211 3534 habebat⁴
1228 3468 1369 3552 aliquod
1386 3467 1629 3533 detrimentum
1650 3467 1719 3531 tale
1735 3467 1826 3552 quod
1850 3487 1892 3532 ex
1915 3467 2125 3533 necessitate
2150 3479 2295 3534 naturae
2319 3490 2513 3556 conseque·

1032 3587 1143 3665 batur,
1161 3584 1389 3671 contingebat
1405 3583 1439 3647 in
1457 3583 1556 3668 ipso:
1575 3582 1697 3648 volens
1714 3582 1806 3647 enim
1827 3581 2006 3668 suscipere
2030 3584 2133 3649 talem
2158 3595 2327 3664 naturam,
2353 3586 2487 3670 absque
2502 3584 2514 3620 ⁶

1032 3699 1294 3766 inconvenienti
1322 3698 1485 3764 sustinuit
1512 3697 1629 3763 omnia
1657 3719 1748 3782 quae
1775 3709 1933 3762 naturam
1961 3698 2172 3764 necessitate
2202 3720 2288 3765 suae
2317 3711 2462 3766 naturae
2489 3705 2493 3787 Ι

1032 3818 1348 3900 consequebantur.
1367 3814 1608 3880 Communiter
1627 3825 1745 3879 tamen
1761 3815 1909 3879 habetur
1925 3835 1988 3899 pro
2005 3813 2265 3880 inconvenienti
2282 3815 2378 3899 quod
2395 3815 2511 3902 aliquo

1033 3932 1138 3998 modo
1162 3931 1265 3998 fuerit
1288 3952 1309 3996 a
1333 3953 1398 3996 sua
1421 3929 1636 3996 beatitudine
1660 3929 1836 4015 impedita.

1121 4048 1192 4115 Sed
1216 4046 1353 4113 videtur
1387 4045 1559 4130 aliquibus
1571 4047 1618 4130 (1)
1655 4045 1750 4130 quod
1778 4044 1862 4110 illud
1885 4045 1980 4127 quod
2005 4044 2136 4110 dictum
2161 4056 2310 4111 estnon
2334 4046 2378 4112 sit
2402 4066 2510 4112 causa

1032 4162 1269 4248 impedimenti
1301 4160 1536 4249 contingentis
1568 4161 1704 4225 animae
1735 4159 1838 4225 etiam
1870 4159 2106 4244 cuicumque⁸
2133 4171 2316 4246 separatae
2347 4173 2511 4248 respectu

1031 4289 1130 4343 actus
1159 4278 1393 4344 beatitudinis
1426 4277 1515 4342 Nam
1548 4297 1590 4342 ex
1621 4275 1821 4341 huiusmodi
1852 4274 2010 4360 appetitu
2044 4297 2117 4341 non
2146 4275 2320 4342 videretur
2351 4276 2511 4362 impediri

1031 4378 1114 4459 nisi
1129 4416 1192 4480 per
1222 4394 1365 4459 modum
1397 4393 1578 4458 cuiusdam
1611 4390 1854 4457 abstractionis
1887 4391 1942 4457 vel
1970 4391 2213 4471 distractionis
2246 4403 2351 4477 prout
2379 4392 2512 4459 scilicet

1031 4531 1074 4576 ex
1108 4512 1178 4576 hoc
1213 4530 1331 4575 amore
1366 4508 1512 4574 naturali
1548 4505 1648 4592 quo⁷
1683 4517 1863 4593 appeteret
1894 4506 2062 4592 perficere
2094 4527 2224 4591 corpus
2261 4528 2331 4591 quo
2366 4518 2510 4588 careret,

1031 4623 1144 4691 minus
1172 4626 1330 4691 intensus
1359 4622 1482 4690 esset⁸
1509 4634 1607 4688 actus
1635 4621 1848 4710 cognitionis
1876 4633 1911 4688 et
1937 4621 2064 4688 amoris
2095 4643 2166 4707 quo
2197 4622 2342 4688 unitur⁹
2372 4644 2510 4690 summo

843 4706 1008 4834 foffidffiVRb
1031 4763 1114 4808 vero
1140 4753 1174 4807 et
1197 4743 1292 4807 bono
1309 4740 1351 4819 10;
1379 4750 1482 4826 prout
1506 4739 1608 4806 etiam
1636 4738 1778 4822 aliquod
1806 4759 1935 4824 corpus
1962 4739 2098 4803 habens
2126 4737 2276 4822 aliquam
2304 4744 2308 4820 Ι
2336 4739 2510 4805 levitatem

1030 4857 1164 4924 ratione
1204 4857 1303 4924 cuius
1337 4856 1448 4922 tendit
1483 4877 1629 4935 sursum,
1665 4854 1891 4940 impediretur
1925 4875 1946 4918 a
1979 4853 2164 4920 velocitate
2204 4875 2385 4934 ascensus,
2421 4865 2455 4920 et
2490 4875 2510 4919 a

1030 4973 1109 5039 nisu
1125 4973 1150 5010 ¹¹
1174 4974 1217 5038 ad
1242 4975 1337 5039 hunc
1361 4993 1546 5038 ascensum
1568 4970 1597 5035 si
1621 4970 1751 5055 aliquid
1776 4969 1808 5035 ei
1832 4979 1926 5035 esset
1940 4968 1965 5005 ¹²
1987 4990 2162 5036 annexum
2179 4990 2250 5054 quo
2268 4969 2386 5054 aliquo
2400 4971 2508 5036 modo

1030 5090 1254 5156 inclinaretur
1284 5100 1318 5155 et
1349 5090 1541 5154 traheretur
1572 5087 1746 5153 deorsum.
1780 5085 1853 5151 Sed
1883 5106 1947 5171 per
1980 5087 2075 5151 hunc
2110 5086 2252 5151 modum
2289 5107 2361 5152 non
2396 5085 2509 5172 potuit

1029 5205 1189 5292 impediri
1209 5204 1461 5290 aperfectione
1480 5202 1704 5269 beatitudinis
1729 5201 1844 5267 anima
1868 5201 1997 5267 Christi
2020 5200 2154 5267 scilicet
2177 5222 2240 5287 per
2263 5201 2407 5267 modum
2430 5200 2508 5267 talis

1030 5321 1274 5400 distractionis,
1302 5320 1407 5385 immo
1436 5340 1502 5385 nec
1533 5317 1649 5384 anima
1681 5317 1943 5402 cuiuscumque.
1975 5316 2019 5383 Et
2049 5319 2119 5382 hoc
2151 5326 2188 5382 ut
2218 5316 2356 5383 videtur
2390 5326 2510 5402 potest

876 3675 941 3729 cod.
954 3676 975 3729 P

845 3744 895 3800 iol.
908 3749 958 3801 140
968 3747 1009 3800 Rb

1104 5655 1108 5664 ·
1121 5637 1128 5665 ¹
1142 5650 1197 5687 om.
1211 5633 1241 5686 P.
1262 5663 1295 5671 -
1315 5632 1326 5663 ¹
1344 5631 1523 5685 habitudinis
1542 5630 1576 5685 V.
1590 5661 1623 5670 -
1643 5630 1769 5684 'contra
1782 5628 1846 5682 PV.
1861 5659 1894 5667 —
1908 5630 1918 5660 ⁴
1932 5627 2066 5682 ‘debebat
2084 5627 2115 5682 P.
2129 5628 2188 5666 -⁸
2206 5626 2270 5681 sine
2289 5626 2319 5681 P.
2335 5657 2368 5666 -
2387 5625 2508 5680 ‘cuius-

1030 5737 1156 5792 cumque
1175 5720 1205 5774 P.
1219 5751 1253 5760 -
1268 5720 1277 5751 ²
1296 5718 1375 5792 quod
1394 5719 1426 5772 P.
1441 5719 1498 5758 -⁸
1516 5726 1562 5773 est
1580 5717 1611 5772 P.
1625 5749 1659 5757 —
1678 5717 1810 5772 ⁰vivitur
1822 5715 1893 5785 PV3
1906 5717 2005 5770 unitur
2021 5715 2124 5787 sorips.
2143 5732 2243 5788 ntarg.
2258 5714 2290 5769 P.
2309 5745 2344 5754 —
2359 5713 2381 5746 ²⁶
2392 5729 2464 5768 vero
2478 5723 2508 5767 et

1029 5809 1119 5878 bono]
1132 5808 1210 5862 bono
1224 5815 1255 5862 et
1267 5823 1337 5862 vero
1351 5805 1381 5860 P.
1396 5837 1429 5846 -—
1445 5808 1465 5838 ¹¹
1479 5805 1544 5860 visu
1554 5805 1589 5860 V.
1603 5836 1636 5844 -
1653 5804 1675 5837 ¹¹
1687 5803 1715 5860 ei
1729 5806 1819 5874 esset]
1833 5810 1914 5859 esset
1926 5803 1953 5858 ei
1967 5802 1997 5857 P.

1119 6042 1158 6107 (l)
1172 6037 1207 6093 V.
1220 6037 1398 6092 Henricus
1411 6037 1453 6092 de
1467 6035 1656 6101 Gandavo,
1669 6035 1776 6105 Quodl.
1789 6035 1839 6104 VI,
1853 6052 1881 6107 q.
1893 6036 1919 6102 8,
1932 6041 1952 6088 t.
1966 6033 1988 6101 1,
2001 6051 2029 6105 p.
2043 6034 2096 6089 887
2110 6040 2140 6087 et
2152 6033 2214 6088 888.
