6700 7992
1146 1243 1148 1247 η
1208 1279 1404 1351 Quanaun
1433 1277 1732 1350 QUODLIBETUM,
1761 1279 1798 1349 Q.
1826 1278 1853 1331 x

1367 1696 1634 1766 QUAESTIO
1666 1697 1692 1749 x

1447 1853 1609 1905 (amisi.

842 2044 949 2098 Uirum
969 2061 1004 2097 ea·
1018 2043 1184 2114 principiis
1202 2047 1321 2095 tontum
1340 2043 1462 2096 creditis
1480 2044 1527 2096 vel
1545 2043 1677 2113 opinatis
1692 2043 1788 2115 possit
1805 2043 1911 2097 haberi
1927 2049 2008 2097 certo
2028 2044 2153 2097 scientio
2165 2048 2213 2112 (l).

879 2311 987 2365 Postea
1020 2311 1238 2382 quaerebantur
1267 2309 1326 2363 duo
1360 2309 1536 2381 pertinentia
1568 2310 1605 2364 ad
1637 2319 1721 2365 actus
1753 2312 1895 2364 humanos
1919 2312 2104 2381 generaliter.
2138 2312 2266 2366 Primum

791 2415 853 2461 erat
881 2415 977 2460 utrum
1007 2423 1043 2460 ex
1071 2406 1224 2477 principiis
1255 2414 1365 2459 tantum
1393 2405 1512 2459 creditis
1538 2407 1585 2459 vel
1611 2405 1740 2477 opinatis
1764 2407 1859 2478 possit
1890 2406 1991 2460 haberi
2022 2415 2102 2460 certa
2135 2407 2267 2461 scientia.

790 2502 959 2556 Secundum
978 2511 1041 2556 erat
1061 2512 1155 2555 utrum
1176 2501 1270 2554 illud¹
1301 2501 1379 2572 quod
1399 2503 1560 2555 secundum
1581 2519 1613 2555 se
1633 2510 1679 2556 est
1703 2503 1810 2556 malum
1841 2511 1871 2556 et
1889 2501 2021 2556 illicitum
2051 2503 2145 2574 possit
2169 2504 2267 2574 aliquo

790 2598 879 2652 modo
899 2599 1093 2652 essebonum
1114 2606 1143 2651 et
1163 2597 1282 2652 licitum.
2324 2633 2425 2689 ms

895 2695 899 2762 l
924 2693 973 2746 Ad
992 2693 1116 2765 primum
1137 2693 1179 2747 sic
1199 2693 1377 2763 proceditur,
1397 2701 1427 2747 et
1446 2693 1576 2764 arguitur
1596 2693 1675 2764 quod
1696 2711 1732 2747 ex
1751 2693 1902 2765 principiis
1921 2694 2016 2748 solum
2035 2694 2155 2749 creditis
2175 2694 2267 2766 possit
2298 2706 2452 2760 f01,50Ra

788 2789 890 2843 haberi
913 2788 1035 2843 scientia
1063 2797 1143 2842 certa
1157 2790 1175 2855 ²,
1205 2790 1273 2860 quia
1293 2788 1624 2860 principia³scientiae
1646 2789 1864 2843 subalternatae
1889 2798 1957 2843 sunt
1984 2798 2097 2844 tantum
2123 2793 2126 2857 Ι
2153 2791 2266 2845 credita
2321 2776 2424 2833 cod-P

789 2902 855 2940 cum
878 2885 919 2938 ibi
941 2903 1000 2939 non
1023 2885 1080 2938 sint
1102 2885 1200 2955 aliqua
1223 2885 1321 2956 priora
1341 2902 1378 2938 ex
1401 2884 1507 2954 quibus
1532 2886 1701 2955 probentur.
1722 2885 1781 2939 Sed
1801 2902 1836 2938 ex
1857 2885 1964 2939 talibus
1983 2886 2135 2956 principiis
2154 2887 2268 2941 elicitur
2287 2848 2458 2907 s01'155Vb

790 2990 871 3036 certa
897 2980 1020 3035 scientia
1047 2981 1277 3034 conclusionum.
1297 2981 1375 3051 Ergo
1401 2988 1431 3034 et
1456 2989 1563 3034 cetera.
1590 2981 1690 3034 ltem⁴
1718 2981 1868 3051 theologia
1892 2990 1936 3034 est
1961 2980 2086 3035 scientia
2114 2991 2143 3036 et
2170 2990 2267 3036 tamen

789 3094 848 3130 non
868 3077 957 3130 habet
977 3075 1121 3147 principia
1141 3075 1195 3129 nisi
1216 3075 1335 3129 credita.
1357 3077 1435 3146 Ergo
1455 3084 1484 3129 et
1504 3086 1610 3129 cetera.

880 3173 998 3226 Contra.
1020 3171 1113 3225 Maior
1135 3172 1224 3225 debet
1243 3189 1310 3225 esse
1329 3172 1475 3226 certitudo
1495 3173 1706 3243 principiorum
1727 3190 1813 3243 quam
1834 3172 2041 3240 conclusionis,
2061 3173 2269 3246 quiapropter

790 3268 871 3339 quod
897 3267 1151 3338 unumquodque⁵
1178 3276 1207 3321 et
1235 3267 1305 3321 illud
1332 3268 1433 3338 magis
1462 3269 1523 3322 Sed
1548 3269 1642 3322 minor
1667 3277 1713 3322 est
1741 3268 1886 3322 certitudo
1915 3268 1984 3322 tidei
2010 3287 2097 3340 quam
2123 3270 2268 3325 certitudo

790 3363 940 3420 scientiae.
959 3365 1038 3435 Ergo
1058 3365 1107 3417 ubi
1127 3372 1172 3418 est
1192 3364 1255 3417 sola
1275 3364 1349 3418 tides
1368 3363 1406 3417 de
1426 3363 1585 3435 principiis
1605 3382 1663 3417 non
1678 3372 1855 3435 potestesse
1869 3365 1993 3418 scientia
2012 3365 2049 3418 de
2069 3366 2268 3421 conclusione.

880 3459 1057 3531 Respondeo
1077 3459 1234 3513 dicendum
1258 3460 1336 3531 quod
1363 3459 1544 3530 impossibile
1570 3468 1615 3513 est
1641 3477 1677 3513 ex
1703 3458 1854 3531 principiis
1878 3467 1989 3514 tantum
2015 3461 2135 3515 creditis
2161 3460 2267 3515 elicere

790 3555 943 3610 scientiam
974 3565 1083 3610 certam
1110 3556 1146 3609 de
1172 3554 1419 3622 conclusionibus,
1444 3556 1540 3627 primo
1566 3555 1643 3627 quia,
1672 3555 1747 3610 sicut
1779 3564 1888 3609 tactum
1920 3564 1965 3609 est
1997 3557 2025 3609 in
2057 3556 2235 3627 opponendo
2249 3558 2268 3622 ⁰,

790 3650 936 3704 certitudo
956 3651 1176 3705 conclusionum
1199 3668 1257 3704 non
1276 3659 1374 3722 potest
1397 3650 1605 3705 transcendere
1627 3650 1832 3705 certitudinem
1857 3650 2077 3722 principiorum,
2095 3650 2148 3705 sed
2171 3651 2269 3723 potius

789 3745 879 3815 debet
904 3765 969 3801 esse
995 3765 1011 3801 e
1037 3765 1191 3801 converso.
1218 3747 1279 3801 Sed
1298 3747 1322 3801 si
1338 3749 1347 3777 ἵ
1366 3764 1402 3801 ex
1428 3747 1579 3819 principiis
1604 3755 1716 3801 tantum
1742 3747 1863 3801 creditis
1888 3748 1935 3800 vel
1961 3747 2088 3819 opinatis
2113 3746 2269 3801 eliceretur

790 3842 913 3896 scientia
933 3852 1022 3908 certa,
1042 3843 1188 3897 certitudo
1213 3842 1435 3897 conclusionum
1461 3842 1684 3896 transcenderet
1709 3842 1915 3897 certitudinem
1941 3842 2160 3914 principiorum.
2189 3843 2268 3914 Ergo

736 3946 743 3951 '
791 3947 820 3991 et
834 3946 941 3993 cetera.
956 3938 1048 3992 hlaior
1061 3948 1160 4010 patet,
1180 3939 1274 3992 minor
1288 3940 1437 4010 probatur.
1458 3939 1536 4009 Quia
1554 3938 1627 3992 illud
1643 3940 1653 3970 ⁸
1673 3939 1751 4009 quod
1765 3939 1854 3992 habet
1875 3938 2080 3992 certitudinem
2100 3938 2268 3993 evidentiae

791 4043 821 4088 et
846 4033 1034 4088 adhaesionis
1053 4034 1234 4088 transcendit
1259 4034 1286 4087 in
1313 4034 1487 4088 certitudine
1513 4032 1608 4086 illud⁰
1627 4033 1707 4104 quod
1732 4034 1822 4087 hahet
1848 4032 2051 4087 certitudinem
2079 4033 2266 4088 adhaesionis

790 4140 910 4185 tantum.
939 4130 999 4184 Sed
1024 4129 1146 4184 scientia
1175 4131 1264 4184 habet
1291 4129 1494 4184 certitudinem
1514 4128 1682 4183 evidentiae
1709 4139 1738 4183 et
1764 4130 1961 4195 adhaesionis,
1991 4130 2065 4183 sides
2085 4139 2182 4183 autem
2209 4148 2266 4183 non

791 4228 880 4280 habet
899 4225 1065 4280 evidentiae
1086 4226 1290 4279 certitudinem
1307 4227 1327 4257 ¹⁰
1355 4226 1408 4280 sed
1428 4234 1539 4279 tantum
1560 4225 1757 4292 adhaesionis,
1777 4226 1878 4296 opinio
1898 4233 1995 4278 autem
2018 4234 2150 4278 neutram
2171 4227 2267 4279 habet.

791 4324 869 4394 Ergo
901 4321 925 4375 si
964 4321 1088 4375 scientia
1125 4321 1280 4375 eliceretur
1318 4339 1354 4375 ex
1390 4320 1541 4392 principiis
1573 4329 1685 4374 tantum
1718 4321 1837 4375 creditis
1871 4322 1916 4374 vel
1948 4321 2084 4392 opinatis
2121 4321 2268 4375 certitudo

791 4417 1011 4472 conclusionum
1031 4417 1251 4471 transcenderet
1265 4416 1468 4471 certitudinem
1488 4416 1707 4488 principiorum,
1722 4426 1750 4469 et
1764 4417 1807 4470 sic
1827 4425 1909 4488 patet
1922 4418 2024 4470 minor.
2040 4449 2071 4494 Ι-
2087 4416 2224 4470 Secundo
2241 4420 2270 4483 ¹¹,

792 4514 860 4585 quia
885 4512 955 4566 illud
970 4514 989 4544 ¹²
1008 4513 1088 4583 quod
1113 4522 1158 4566 est
1182 4511 1258 4566 infra
1277 4512 1429 4566 scientiam
1449 4531 1508 4567 non
1528 4521 1626 4584 potest
1648 4530 1715 4566 esse
1734 4530 1824 4567 causa
1846 4513 2029 4567 certitudinis
2049 4512 2078 4566 in
2094 4514 2113 4544 ¹⁸
2139 4513 2270 4567 scientia.

790 4609 850 4664 Sed
870 4608 1030 4662 secundum
1051 4609 1208 4680 Hugonem
1223 4612 1261 4675 (2)
1282 4608 1357 4662 fides
1377 4617 1422 4662 est
1441 4607 1515 4662 infra
1534 4608 1686 4663 scientiam
1708 4616 1737 4662 et
1756 4626 1845 4679 super
1860 4612 1879 4640 ¹¹
1899 4608 2078 4680 opinionem.
2099 4610 2177 4679 Ergo
2197 4608 2272 4662 fides

792 4704 829 4759 de
861 4703 1012 4776 principiis
1044 4722 1102 4757 non
1133 4712 1231 4775 potest
1257 4721 1378 4758 causare
1404 4703 1556 4757 scientiam
1589 4703 1627 4757 de
1652 4703 1900 4758 conclusionibus,
1921 4704 2007 4759 Unde
2036 4722 2090 4759 nec
2119 4705 2270 4776 theologia

792 4801 883 4854 nec¹³
913 4799 987 4854 alius
1019 4799 1137 4853 habitus
1167 4801 1333 4870 procedens
1358 4817 1394 4853 ex
1420 4798 1573 4872 principiis
1598 4807 1710 4853 tantum
1736 4799 1855 4853 creditis
1886 4808 1986 4872 potest
2017 4818 2083 4854 esse
2100 4802 2120 4831 ¹⁶
2147 4801 2271 4855 scientia

791 4895 910 4967 proprie
930 4895 1018 4962 dicta,
1037 4904 1067 4949 et
1089 4913 1199 4966 ponere
1222 4895 1295 4949 tales
1319 4894 1453 4949 fictiones
1476 4894 1513 4949 de
1535 4895 1686 4966 theologia
1709 4895 1832 4949 multum
1855 4894 1980 4966 derogat
2006 4895 2176 4967 theologiae
2195 4914 2272 4967 quae

792 4991 883 5047 debet
901 4991 984 5045 inniti
1004 4991 1172 5045 auctoritati
1193 4990 1318 5046 divinae.

881 5087 928 5142 Ad
961 5088 1086 5159 primum
1113 5104 1186 5159 ergo
1206 5086 1362 5141 dicendum
1382 5086 1461 5158 quod
1481 5085 1575 5141 maior
1600 5094 1646 5141 est
1670 5084 1754 5153 falsa,
1781 5086 1848 5159 quia
1873 5086 2018 5159 principia
2044 5087 2185 5141 scientiae
2204 5089 2272 5142 suh·

884 5354 937 5409 ¹id
957 5355 989 5409 C.
1009 5387 1043 5394 —
1063 5354 1210 5408 'scientia
1229 5355 1319 5423 certa]
1339 5362 1420 5409 certa
1439 5352 1564 5408 scientia
1583 5353 1616 5408 C.
1644 5385 1678 5393 —
1705 5353 1904 5425 ³principium
1925 5354 1958 5409 C.
1984 5386 2017 5393 —
2046 5358 2125 5408 ‘oon
2144 5354 2183 5417 S;
2202 5355 2272 5408 odd.

792 5462 828 5505 211
844 5468 882 5504 m.
903 5451 941 5518 S;
961 5468 1033 5522 ergo
1046 5482 1080 5490 -
1094 5449 1174 5518 item]
1194 5449 1272 5503 unde
1292 5458 1321 5503 et
1342 5449 1374 5504 C.
1394 5481 1427 5490 -
1448 5449 1530 5503 ‘tale
1548 5450 1617 5502 odd.
1638 5449 1671 5503 C.
1692 5481 1725 5488 -
1745 5449 1964 5521 “proponendo
1985 5449 2017 5504 C.
2037 5482 2071 5490 —
2093 5451 2170 5504 ¹om.
2185 5450 2218 5505 C.
2238 5484 2271 5491 —

793 5538 846 5593 tid
861 5537 893 5591 C.
914 5570 947 5578 -
967 5538 1020 5591 ⁹id
1041 5537 1073 5591 C.
1095 5569 1126 5577 -
1149 5541 1170 5569 ¹⁰
1182 5536 1349 5592 evidentiae
1364 5536 1579 5606 certitudinem]
1599 5535 1804 5591 certitudinem
1825 5536 1992 5592 evidentiae
2008 5538 2041 5592 C.
2056 5570 2089 5577 —
2111 5539 2273 5592 ¹¹secunda

792 5625 868 5680 ratio
888 5625 955 5679 talis
974 5633 1019 5679 est
1039 5624 1072 5679 C.
1092 5657 1125 5664 —
1148 5626 1168 5656 ¹²
1181 5624 1211 5678 id
1231 5624 1263 5679 C.
1284 5657 1317 5664 —
1339 5626 1359 5657 ¹⁸
1379 5642 1433 5679 om.
1454 5625 1493 5692 S;
1512 5625 1582 5678 odd.
1596 5637 1631 5678 aa
1647 5642 1684 5678 m.
1698 5625 1727 5679 S.
1747 5656 1781 5665 -
1803 5627 1822 5657 ¹⁴
1842 5641 1930 5697 supra
1951 5624 1982 5679 C.
2001 5657 2033 5664 —
2055 5627 2076 5657 ¹³
2095 5627 2273 5697 quicumque

792 5713 862 5767 odd.
882 5712 916 5767 C.
935 5744 969 5753 -
991 5713 1012 5745 ¹⁶
1025 5729 1114 5781 causa
1134 5713 1203 5765 add.
1218 5712 1251 5767 C.
1318 5783 1321 5790 Ι

882 5894 921 5958 (1)
943 5890 1003 5945 etr.
1024 5909 1072 5962 pp.
1092 5893 1218 5945 asu-264.
1239 5922 1271 5930 —
1292 5894 1332 5957 (2)
1352 5889 1413 5945 Cir.
1433 5908 1461 5962 p.
1481 5894 1543 5959 261,
1562 5908 1589 5944 n.
1609 5895 1619 5957 (
1638 5895 1658 5957 ).
