6700 7992
1203 1476 1398 1551 Qttntttlltt
1429 1474 1729 1551 Qtlotttlttlzttllt,
1758 1482 1794 1551 l).
1827 1474 1877 1533 tlt

1348 1844 1616 1916 Qtlatzst'lo
1648 1844 1718 1899 xli

1459 1982 1623 2039 imvm.

835 2151 945 2206 Utrum
960 2159 1019 2223 per
1036 2153 1223 2204 matronam
1243 2152 1484 2205 ‹menerunlmm
1502 2150 1597 2224 possit
1614 2150 1762 2223 derogari
1780 2154 1892 2205 rtottrto
1907 2150 2060 2221 gustaretis
2081 2150 2184 2221 rrrrotr'
2197 2152 2246 2205 lli.

883 2357 994 2410 Postea
1019 2358 1216 2426 quaerebatur
1239 2372 1327 2410 unum
1353 2356 1504 2427 pertinens
1529 2356 1567 2410 nil
1592 2371 1736 2427 personas
1767 2372 1920 2428 siqromas
1946 2357 1973 2409 ln
2001 2355 2143 2409 licclonin.
2172 2354 2207 2410 lit
2236 2363 2281 2409 eat

794 2462 892 2505 utrum
925 2468 980 2523 per
1014 2452 1190 2505 contrariam
1215 2450 1459 2506 consuetudinem
1491 2451 1585 2523 possit
1613 2451 1752 2521 derogari
1783 2459 1896 2506 statntn
1927 2451 2074 2520 generalla
2105 2450 2221 2522 synodi,
2252 2460 2280 2504 ot

795 2547 1020 2618 angrumrquod
1044 2548 1097 2600 sic
1117 2546 1204 2616 Quia.
1228 2564 1295 2601 cum
1324 2547 1408 2600 multi
1434 2547 1559 2618 praelati
1587 2546 1699 2601 faciant
1712 2555 1816 2601 contra
1842 2554 1982 2601 statntnm
2003 2546 2040 2601 de
2063 2563 2120 2601 non
2143 2546 2282 2601 habendo

795 2645 843 2696 sel
874 2643 1056 2697 conterendo
1087 2643 1244 2696 ecclesiam
1276 2659 1342 2696 cum
1374 2658 1445 2696 cura
1475 2642 1563 2696 alicui
1594 2652 1754 2713 antequam
1785 2644 1912 2712 attingat
1943 2642 2116 2711 vigesimum
2149 2644 2280 2715 qirlntnm

795 2756 903 2794 aunum
920 2743 925 2769 ²
945 2750 976 2792 et
994 2738 1075 2809 quod
1099 2738 1191 2791 iaciat
1211 2755 1245 2791 se
1267 2738 1342 2791 intra
1368 2753 1476 2791 annum
1498 2738 1668 2810 promoveri
1683 2738 1712 2792 in
1734 2738 1921 2793 sacerdotem
1936 2739 1955 2797 ³.
1974 2747 2003 2792 et
2017 2746 2120 2793 contra
2139 2745 2280 2793 statutum

795 2835 834 2888 de
866 2834 1043 2905 expellendo
1068 2834 1218 2887 ternanos
1242 2833 1435 2900 alienigenas,
1459 2844 1490 2887 et
1513 2835 1552 2887 sit
1576 2833 1637 2887 lata
1660 2835 1832 2888 sententia⁸
1856 2842 1959 2888 contra
1985 2842 2229 2905 transgressores,
2249 2866 2281 2874 -

793 2940 865 2983 tunc
895 2930 921 2983 si
952 2947 1012 2984 uon
1037 2947 1091 3000 per
1114 2930 1184 2982 talia
1214 2934 1341 2999 posset*
1375 2929 1513 2998 derogari
1538 2938 1659 2992 statuto,
1690 2930 1773 2983 multi
1805 2929 1930 3000 praelati
1960 2938 2060 2984 essent
2085 2930 2221 3002 sitspensi
2252 2940 2282 2985 et

794 3026 972 3096 irregulares
989 3042 1045 3078 uec
1064 3036 1186 3096 possent
1204 3025 1362 3078 absolvere
1380 3024 1517 3078 subditos
1537 3024 1616 3095 quod
1635 3034 1682 3078 est
1701 3025 1921 3079 inconveniens.
1941 3024 2021 3094 Ergo
2040 3034 2070 3079 et
2089 3035 2197 3080 cetera.

884 3120 1003 3174 Contra
1022 3120 1207 3173 Diunrruitas
1225 3130 1416 3190 peccatorum
1436 3136 1495 3173 non
1521 3119 1657 3174 diminuit
1683 3122 1949 3188 transgressionem
1970 3131 2000 3174 et
2020 3120 2282 3188 inoboedientiam,
2337 3154 2439 3208 mals

795 3216 849 3269 sed
878 3228 969 3287 auget
1019 3216 1118 3286 .Ergo
1149 3218 1371 3269 cousuescere⁶
1400 3215 1501 3269 tacere
1532 3226 1634 3269 contra
1666 3226 1807 3270 statutum
1839 3216 2003 3287 generant
2040 3217 2193 3271 Ecclesiae
2224 3234 2282 3271 non
2314 3225 2363 3279 snt,
2377 3228 2408 3280 51
2425 3226 2465 3280 R·

796 3312 921 3382 derogat
939 3324 1060 3364 sumto.

881 3407 1063 3478 Respondeo
1088 3407 1245 3460 dicendum
1272 3408 1353 3479 quod
1378 3425 1444 3461 cum
1470 3417 1613 3460 statutum
1641 3409 1800 3461 humanum
1831 3409 1940 3462 habeat
1971 3408 2030 3462 vim
2062 3408 2214 3481 obligandi
2247 3426 2283 3464 ex

795 3504 948 3556 voluntate
978 3504 1104 3555 humana
1135 3504 1270 3572 regulata
1300 3504 1425 3561 ratione
1466 3520 1543 3574 quae
1577 3504 1716 3556 voluntas
1747 3513 1847 3575 potest
1878 3503 2065 3558 innotescere
2096 3521 2156 3558 non
2187 3505 2283 3559 solum

794 3600 906 3669 scripto
927 3599 981 3651 sed
1003 3599 1083 3652 lacto
1102 3614 1181 3651 inam
1205 3616 1280 3669 quae
1305 3599 1371 3670 quis
1395 3599 1487 3669 eligit.
1509 3599 1580 3651 talia
1600 3604 1761 3669 operatur),
1775 3630 1807 3637 —
1822 3599 1890 3652 ideo
1910 3610 2061 3671 peractus
2073 3600 2284 3672 multiplicatos

796 3694 845 3765 qui
875 3693 1011 3748 tacirmt⁷
1042 3694 1296 3757 consuetudinem,
1326 3706 1356 3748 et
1387 3696 1443 3748 hoc
1477 3696 1591 3748 sciente
1622 3706 1653 3748 et
1690 3695 1879 3766 permittente
1910 3694 1961 3749 illo
1993 3696 2077 3749 cuius
2108 3698 2285 3751 auctoritate

794 3800 935 3843 statimtm
960 3791 1050 3842 habet
1073 3790 1133 3842 vim
1159 3790 1321 3860 obligandi,
1343 3800 1445 3860 potest
1469 3800 1612 3843 statutum
1638 3799 1667 3843 et
1692 3790 1798 3843 mutari
1823 3800 1853 3844 et
1878 3791 1997 3862 exponi,
2019 3799 2049 3846 et
2075 3791 2185 3864 aliquid
2205 3792 2285 3864 quod

794 3887 903 3938 habeat
927 3886 1003 3956 legis
1027 3887 1159 3954 vigorem
1187 3886 1311 3947 causan,
1341 3886 1366 3938 si
1397 3896 1496 3939 tamen
1527 3886 1565 3939 sit
1598 3886 1783 3939 consitetudo
1808 3903 1867 3940 non
1899 3886 2077 3941 irrationalis
2100 3904 2158 3942 nec
2182 3899 2286 3943 contra

793 3981 839 4033 ius
858 3981 988 4034 dirimrm
1007 3982 1055 4034 vel
1068 3996 1267 4038 nannae.uec
1286 3983 1445 4052 reprobata
1465 3999 1483 4034 a
1502 3981 1566 4034 iure
1586 3983 1744 4035 communi.
1765 3981 1959 4037 Consuetudo
1980 3985 2057 4037 enim
2077 3984 2286 4038 irrationabilis

793 4078 840 4130 vel
855 4078 866 4107 ⁸
884 4095 901 4129 a
921 4078 983 4130 iure
1004 4079 1162 4148 reprobata
1181 4086 1213 4130 ut
1232 4077 1282 4130 illa
1304 4095 1381 4148 quae
1400 4089 1556 4131 enervaret
1575 4077 1744 4131 libertatem
1763 4080 1811 4131 vel
1832 4078 2019 4150 disciplinam
2039 4081 2285 4146 ecclesiasticam,

792 4172 874 4225 nulla
895 4186 983 4226 esset.
1001 4173 1083 4225 Talis
1102 4184 1200 4225 autern
1215 4178 1227 4201 ⁹
1244 4185 1325 4226 esset
1344 4173 1529 4227 cousuetudo
1555 4191 1610 4244 pro
1635 4191 1694 4244 qua
1721 4173 1775 4227 tuit
1798 4175 1953 4245 proposita
1977 4177 2113 4246 quaestio
2134 4177 2203 4231 licet
2225 4194 2284 4231 non

791 4267 881 4321 fuerit
891 4269 991 4339 posita
1002 4268 1032 4321 in
1046 4268 1234 4339 quaestione
1242 4267 1364 4321 Scilicet
1377 4268 1457 4339 quod
1470 4268 1580 4321 subditi
1593 4286 1744 4339 nunquam
1759 4270 1972 4324 confiterentur
1984 4272 2045 4324 suis
2068 4272 2284 4340 sacerdotibus,

793 4364 851 4417 hoc
869 4374 1025 4417 enervaret
1044 4363 1176 4417 ordinem
1195 4363 1420 4417 ecclesiasticae
1438 4364 1630 4418 hierarchiae.
1650 4365 1687 4418 Et
1707 4365 1749 4419 sic
1769 4375 1853 4437 patet
1872 4366 1911 4419 ad
1929 4376 2032 4419 totum.
2300 4364 2302 4369 ’

1337 4707 1606 4776 QUAESTIO
1638 4708 1737 4762 XIII

1451 4851 1616 4905 m).

796 5015 906 5070 Utrum
926 5015 1072 5086 magister
1091 5017 1123 5067 in
1142 5015 1292 5087 theologia
1318 5018 1521 5086 quaestionem
1547 5019 1636 5071 cuius
1663 5020 1798 5091 cognitio
1820 5023 1863 5072 est
1891 5021 2061 5072 κιωεεανία
2088 5021 2131 5072 od
2154 5020 2281 5075 salutm

828 5110 932 5163 debeat
950 5114 1092 5180 reputare
1110 5111 1276 5182 litigiosam
1294 5116 1325 5163 et
1342 5111 1532 5166 inducentem
1551 5114 1729 5166 mariolum
1748 5119 1778 5168 et
1795 5115 1830 5168 ob
1848 5115 1902 5168 hoc
1924 5132 1982 5168 non
2002 5116 2132 5186 recipiat
2150 5133 2217 5170 eom
2231 5120 2281 5184 (2).

882 5314 991 5368 Postea
1016 5315 1234 5384 quaerebantur
1255 5313 1312 5369 tria
1337 5315 1515 5386 pertinentia
1541 5316 1580 5371 ad
1605 5316 1753 5384 doctores,
1780 5316 2004 5389 praedicatores
2030 5328 2061 5373 et
2082 5320 2281 5375 confessores.

794 5441 828 5448 -
841 5409 969 5463 Primum
988 5420 1051 5464 erat
1070 5420 1166 5463 utrum
1184 5410 1326 5482 magister
1339 5409 1369 5464 in
1387 5411 1540 5483 theologia
1562 5413 1767 5483 quaestionem
1791 5414 1875 5468 cuius
1894 5415 2027 5485 cognitio
2046 5425 2093 5469 est
2111 5417 2281 5470 necessaria

886 5639 1080 5709 'vigesimum
1095 5671 1127 5679 -
1141 5642 1259 5707 annum]
1278 5639 1361 5692 XXV
1379 5656 1472 5693 annos
1492 5641 1525 5694 C.
1545 5672 1577 5681 -
1607 5642 1676 5695 ‘est
1696 5650 1798 5696 contra
1818 5651 1959 5696 statutum
1979 5644 2049 5697 add.
2064 5644 2097 5698 C.
2116 5674 2150 5685 —
2170 5645 2232 5699 ¹sit
2246 5677 2280 5685 —

793 5726 951 5794 sententia]
971 5727 1013 5779 sic
1031 5726 1092 5780 lata
1110 5736 1156 5780 est
1175 5727 1322 5781 sententia
1342 5725 1374 5781 C.
1404 5758 1437 5768 -
1467 5727 1535 5779 ‘ln's
1554 5728 1587 5781 (j.
1613 5760 1646 5769 -
1677 5731 1875 5784 ‘assuescere
1895 5730 1928 5784 C.
1957 5762 1991 5771 —
2023 5733 2195 5803 ‘generalis
2213 5733 2280 5801 SP;

793 5822 936 5867 statutum
958 5814 1108 5885 generale]
1136 5814 1275 5881 generale
1300 5822 1440 5869 statutum
1461 5814 1494 5869 C.
1524 5845 1557 5855 -
1588 5815 1659 5887 'qui
1689 5815 1812 5886 laciunt]
1833 5835 1888 5872 om.
1908 5819 1947 5884 S3
1975 5820 2045 5872 odd.
2074 5834 2109 5873 aa
2129 5837 2167 5874 m.
2183 5821 2214 5875 S.
2246 5852 2280 5861 --

794 5902 874 5953 ‘orm
893 5901 925 5954 P.
946 5932 978 5940 -
999 5904 1073 5954 'aut
1093 5901 1125 5955 C.

884 6082 924 6145 (li
943 6078 1004 6132 etr.
1024 6096 1074 6149 pp.
1092 6080 1220 6134 273-274.
1239 6109 1273 6120 -
1294 6082 1333 6142 (2)
1354 6076 1414 6133 Cir.
1434 6096 1483 6151 pp.
1502 6080 1630 6135 ert-277.
