6700 7992
1120 1410 1173 1461 302
1486 1411 1677 1465 MAGISTRI
1707 1411 1926 1466 GODEFRlDl
1955 1413 2007 1466 DE
2036 1412 2235 1468 FONTlBUS

1120 1588 1247 1658 ceptiva,
1258 1587 1333 1641 sicut
1348 1587 1440 1641 forma
1454 1588 1481 1642 in
1496 1589 1627 1652 materia,
1638 1598 1707 1644 tunc
1721 1606 1786 1642 esse
1800 1597 1951 1644 creaturae
1965 1598 2044 1645 esset
2058 1607 2123 1644 esse
2136 1608 2240 1662 purum
2254 1591 2418 1645 subsistens
2431 1592 2599 1646 absolutum

1121 1690 1149 1737 et
1172 1701 1231 1738 non
1250 1685 1467 1756 participatum,
1488 1685 1567 1757 quod
1589 1695 1635 1740 est
1659 1686 1877 1741 inconveniens.
1902 1687 1981 1759 Ergo
2004 1696 2034 1740 et
2054 1696 2161 1742 cetera.

1209 1782 1328 1837 Contra.
1355 1784 1425 1837 Esse
1446 1794 1475 1837 et
1495 1784 1623 1838 essentia
1643 1792 1692 1839 aut
1712 1793 1779 1838 sunt
1798 1785 1875 1839 idem
1895 1793 1945 1839 aut
1963 1802 2030 1839 non.
2044 1785 2075 1839 Si
2090 1785 2140 1852 sic,
2154 1803 2227 1856 ergo
2242 1804 2289 1840 res
2302 1803 2360 1840 non
2373 1794 2472 1858 potest
2485 1788 2597 1842 habere

1119 1897 1185 1934 esse
1206 1880 1285 1934 reale
1305 1888 1445 1950 quantum
1466 1881 1503 1934 ad
1523 1899 1610 1935 unum
1631 1890 1660 1935 et
1680 1900 1739 1934 non
1759 1892 1897 1953 quantum
1918 1883 1955 1936 ad
1975 1883 2054 1936 aliud
2067 1886 2084 1937 ¹.
2108 1883 2139 1936 Si
2159 1901 2226 1948 non,
2249 1885 2337 1938 cum'
2360 1884 2596 1956 inseparabiliter

1118 1995 1151 2032 se
1171 1977 1424 2033 concomitentur³
1443 1979 1519 2032 sicut
1537 1981 1659 2033 materia
1674 1988 1703 2033 et
1723 1979 1816 2033 forma
1831 1979 1895 2046 (sed
1909 1979 2031 2034 materia
2044 1998 2102 2033 non
2117 1991 2216 2052 potest
2229 1999 2295 2035 esse
2315 1981 2378 2035 sine
2393 1981 2472 2036 omni
2493 1981 2596 2049 forma,

1118 2075 1248 2148 alioquin
1262 2085 1362 2130 essent
1382 2077 1410 2130 in
1431 2094 1465 2131 ea
1486 2078 1572 2131 simul
1591 2077 1773 2149 privationes
1786 2077 1915 2131 omnium
1935 2077 2094 2131 formarum
2114 2078 2193 2150 quod
2209 2088 2254 2133 est
2270 2078 2501 2148 inconveniens),
2521 2098 2594 2152 ergo

1116 2191 1172 2229 nec
1194 2176 1342 2228 essentin‘
1364 2183 1464 2246 potest
1486 2192 1552 2228 esse
1574 2174 1637 2228 sine
1661 2174 1760 2245 aliquo
1784 2193 1849 2229 esse
1872 2176 2046 2230 existentiae
2057 2178 2074 2228 ³.

1206 2273 1393 2344 Respondeo
1409 2274 1463 2327 llic
1478 2281 1546 2327 sunt
1560 2272 1617 2326 duo
1633 2272 1777 2326 videnda:
1797 2273 1890 2344 primo
1904 2281 1998 2326 utrum
2015 2291 2080 2327 esse
2095 2281 2123 2328 et
2137 2273 2265 2328 essentia
2279 2273 2336 2344 sint
2356 2273 2433 2328 idem
2453 2276 2596 2330 realiter⁰

1116 2370 1146 2424 in
1169 2380 1320 2440 ereatura;
1339 2371 1469 2425 seeundo
1484 2380 1577 2425 utrum
1599 2378 1734 2424 creatura
1756 2370 1851 2441 possit
1871 2372 2002 2424 habere⁷
2021 2388 2086 2424 esse
2111 2372 2190 2425 reale
2214 2380 2353 2443 quantum
2375 2373 2413 2426 ad
2434 2373 2593 2427 essentiam

1115 2468 1156 2524 ita
1185 2470 1266 2541 quod
1285 2488 1343 2523 non
1367 2471 1474 2523 habeat
1497 2487 1563 2523 esse
1583 2468 1709 2522 realiter.

1204 2567 1353 2636 Quantum
1373 2585 1445 2638 ergo
1466 2567 1503 2620 ad
1530 2567 1663 2637 primum,
1692 2568 1792 2621 dicunt
1816 2566 1934 2637 quidam
1962 2565 2041 2636 quod
2068 2584 2133 2620 esse
2159 2574 2188 2621 et
2215 2566 2342 2620 essentia
2369 2575 2435 2621 sunt
2458 2567 2594 2622 diversae

1114 2681 1161 2718 res
1180 2664 1209 2718 in
1230 2673 1372 2732 creatura,
1393 2665 1432 2718 ita
1452 2665 1531 2736 quod
1551 2665 1679 2719 essentia
1698 2674 1744 2718 est
1763 2664 1895 2735 potentia
1915 2665 2084 2735 susceptiva
2104 2664 2196 2734 ipsius
2218 2682 2284 2719 esse
2303 2674 2333 2719 et
2356 2682 2422 2718 esse
2442 2674 2487 2719 est
2509 2673 2595 2720 aetus

1115 2762 1186 2816 eius
1210 2763 1298 2833 Quod
1321 2764 1447 2834 probant
1473 2763 1638 2834 dupliciter.
1661 2763 1759 2817 Primo
1786 2763 1854 2834 quia
1876 2762 1947 2816 illud
1973 2761 2077 2833 quod⁸
2101 2779 2158 2814 non
2182 2763 2276 2815 solum
2299 2780 2358 2815 non
2380 2771 2425 2816 est
2448 2763 2485 2816 de
2509 2763 2592 2817 intel·

1113 2861 1191 2914 lectu
1212 2862 1357 2915 essentiae
1378 2861 1429 2915 sed
1450 2861 1559 2915 etiam¹
1577 2862 1635 2914 tale
1651 2861 1730 2931 quod
1750 2862 1804 2913 sub
1824 2861 1886 2913 eius
1906 2859 2044 2931 opposito
2060 2867 2159 2930 potest
2172 2859 2300 2913 essentia
2321 2860 2452 2932 intelligi,
2469 2878 2527 2915 non
2547 2869 2592 2916 est

1113 2959 1191 3013 idem
1216 2977 1247 3012 re
1270 2976 1335 3012 cum
1358 2960 1495 3013 essentia.
1519 2958 1579 3013 Sed
1604 2976 1671 3012 esse
1697 2976 1755 3011 non
1781 2965 1825 3011 est
1851 2958 1888 3010 de
1914 2957 2064 3011 intellectu
2092 2957 2239 3012 essentiae
2264 2965 2382 3011 creatae
2408 2968 2436 3012 et
2462 2958 2591 3012 essentia

1112 3066 1212 3130 potest
1232 3057 1354 3128 intelligi
1374 3059 1429 3110 sub
1449 3057 1586 3128 opposito
1606 3056 1678 3123 eius,
1693 3056 1789 3128 quia¹⁰
1810 3064 1908 3126 potest
1923 3072 1992 3108 rere
2005 3054 2128 3123 intelligi
2142 3073 2200 3108 non
2222 3072 2287 3109 esse
2299 3058 2326 3108 ¹¹.
2348 3056 2425 3127 Ergo
2439 3064 2469 3109 et
2483 3063 2590 3110 cetera.

1112 3156 1250 3212 Secundo
1272 3156 1347 3226 quia,
1362 3156 1437 3209 sieut
1448 3157 1468 3186 ¹¹
1487 3155 1638 3225 arguendo
1658 3164 1766 3208 tactum
1788 3162 1842 3216 est,
1861 3153 2041 3224 participans
2054 3171 2111 3207 non
2126 3161 2170 3206 est
2184 3152 2279 3224 ipsum
2300 3153 2515 3225 participatum.
2531 3154 2591 3208 Sed

1111 3255 1140 3308 in
1154 3255 1295 3309 creaturis
1315 3254 1442 3307 essentia
1462 3252 1620 3323 participat
1639 3269 1714 3318 esse,
1728 3251 1855 3322 alioquin
1876 3259 2068 3322 sequerentur
2081 3251 2170 3304 multa
2185 3251 2422 3305 inconvenientia
2435 3259 2467 3306 ut
2480 3251 2590 3305 dictum

1110 3360 1163 3405 est.
1185 3352 1262 3421 Ergo
1282 3357 1310 3403 et
1330 3358 1429 3402 cetera
1440 3350 1467 3402 ¹³.
1483 3380 1515 3386 -
1529 3347 1561 3402 Si
1580 3347 1694 3402 dicatur
1714 3346 1751 3401 ad
1770 3348 1825 3401 lroc
1838 3351 1856 3378 ¹⁴
1871 3346 1950 3416 quod
1964 3364 2030 3400 esse
2050 3347 2130 3400 addit
2148 3364 2237 3419 super
2250 3347 2407 3401 essentiam
2422 3355 2588 3419 respectum

1111 3449 1148 3502 ad
1163 3449 1256 3502 Deum
1277 3449 1352 3501 sicut
1376 3452 1379 3516 l
1403 3447 1439 3500 ad
1454 3464 1573 3500 causam
1587 3445 1774 3512 efficientem,
1788 3454 1817 3498 et
1837 3445 1903 3498 ideo
1918 3444 2014 3497 ditl'ert
2029 3445 2065 3497 ab
2080 3444 2208 3498 essentia
2227 3462 2285 3498 non
2299 3445 2393 3498 solum
2407 3446 2521 3499 ratione
2535 3444 2589 3499 sed

1110 3546 1197 3601 etiam
1224 3545 1394 3610 intentione,
1417 3562 1476 3598 non
1498 3553 1595 3597 tamen
1618 3561 1657 3609 re,
1681 3551 1709 3596 et
1734 3543 1801 3595 ideo
1824 3550 1922 3613 potest
1945 3542 2002 3595 dici
2026 3542 2154 3595 essentia
2176 3560 2234 3595 non
2257 3560 2323 3596 esse
2349 3551 2379 3596 et
2404 3550 2503 3614 potest
2530 3541 2588 3596 dici

1111 3644 1190 3716 quod
1209 3662 1275 3698 esse
1295 3652 1340 3696 est
1359 3643 1678 3714 participatun1‚lroc¹¹
1697 3659 1755 3694 non
1775 3641 1861 3694 salet.
1883 3639 1978 3693 Primo
1993 3641 2060 3710 <pria
2074 3658 2140 3693 esse
2155 3640 2326 3712 simpliciter
2341 3640 2589 3713 praesupponitur

1110 3743 1137 3796 ei
1161 3741 1239 3813 quod
1262 3750 1307 3795 est
1329 3758 1395 3794 esse
1418 3740 1455 3793 ad
1479 3739 1596 3810 aliquid.
1618 3739 1678 3792 Sed
1701 3747 1853 3809 respectus
1871 3737 1919 3791 ille
1933 3739 1952 3767 ¹¹
1976 3737 2027 3790 dat
2048 3745 2160 3791 tantum
2175 3739 2194 3769 ¹¹
2216 3756 2282 3792 esse
2305 3738 2342 3792 ad
2365 3738 2484 3810 aliquid.
2509 3740 2588 3810 Ergo

1109 3838 1321 3912 praesupponit
1342 3856 1407 3892 esse
1428 3836 1599 3908 simpliciter
1613 3837 1649 3903 ¹⁸3
1668 3853 1740 3907 ergo
1760 3836 1826 3888 talis
1846 3844 1998 3906 respectus
2021 3835 2070 3888 dat
2094 3836 2156 3889 sive
2173 3838 2194 3868 ¹⁹
2216 3836 2366 3890 constituit
2390 3854 2457 3890 esse
2477 3837 2588 3909 simpli-

1109 3937 1190 3992 citer.
1216 3936 1353 3991 Secundo
1377 3935 1445 4006 quia
1468 3935 1545 3988 actio
1567 3951 1685 4005 semper
1707 3933 1877 3988 terminatur
1902 3932 2069 3986 necessario
2105 3934 2142 3987 ad
2168 3933 2277 4004 aliquid
2304 3935 2481 3998 absolutum,
2509 3935 2587 3989 actio

1109 4043 1206 4089 autem
1227 4034 1280 4088 Dei
1304 4034 1475 4087 terminatur
1497 4032 1535 4086 ad
1557 4050 1622 4086 esse
1645 4040 1806 4085 creaturae.
1830 4032 1907 4098 Ergo
1930 4039 1959 4083 et
1982 4039 2089 4085 cetera.

1196 4133 1244 4186 Ad
1263 4131 1348 4185 huius
1368 4149 1439 4202 ergo
1453 4130 1632 4184 evidentiam
1652 4129 1802 4183 sciendum
1823 4128 1917 4200 primo
1937 4129 2015 4199 quod
2036 4128 2063 4181 in
2084 4147 2178 4182 rerum
2193 4138 2295 4183 natura
2309 4137 2391 4183 extra
2405 4130 2586 4184 intellectum

1106 4249 1166 4285 non
1190 4239 1234 4284 est
1256 4230 1366 4301 aliquid
1389 4229 1468 4300 quod
1491 4228 1528 4282 sit
1542 4245 1607 4281 esse
1621 4228 1726 4294 solum,
1740 4227 1779 4280 ita
1803 4227 1949 4280 scilicet¹⁰
1971 4227 2051 4298 quod
2065 4228 2139 4281 ratio
2163 4245 2216 4281 sua
2235 4228 2263 4281 in
2284 4228 2412 4282 essendo
2432 4228 2469 4282 sit
2489 4230 2586 4282 solum

1106 4329 1181 4384 ratio
1202 4327 1318 4382 essendi
1337 4327 1400 4381 sine
1420 4325 1606 4398 appositione
1629 4325 1752 4379 alicuius
1776 4325 1960 4395 particularis
1979 4324 2101 4378 rationis
2123 4325 2248 4379 essendi.
2269 4326 2357 4395 erod
2380 4334 2463 4398 patet
2483 4326 2587 4397 primo,

1107 4428 1175 4498 quia
1194 4426 1219 4480 si
1239 4426 1416 4480 universalia
1436 4424 1464 4478 in
1485 4441 1539 4477 suo
1559 4440 1625 4477 esse
1644 4422 1802 4476 universali
1823 4431 1851 4475 et
1871 4423 2020 4475 abstracto
2034 4440 2092 4475 non
2107 4424 2216 4477 habent
2231 4441 2296 4477 esse
2317 4423 2343 4476 in
2365 4442 2460 4477 rerum
2473 4435 2586 4489 natura,

1105 4525 1159 4580 sed
1181 4532 1293 4579 tantum
1307 4526 1329 4556 ¹¹
1351 4523 1380 4577 in
1403 4523 1561 4589 intellectu,
1586 4529 1703 4591 oportet
1724 4521 1779 4573 hoc
1794 4521 1816 4551 ¹²
1835 4519 1960 4573 maxime
1988 4521 2133 4573 ueriticari
2159 4520 2196 4574 de
2216 4521 2341 4574 maxime
2361 4521 2584 4575 universalibus.

1106 4622 1166 4678 Sed
1186 4640 1238 4676 ens
1257 4630 1286 4676 et
1306 4639 1371 4675 esse
1391 4628 1458 4674 sunt
1472 4620 1509 4673 de
1524 4619 1678 4673 maxime²⁸
1691 4618 1914 4692 universalibus
1935 4619 2013 4689 Ergo
2028 4628 2056 4671 et
2071 4625 2178 4672 cetera.
2192 4618 2338 4685 Secundo,
2353 4619 2421 4690 quia
2436 4618 2460 4672 si
2474 4618 2584 4689 aliquid

1105 4721 1134 4775 in
1165 4739 1260 4775 rerum
1293 4729 1395 4773 natura
1428 4727 1507 4772 esset
1538 4734 1604 4771 esse
1635 4716 1770 4770 absolute
1803 4715 1921 4781 dictum,
1949 4716 2057 4769 nullam
2087 4715 2310 4769 determinatam
2339 4717 2482 4770 rationem
2509 4717 2585 4771 entis

1104 4819 1266 4885 includens
1286 4836 1352 4872 cum
1376 4816 1473 4870 omnia
1494 4815 1643 4869 includant
1663 4831 1728 4867 esse
1740 4815 1761 4845 ²¹
1781 4813 1984 4867 universaliter
2003 4823 2032 4867 et
2052 4814 2186 4867 absolute
2209 4814 2360 4881 dictum¹¹,
2374 4814 2472 4868 omnia
2485 4823 2584 4868 essent

1104 4917 1174 4971 illud
1186 4917 1208 4948 ¹⁰
1230 4934 1318 4969 unum
1341 4931 1427 4979 esse3
1448 4923 1477 4967 et
1497 4913 1538 4967 sic
1558 4913 1587 4966 in
1607 4929 1702 4966 rerum
1723 4920 1826 4965 natura
1851 4912 1947 4964 omnia
1972 4919 2071 4965 essent
2091 4911 2210 4982 aliquod
2229 4930 2317 4965 unum
2337 4911 2497 4966 secundum
2522 4930 2584 4965 rem

1103 5015 1179 5069 sicut
1201 5014 1300 5086 posuit
1323 5012 1522 5078 Parmenides,
1545 5010 1624 5082 quod
1646 5009 1753 5063 falsum
1776 5018 1822 5063 est
1832 5011 1861 5062 ²¹.
1885 5010 1963 5080 Ergo
1986 5017 2015 5063 et
2036 5017 2144 5064 cetera.

1194 5392 1201 5421 ¹
1221 5389 1245 5442 si
1265 5387 1306 5441 sic
1321 5420 1353 5427 -
1369 5386 1457 5455 aliud]
1472 5404 1527 5440 om.
1542 5386 1575 5440 C.
1589 5416 1622 5424 -
1637 5383 1719 5438 ¹sint
1733 5383 1810 5438 idem
1825 5393 1922 5438 tamen
1936 5384 1976 5438 ita
1991 5384 2024 5439 C.
2043 5416 2075 5422 -
2089 5386 2100 5416 ³
2113 5384 2347 5438 concomitantur
2361 5384 2394 5438 C.
2414 5415 2447 5423 -
2464 5387 2472 5414 ⁴
2487 5382 2582 5437 forma

1101 5477 1180 5535 SPC.
1196 5509 1228 5518 —
1250 5476 1303 5529 ³Si
1318 5483 1415 5528 autem
1430 5483 1499 5527 sunt
1519 5473 1605 5539 idem,
1625 5489 1696 5543 ergo
1711 5489 1757 5525 res
1770 5489 1828 5525 non
1849 5480 1948 5544 potest
1966 5473 2075 5527 habere
2094 5488 2161 5526 esse
2181 5472 2260 5525 reale
2280 5479 2419 5543 quantum
2435 5470 2472 5524 ad
2492 5488 2581 5524 unum

1101 5575 1202 5621 elnon
1216 5572 1356 5636 quantum
1371 5561 1407 5615 ad
1421 5561 1500 5614 aliud
1513 5561 1582 5614 add.
1598 5559 1630 5614 (ἶ.
1643 5589 1677 5598 -
1689 5560 1700 5590 ⁶
1713 5576 1743 5614 re
1758 5559 1781 5613 C
1784 5600 1790 5611 .
1805 5592 1838 5599 -
1855 5561 1863 5590 ¹
1876 5578 1931 5614 om.
1946 5559 1978 5614 C.
1994 5592 2026 5598 -
2045 5562 2055 5590 ¹
2068 5559 2140 5613 illud
2159 5559 2248 5630 quod]
2265 5577 2320 5612 om.
2334 5559 2372 5621 ὃς
2392 5559 2461 5611 adel.
2482 5575 2580 5629 rrrarg.

1099 5669 1135 5709 aa
1148 5672 1185 5707 m.
1200 5653 1238 5716 S;
1253 5651 1331 5723 quod
1346 5650 1378 5705 (Σ
1393 5681 1425 5688 -
1439 5651 1450 5681 ¹
1464 5657 1508 5703 est
1522 5648 1555 5703 C.
1569 5680 1602 5687 --
1619 5649 1639 5680 ¹⁰
1652 5647 1731 5719 quod
1748 5648 1817 5701 add.
1833 5648 1865 5701 C.
1880 5679 1912 5686 -
1934 5650 1952 5679 ¹¹
1966 5655 2011 5700 est
2025 5647 2057 5701 C.
2072 5679 2104 5686 -
2121 5647 2141 5678 ¹²
2156 5646 2184 5700 in
2199 5647 2267 5700 add.
2282 5647 2315 5701 C.
2331 5678 2363 5685 -
2380 5646 2400 5678 ¹³
2413 5654 2442 5700 et
2461 5646 2530 5699 add.
2546 5645 2579 5699 C.

1099 5774 1132 5782 -
1155 5745 1175 5773 ¹⁴
1189 5741 1226 5795 ad
1246 5741 1313 5808 hoc]
1333 5757 1388 5791 oni.
1409 5739 1438 5791 P.
1460 5768 1492 5775 -
1515 5738 1536 5768 ¹¹
1555 5753 1609 5789 om.
1630 5736 1663 5791 C.
1684 5766 1717 5774 —
1739 5737 1760 5768 ¹⁰
1779 5754 1834 5789 om.
1848 5734 1881 5789 C.
1902 5767 1934 5774 —
1957 5737 1976 5767 ¹¹
1996 5752 2050 5787 om.
2065 5734 2097 5788 C.
2112 5766 2145 5774 --
2161 5735 2182 5766 ¹¹
2195 5752 2252 5788 non
2266 5734 2334 5787 add.
2349 5734 2382 5788 C.
2396 5764 2430 5773 -
2450 5734 2471 5765 ¹⁰
2486 5733 2532 5786 vel
2546 5733 2580 5787 C.

1099 5862 1133 5870 -
1152 5829 1176 5861 ²⁰
1197 5846 1252 5883 om.
1276 5827 1308 5881 C.
1329 5858 1361 5865 —
1382 5826 1403 5857 ¹¹
1426 5824 1542 5878 tertium
1566 5822 1587 5877 S
1609 5823 1642 5876 in
1662 5830 1775 5877 tantum
1795 5841 1871 5876 corr.
1891 5837 1925 5875 2⁰
1949 5840 1986 5875 m.
2009 5821 2038 5876 S.
2058 5853 2091 5861 -
2112 5822 2135 5854 ¹¹
2154 5840 2209 5876 oni.
2229 5823 2268 5889 ὃς
2291 5821 2359 5875 add.
2379 5833 2414 5874 aa
2437 5838 2475 5875 m.
2498 5821 2528 5874 S.
2546 5853 2581 5864 -

1100 5918 1122 5950 ¹¹
1141 5916 1178 5971 de
1197 5915 1333 5984 maxime]
1354 5912 1478 5966 maxime
1492 5910 1530 5964 de
1550 5910 1582 5965 C.
1595 5942 1628 5950 -
1647 5909 1669 5941 ¹⁴
1683 5928 1738 5965 om.
1752 5911 1790 5977 ὃς
1810 5910 1879 5964 add.
1900 5923 1934 5963 ια
1955 5927 1992 5963 m.
2006 5909 2035 5963 S.
2056 5941 2088 5948 -
2109 5910 2132 5941 ¹¹
2150 5909 2258 5963 nullam
2280 5941 2312 5948 -
2333 5908 2454 5978 dictum]
2474 5924 2531 5961 onr.
2545 5905 2578 5961 C.

1098 6037 1132 6046 —
1152 6006 1175 6037 ¹¹
1195 6004 1272 6058 idem
1292 6002 1325 6057 C.
1340 6034 1372 6040 —
1393 6002 1415 6033 '¹
1428 5999 1534 6053 falsum
1548 5998 1604 6066 est]
1624 6004 1668 6051 est
1689 5996 1794 6051 falsum
1810 5997 1842 6050 C.
