6700 7992
1183 1397 1400 1454 SECUNDUM
1429 1396 1728 1468 QUODLIBETUM,
1756 1394 1792 1467 Q.
1822 1395 1877 1449 XII
2218 1396 2263 1448 151

788 1579 919 1647 etiam¹
959 1579 1153 1644 secundum
1186 1579 1255 1643 hoc
1294 1578 1418 1643 eodem
1458 1577 1563 1641 modo
1603 1576 1779 1659 quaelibet
1818 1574 1925 1640 virtus
1958 1575 2097 1641 moralis
2137 1574 2269 1663 exigit²

788 1695 1007 1782 prudentiam
1025 1695 1226 1780 perfectam.
1244 1694 1333 1757 Nam
1351 1714 1412 1778 per
1429 1713 1468 1758 se
1486 1703 1519 1758 et
1536 1691 1667 1758 directe
1692 1691 1797 1779 exigit
1821 1691 2042 1777 prudentiam
2066 1690 2267 1757 directivam

788 1811 825 1877 in
862 1810 913 1877 eis
945 1831 1036 1895 quae
1075 1809 1249 1896 pertinent
1280 1808 1325 1874 ad
1356 1807 1531 1894 propriam
1573 1806 1750 1872 materiam
1790 1807 1991 1872 huiusmodi
2026 1806 2170 1887 virtutiS,
2206 1828 2269 1893 per

789 1926 954 1994 accidens
983 1936 1098 1992 autem
1128 1937 1161 1991 et
1189 1923 1386 1990 indirecte³
1412 1923 1547 2011 indiget
1573 1944 1612 1988 ea
1638 1923 1672 1988 in
1698 1934 1866 2008 quantum
1898 1922 2013 2011 dirigit
2037 1922 2129 1990 circa
2163 1935 2268 1989 mate·

788 2042 874 2109 riam
914 2041 1057 2107 aliarum
1096 2041 1270 2106 virtutum.
1307 2041 1397 2105 Nam
1432 2061 1511 2104 cum
1551 2038 1625 2104 aliis
1664 2038 1848 2104 virtutibus
1885 2038 2042 2127 indigeat
2080 2061 2170 2124 quae
2195 2061 2268 2105 non

788 2169 939 2245 possunt
966 2179 1046 2225 esse
1073 2156 1150 2223 sine
1178 2155 1362 2242 prudentia
1390 2166 1559 2240 quantum
1587 2155 1682 2219 adid
1707 2156 1802 2240 quod
1828 2166 1880 2220 est
1904 2154 1954 2221 eis
1979 2155 2169 2241 proprium,
2186 2154 2268 2222 ideo

789 2274 893 2341 etiam
917 2284 952 2340 et
986 2272 1171 2359 prudentia
1202 2271 1335 2359 indiget
1366 2270 1468 2337 etiam
1501 2272 1697 2336 secundum
1729 2271 1824 2355 quod
1858 2280 1911 2336 est
1942 2270 2108 2337 directiva
2143 2271 2178 2337 in
2214 2271 2268 2338 his

790 2399 987 2476 quaesunt
1014 2388 1155 2475 propria
1179 2387 1322 2453 aliarum
1349 2386 1521 2452 virtutum.

880 2504 940 2572 Sic
967 2526 1053 2592 ergo
1080 2515 1176 2590 patet
1203 2503 1299 2589 quod
1331 2501 1437 2568 virtus
1471 2502 1611 2567 moralis
1641 2503 1796 2587 perfecte
1824 2502 1943 2569 haberi
1967 2524 2040 2569 non
2064 2514 2180 2590 potest
2202 2503 2270 2570 nisi

790 2622 946 2709 perfecte
969 2618 1155 2707 prudentia
1182 2620 1361 2685 habeatur.

879 2738 979 2803 Patet
1003 2735 1105 2803 etiam
1130 2736 1224 2821 quod
1253 2734 1437 2821 prudentia
1464 2735 1619 2820 perfecte
1643 2735 1764 2800 haberi
1792 2756 1863 2800 non
1888 2746 2005 2822 potest
2032 2735 2098 2800 nisi
2126 2735 2270 2803 virtutes

791 2874 914 2920 omnes
938 2854 1142 2932 habeantur,
1168 2851 1332 2937 quoniam
1358 2851 1432 2937 ipsa
1459 2860 1512 2916 est
1537 2861 1632 2917 recta
1659 2850 1745 2916 ratio
1771 2851 1948 2938 agibilium
1976 2853 2208 2917 humanorum
2234 2851 2270 2918 in

791 2967 978 3050 communi,
994 2970 1083 3034 haec
1107 2979 1222 3032 autem
1247 2978 1328 3032 sunt
1344 2968 1539 3033 secundum
1564 2988 1687 3032 omnes
1712 2965 1863 3032 virtutes.
1890 2967 1988 3034 Sicut
2012 2967 2103 3033 enim
2121 2967 2156 3033 in
2173 2980 2271 3034 natu·

791 3085 920 3151 ralibus
948 3104 1073 3151 omnes
1104 3093 1287 3149 moventes
1316 3083 1510 3149 secundum
1544 3103 1667 3147 omnes
1700 3092 1815 3147 motus
1848 3104 1967 3148 eorum
2000 3082 2130 3168 aliquid
2162 3105 2270 3149 unum

792 3201 987 3281 intendunt,
1001 3198 1133 3266 scilicet
1150 3210 1282 3264 motum
1300 3197 1399 3283 primi
1416 3197 1571 3278 motoris
1586 3210 1619 3264 et
1636 3209 1752 3264 motus
1769 3198 1904 3264 orbium
1922 3198 2122 3264 inferiorum
2139 3209 2270 3265 motum

792 3315 892 3404 primi
909 3314 1002 3381 orbis
1027 3314 1085 3400 qui
1111 3325 1163 3381 est
1187 3337 1207 3379 a
1231 3314 1342 3400 primo
1367 3325 1512 3394 motore,
1530 3325 1564 3380 et
1580 3324 1661 3379 sunt
1683 3325 1826 3400 propter
1841 3314 1936 3379 illum
1956 3314 2103 3401 primum
2128 3326 2270 3394 motum,

792 3443 827 3499 et
854 3431 1038 3518 dispositio
1066 3431 1201 3495 illorum
1228 3430 1309 3496 licet
1336 3431 1532 3496 secundum
1564 3452 1602 3496 se
1634 3430 1678 3495 sit
1706 3431 1870 3496 differens
1897 3442 2013 3497 tamen
2046 3431 2206 3498 consistit
2237 3430 2272 3497 in

793 3547 991 3615 adiuvando
1023 3568 1062 3613 se
1094 3546 1287 3612 adinvicem
1317 3558 1351 3612 et
1379 3548 1624 3612 conservando
1652 3546 1742 3612 sicut
1774 3546 1853 3612 est*
1880 3547 2064 3633 dispositio
2100 3550 2271 3616 bonorum

792 3663 988 3754 regentium
1005 3673 1039 3729 et
1055 3675 1181 3742 cetera,
1196 3701 1236 3710 —
1253 3664 1299 3727 ita
1316 3661 1351 3726 in
1369 3661 1517 3748 politicis
1535 3664 1640 3729 debet
1656 3685 1736 3729 esse
1753 3663 1840 3729 ordo
1856 3663 2011 3729 omnium
2028 3664 2271 3750 operationum

792 3781 987 3848 secundum
1005 3800 1127 3846 omnes
1153 3777 1296 3844 virtutes
1318 3791 1352 3844 et
1376 3777 1528 3864 ipsarum
1546 3777 1709 3845 virtutum
1734 3778 1823 3845 inter
1841 3800 1890 3860 se,
1908 3778 1943 3845 in
1963 3779 2116 3848 iuvando
2141 3781 2273 3849 scilicet

793 3918 832 3964 se
855 3906 976 3962 mutuo
1001 3905 1035 3961 et
1059 3895 1315 3974 conservando,
1333 3905 1366 3960 et
1383 3895 1453 3959 hoc
1476 3906 1639 3980 respectu
1663 3894 1810 3960 alicuius
1835 3894 2049 3981 operationis
2073 3896 2214 3964 ultimae
2239 3908 2273 3965 et

793 4012 971 4099 perfectae
1009 4032 1100 4095 quae
1140 4021 1193 4076 est
1230 4009 1310 4075 finis
1345 4009 1498 4075 aliarum.
1534 4010 1577 4075 Et
1612 4020 1666 4077 est
1701 4010 1859 4097 operatio
1894 4011 2094 4077 huiusmodi
2131 4013 2273 4099 propria

795 4126 953 4215 operatio
977 4125 1193 4212 prudentiae,
1209 4125 1244 4191 in
1267 4147 1336 4211 qua
1360 4124 1519 4191 consistit
1543 4125 1689 4193 felicitas
1714 4125 1865 4212 politica,
1891 4139 1928 4192 ut
1952 4126 2077 4193 dicitur
2100 4127 2272 4214 primo(l)

795 4242 1007 4311 Ethieorum.

1365 4626 1607 4711 ottnssrro
1633 4629 1704 4692 xn.

905 4829 1048 4907 Utrum
1077 4826 1254 4903 avaritia
1282 4826 1334 4901 sil
1361 4825 1505 4902 vitium
1533 4827 1709 4903 deterius
1737 4854 1859 4930 quam
1882 4829 2174 4932 prodigalitas.

885 5157 1013 5223 Postea
1043 5154 1137 5222 circa
1159 5153 1298 5220 habitus
1330 5156 1440 5219 malos
1469 5154 1571 5221 etiam
1597 5172 1705 5221 unum
1730 5159 1972 5242 quaerebatur,
2001 5159 2134 5227 scilicet
2163 5172 2276 5227 utrum

797 5271 941 5341 avaritia
985 5270 1029 5337 sit
1067 5270 1185 5336 vitium
1225 5270 1378 5337 deterius
1418 5293 1522 5356 quam
1562 5272 1801 5360 prodigalitas.
1841 5275 1886 5340 Et
1932 5278 2144 5364 arguebatur
2182 5279 2277 5363 quod

797 5387 1024 5478 prodigalitas
1048 5386 1092 5453 sit
1108 5386 1227 5452 vitium
1260 5387 1412 5454 deterius
1449 5410 1553 5473 quam
1589 5388 1742 5470 avaritia,
1779 5389 1860 5475 quia
1892 5390 1973 5457 illud
2005 5414 2048 5459 ex
2083 5415 2154 5479 quo
2178 5395 2277 5481 plura

796 5506 891 5573 bona
921 5504 1117 5591 procedunt
1150 5504 1205 5570 vel
1240 5513 1434 5588 sequuntur
1472 5503 1587 5569 minus
1627 5507 1755 5571 malum
1791 5519 1843 5573 est
1879 5530 1984 5593 quam
2020 5508 2102 5575 illud
2133 5531 2175 5577 ex
2206 5533 2276 5597 quo

888 5817 898 5849 ¹
910 5816 966 5870 hoc
979 5815 1010 5869 P.
1024 5847 1057 5855 —
1071 5815 1082 5847 ²
1094 5814 1224 5886 coexigit
1238 5816 1268 5869 l'.
1282 5847 1315 5854 -
1329 5815 1477 5886 ³pertinet
1490 5817 1559 5870 add.
1574 5817 1614 5886 1³3
1628 5818 1682 5872 del.
1698 5820 1723 5873 V
1735 5853 1767 5858 -
1781 5821 1791 5852 ⁴
1805 5820 1893 5875 etiam
1914 5822 1944 5876 l‘.

888 6011 927 6083 (l)
945 6010 1042 6067 Ethic.
1054 6010 1226 6067 Nicomoch.
1241 6012 1272 6065 L.
1288 6014 1311 6078 l,
1324 6029 1349 6066 c.
1366 6014 1378 6066 l
1395 6012 1441 6083 [al.
1456 6016 1482 6081 2,
1495 6015 1521 6084 3]
1537 6018 1576 6086 (p.
1593 6016 1661 6070 1094
1674 6020 1740 6095 sql.
