6700 7992
1330 1430 1547 1497 saconuuu
1576 1438 1875 1512 QUODLIBETUM,
1901 1436 1937 1512 Q.
1966 1424 2006 1495 vt
2370 1428 2400 1495 lt

928 1621 1122 1704 secundum
1147 1623 1216 1687 hoc
1236 1643 1322 1709 ergo
1340 1622 1475 1687 videtur
1498 1623 1594 1706 quod
1611 1621 1646 1686 in
1670 1620 1813 1687 materia
1837 1621 1947 1707 prima
1970 1642 2042 1686 non
2067 1620 2179 1707 possit
2194 1642 2273 1687 esse
2295 1622 2405 1686 forma

927 1738 1113 1824 perfectior
1130 1759 1233 1822 quam
1258 1737 1373 1803 anima
1396 1737 1616 1816 intellectiva,
1642 1759 1709 1803 nec
1734 1736 1989 1823 imperfectior¹
2014 1759 2119 1823 quam
2144 1737 2254 1802 forma
2279 1737 2405 1823 simpli-

928 1853 1019 1920 cium
1037 1875 1221 1940 corporum
1248 1854 1283 1918 in
1318 1876 1386 1938 qua
1422 1863 1489 1919 stat
1513 1854 1626 1918 omnis
1655 1853 1822 1918 resolutio
1858 1864 1891 1918 et
1919 1852 2095 1939 corruptio
2131 1852 2404 1939 compositorum

928 1981 962 2035 et
986 1970 1212 2036 materialium
1236 1970 1366 2035 entium
1392 1971 1624 2055 perfectorum
1640 1970 1660 2034 ¹².
1691 1970 1733 2034 Et
1758 1969 1846 2035 sicut
1880 1969 1993 2034 omnis
2018 1970 2129 2034 forma
2154 1969 2270 2054 aliquo
2299 1971 2405 2035 modo

928 2085 1115 2172 perfectior
1146 2086 1261 2151 anima
1286 2085 1494 2151 intellectiva
1530 2097 1582 2151 est
1617 2085 1761 2151 omnino
1798 2086 2029 2151 immaterialis
2064 2087 2158 2151 nullo
2189 2087 2295 2151 modo
2324 2097 2406 2150 nata

928 2224 1007 2269 esse
1037 2203 1148 2269 fonna
1183 2202 1357 2283 materiae,
1382 2201 1428 2267 ita
1464 2203 1577 2267 omnis
1613 2203 1724 2267 forma
1759 2201 1900 2268 inferior
1931 2201 2140 2268 intellectiva
2175 2213 2227 2269 est
2263 2201 2405 2267 omnino

928 2318 1111 2383 materialis
1137 2330 1170 2387 et
1205 2318 1376 2384 omnino³
1410 2318 1571 2384 immersa
1608 2318 1781 2399 materiae,
1807 2330 1840 2384 et
1876 2319 1920 2384 de
1955 2318 2112 2404 potentia
2147 2318 2310 2384 materiae
2344 2340 2407 2404 per

927 2435 1191 2520 generationem
1228 2434 1410 2500 educibilis
1447 2446 1481 2501 et
1515 2435 1549 2499 in
1589 2435 1700 2520 ipsam
1736 2457 1799 2520 per
1830 2434 2089 2520 corruptionem
2124 2433 2334 2513 reducibilis‚
2359 2434 2406 2500 ita

928 2552 1023 2636 quod
1047 2551 1164 2617 talium
1190 2551 1377 2615 formarum
1404 2551 1521 2616 ultima
1546 2564 1598 2617 est
1621 2552 1732 2616 forma
1758 2550 1988 2631 elementaris,
2013 2551 2060 2616 ita
2084 2551 2179 2635 quod
2211 2550 2239 2614 si
2264 2551 2406 2615 materia

928 2666 994 2731 nisi
1019 2666 1088 2731 sit⁴
1112 2669 1177 2731 sub
1203 2667 1313 2732 forma
1339 2667 1432 2732 mixti
1457 2667 1536 2732 vcl⁶
1560 2667 1720 2733 elementi
1745 2689 1817 2732 non
1842 2678 1894 2732 est
1918 2670 1984 2733 sub
2008 2667 2123 2751 aliqua
2154 2668 2275 2746 forma,
2300 2667 2405 2731 immo

929 2781 1031 2848 etiam
1055 2782 1132 2868 ipsa
1155 2805 1226 2848 non
1252 2794 1313 2848 est.
1340 2783 1458 2866 Quare
1483 2783 1586 2849 etiam
1611 2783 1639 2847 si
1663 2784 1775 2848 forma
1799 2782 2040 2869 corporeitatis
2065 2784 2119 2848 vel
2144 2783 2210 2848 alia
2235 2782 2277 2848 sit
2302 2783 2405 2868 prior,

929 2910 1044 2964 tumen
1079 2898 1221 2965 materia
1256 2921 1326 2964 non
1363 2910 1417 2965 est
1451 2911 1532 2964 nata
1568 2921 1647 2965 esse
1683 2900 1796 2965 solum
1832 2902 1898 2965 sub
1934 2899 1992 2964 illa
2025 2899 2092 2965 nisi
2127 2900 2227 2964 simul
2264 2899 2307 2965 sit
2340 2900 2406 2964 sub

928 3015 1149 3095 elementari;
1175 3026 1209 3081 et
1233 3015 1283 3081 sic
1308 3015 1410 3082 etiam
1435 3017 1557 3081 saltem
1582 3028 1635 3082 est
1659 3016 1824 3082 devenire
1858 3017 1902 3081 ad
1934 3015 2078 3102 primam
2111 3017 2256 3104 formam
2289 3026 2405 3080 natam

928 3152 1007 3198 esse
1030 3130 1065 3196 in
1083 3131 1225 3196 materia
1242 3133 1307 3197 sub
1333 3153 1401 3216 qua
1426 3132 1569 3197 materia
1592 3143 1675 3196 nata
1692 3142 1745 3198 est
1769 3132 1917 3198 existere
1941 3131 1976 3196 in
2001 3144 2079 3198 actu
2105 3153 2195 3217 quae
2220 3143 2273 3198 est
2296 3132 2407 3197 forma

928 3246 1157 3328 elementaris,
1183 3258 1217 3313 et
1252 3248 1296 3313 ad
1332 3247 1484 3313 ultimam
1520 3270 1610 3334 quae
1646 3260 1699 3314 est
1734 3247 1954 3314 intellectiva.
1990 3247 2062 3314 Sed
2097 3247 2220 3333 positis
2245 3248 2406 3313 extremis

929 3384 1075 3429 necesse
1100 3374 1153 3428 est
1177 3384 1256 3429 esse
1281 3373 1408 3428 statum
1432 3363 1466 3428 in
1485 3363 1617 3429 mediis.
1635 3363 1731 3452 Ergo
1748 3385 1827 3429 cum
1848 3366 1982 3430 caelum
2013 3366 2142 3430 habeat
2164 3364 2233 3428 vim
2258 3363 2406 3429 activam

928 3481 1120 3564 superbas
1145 3480 1274 3545 formas
1299 3492 1480 3559 extremas,
1506 3479 1638 3545 scilicet
1662 3479 1887 3566 disponendo
1912 3491 1946 3546 et
1973 3480 2176 3547 inducendo
2205 3481 2259 3545 vel
2284 3481 2406 3545 saltem

929 3595 1163 3681 disponendo
1191 3595 1335 3661 habebit
1365 3595 1468 3661 etiam
1496 3595 1565 3661 vim
1597 3595 1744 3662 activam
1773 3618 1880 3682 super
1907 3618 2030 3662 omnes
2064 3595 2158 3661 alias
2184 3597 2302 3680 Quare
2327 3617 2406 3662 curn

928 3711 1060 3777 formae
1084 3712 1337 3797 praecedentes
1362 3711 1482 3797 primo,
1509 3712 1641 3778 scilicet
1661 3687 1792 3778 'ordine
1817 3711 1960 3777 naturali
1987 3712 2021 3778 in
2049 3711 2192 3778 materia
2218 3712 2406 3778 existentes

928 3826 1023 3893 sint⁶
1054 3827 1303 3914 dispositiones
1337 3828 1381 3893 ad
1415 3828 1544 3894 formas
1577 3828 1816 3914 perfectiores,
1848 3839 1886 3894 ut
1914 3830 2143 3896 elementares
2175 3830 2219 3894 ad
2250 3828 2405 3909 mixtum,

929 3944 1040 4009 forma
1076 3944 1170 4009 mixti
1204 3945 1248 4009 ad
1289 3944 1404 4009 vivum
1423 3943 1444 4024 ⁷,
1472 3943 1567 4009 vivi8
1602 3946 1646 4010 ad
1683 3944 1886 4010 sensitivum
1920 3956 1954 4010 et
1986 3956 2110 4024 cetera,
2149 3945 2239 4011 sicut
2274 3946 2406 4011 formae

929 4058 1058 4144 primae
1092 4060 1265 4145 simplices
1300 4061 1432 4127 habent
1468 4082 1546 4126 esse
1578 4060 1613 4125 in
1646 4061 1790 4127 materia
1814 4061 1939 4127 virtute
1971 4060 2127 4147 corporis
2160 4061 2331 4140 caelestis,
2360 4062 2407 4127 ita

929 4174 1064 4242 videtur
1087 4177 1181 4261 quod
1209 4176 1332 4242 virtute
1357 4176 1431 4242 eius
1456 4176 1594 4262 possint
1616 4176 1690 4242 fieri
1718 4176 1754 4241 in
1778 4176 1919 4242 materia
1944 4176 2094 4242 omnes⁰
2118 4178 2251 4243 formae
2276 4199 2366 4263 quae
2384 4177 2408 4213 ¹⁰

929 4292 1045 4377 aliquo
1088 4294 1195 4359 modo
1237 4294 1464 4358 elementares
1504 4304 1709 4379 supponunt
1748 4305 1783 4358 et
1825 4293 1869 4357 ad
1912 4315 2000 4378 quas
2040 4294 2138 4378 ipsae
2177 4295 2407 4360 elementares

929 4409 1061 4475 formae
1085 4409 1286 4495 disponunt.
1311 4409 1355 4474 Et
1377 4409 1457 4493 quia
1481 4409 1577 4475 forte¹
1594 4410 1822 4475 elementares
1847 4419 1880 4474 et
1904 4409 2154 4495 dispositiones
2178 4409 2261 4475 istas
2284 4432 2407 4476 conse-

929 4537 1076 4611 quentes
1093 4525 1117 4561 ¹¹
1142 4547 1213 4591 non
1238 4538 1387 4611 possunt
1404 4525 1591 4612 disponere
1608 4526 1652 4590 ad
1678 4526 1823 4590 formam
1840 4525 2083 4611 perfectiorem
2100 4548 2203 4611 quarn
2221 4536 2274 4592 est
2291 4528 2406 4593 anima

928 4641 1145 4721 intellectiva,
1185 4663 1252 4708 nec
1289 4641 1393 4707 etiam
1432 4641 1547 4726 aliqua
1583 4642 1694 4706 forma
1737 4641 1924 4726 perfectior
1966 4651 2047 4706 nata
2087 4653 2140 4708 est
2171 4643 2339 4727 perficere
2382 4647 2386 4729 Ι
2427 4627 2593 4755 foffiffib

929 4757 1105 4824 materiam
1137 4769 1174 4823 ut
1209 4758 1420 4824 declaratum
1452 4769 1505 4824 est
1536 4779 1640 4843 quam
1674 4757 1751 4843 ipsa
1784 4757 2003 4837 intellectiva,
2040 4779 2082 4823 ex
2113 4781 2182 4844 quo
2215 4759 2407 4846 disponunt
2431 4842 2445 4858 .

930 4872 1126 4940 huiusmodi
1144 4875 1274 4940 formae
1297 4874 1429 4961 priores
1447 4873 1626 4939 ordinatae
1640 4873 1664 4909 ¹²
1681 4873 1725 4938 ad
1743 4874 1888 4938 formam
1907 4874 2193 4960 perfectissimam
2211 4897 2301 4959 quae
2325 4889 2407 4942 nata

928 5002 982 5056 est
998 4991 1165 5076 perficere
1189 5002 1358 5070 naturam,
1384 5001 1417 5055 et
1441 4991 1510 5055 hoc
1534 4989 1672 5056 actione
1698 5001 1732 5055 et
1754 4989 1878 5055 virtute
1902 4989 2001 5075 primi
2027 4990 2202 5057 alterantis
2228 5013 2307 5057 cum
2332 4993 2406 5058 aliis

929 5105 1115 5194 agentibus
1145 5105 1322 5185 ordinatis,
1356 5105 1516 5171 videntur
1547 5105 1650 5171 etiam
1687 5104 1874 5191 disponere
1906 5105 2029 5171 eadem
2061 5106 2184 5173 virtute
2214 5108 2257 5172 ad
2289 5130 2407 5193 quam·

929 5243 1080 5307 cumque
1104 5222 1216 5287 aliam.

1017 5338 1060 5404 Et
1089 5360 1132 5404 ex
1158 5340 1227 5403 hoc
1258 5338 1394 5404 videtur
1426 5339 1521 5422 quod
1553 5339 1646 5404 nullo
1680 5348 1806 5425 agente
1838 5337 1950 5423 possit
1980 5337 2055 5404 fieri
2084 5339 2199 5425 aliqua
2230 5340 2341 5406 forma
2372 5341 2407 5406 in

929 5454 1070 5522 materia
1094 5454 1203 5540 prima
1228 5455 1310 5540 quin
1329 5455 1403 5539 ipsa
1421 5456 1465 5519 ad
1482 5457 1551 5519 lroc
1568 5455 1696 5519 habeat
1713 5454 1902 5539 potentiam
1921 5455 2112 5520 naturalem
2129 5466 2290 5542 respectu
2308 5457 2407 5543 primi

929 5569 1105 5637 alterantis
1122 5571 1196 5636 sive
1213 5571 1309 5652 caeli,
1328 5570 1518 5656 potentiam
1537 5570 1678 5655 quidem
1698 5571 1752 5635 vel
1777 5581 1813 5634 ut
1837 5569 1961 5635 virtute
1986 5570 2073 5636 caeli
2097 5572 2274 5637 materiam
2300 5583 2406 5639 trans·

1020 5876 1028 5906 ¹
1040 5871 1201 5945 perfectior
1210 5872 1241 5926 P.
1253 5905 1285 5911 —
1302 5873 1312 5905 ¹
1326 5871 1434 5927 entium
1449 5870 1656 5943 perfectorum]
1671 5871 1870 5944 perfectorum
1885 5870 1995 5925 entium
2011 5873 2040 5927 P.
2052 5904 2085 5912 —
2096 5874 2107 5905 ⁸
2120 5873 2187 5928 ideo
2201 5874 2232 5928 P.
2245 5909 2277 5915 -
2289 5879 2298 5908 ⁴
2312 5875 2407 5931 forma

928 5962 997 6015 add.
1018 5961 1048 6015 P.
1068 5992 1101 6001 —
1122 5962 1132 5992 ⁶
1151 5979 1206 6015 nec
1226 5962 1259 6014 V.
1279 5994 1312 6000 --
1333 5963 1344 5991 ⁰
1363 5968 1430 6013 sunt
1451 5961 1481 6013 P.
1501 5992 1534 5999 -
1556 5961 1565 5991 ⁷
1584 5978 1671 6013 unum
1693 5961 1724 6013 P.
1744 5991 1777 5999 —
1798 5961 1808 5989 ⁸
1827 5977 1915 6013 uuum
1936 5959 1966 6013 P.
1987 5992 2012 5998 -
2040 5962 2119 6014 9οηι.
2134 5962 2165 6014 P.
2180 5995 2212 6001 -
2236 5966 2255 5994 ¹⁰
2272 5963 2300 6017 in
2321 5965 2351 6018 P.
2372 5996 2405 6005 -

930 6053 950 6082 ¹¹
964 6056 1137 6104 convertere
1157 6049 1188 6102 P.
1202 6081 1234 6089 -
1251 6050 1271 6081 ¹²
1284 6046 1411 6102 ordinati
1426 6047 1490 6100 PV.
