6700 7992
1250 1419 1468 1476 sacunouu
1496 1418 1796 1492 Quoonmsrun,
1822 1420 1859 1492 Q.
1887 1420 1929 1475 m
1992 1376 1995 1381 ’
2274 1424 2325 1474 149

846 1600 922 1667 sine
960 1599 1147 1687 prudentia
1194 1621 1261 1667 nec
1285 1575 1507 1686 vprudentem
1547 1599 1622 1666 sine
1661 1600 1783 1666 morali
1822 1599 1956 1666 virtute.
1997 1600 2069 1666 Sed
2115 1602 2160 1666 de
2198 1600 2324 1666 virtute

846 1716 1069 1806 distinguitur
1100 1717 1295 1783 secundum
1338 1716 1590 1802 Philosophum
1625 1715 1659 1781 in
1697 1716 1766 1782 fine
1797 1716 1884 1783 sexti
1902 1720 1948 1801 (1)
1984 1716 2197 1797 Ethicorum,
2229 1716 2324 1801 quod

845 1834 953 1899 virtus
978 1832 1117 1899 moralis
1141 1842 1258 1919 potest
1282 1831 1350 1899 dici
1375 1833 1548 1916 quaedam
1571 1833 1737 1918 perfecta,
1763 1834 1935 1917 quaedam
1960 1831 2173 1918 imperfecta.
2198 1833 2325 1918 Imper-

845 1950 936 2016 fecta
960 1948 1099 2034 quidem
1124 1948 1319 2015 secundum
1344 1970 1448 2033 quarn
1480 1948 1654 2034 appetitus
1687 1948 1871 2014 inclinatur
1903 1949 1948 2013 ad
1980 1948 2122 2033 aliquod
2156 1970 2247 2034 opus
2280 1949 2324 2013 de

844 2086 976 2154 genere
1014 2066 1187 2132 bonorum
1225 2063 1434 2145 faciendum,
1467 2086 1539 2130 non
1579 2075 1695 2131 tamen
1729 2064 1874 2131 omnino
1913 2066 2078 2150 perfecte,
2104 2063 2325 2130 immobiliter

846 2180 979 2247 scilicet
1005 2190 1039 2246 et
1066 2179 1325 2259 delectabiliter,
1354 2179 1428 2245 sive
1456 2179 1533 2245 talis
1569 2180 1677 2245 virtus
1710 2180 1791 2245 insit
1822 2202 1842 2245 a
1871 2190 2005 2260 natura,
2034 2179 2108 2246 sive
2138 2182 2181 2245 ab
2210 2179 2325 2265 aliqua

847 2296 1103 2363 consuetudine
1141 2296 1336 2362 secundum
1375 2317 1480 2381 quam
1519 2296 1670 2381 quidem,
1711 2307 1748 2361 ut
1787 2295 1912 2363 dicitur
1950 2296 2007 2376 ibi,
2051 2299 2056 2380 Ι
2089 2317 2162 2362 non
2201 2295 2326 2362 dicitur
2351 2283 2517 2411 folodlovvb

847 2411 923 2498 quis
954 2411 1190 2498 principaliter
1221 2412 1294 2477 sive
1326 2410 1527 2497 simpliciter
1561 2414 1688 2492 bonus,
1713 2412 1776 2478 sed
1807 2413 1900 2478 bene
1931 2422 2033 2477 natus
2063 2413 2119 2477 vel
2155 2422 2256 2498 aptus
2280 2412 2325 2477 ad
2395 2397 2401 2410 ⁸

845 2530 987 2594 bonum.
1028 2528 1187 2594 Perfecta
1226 2538 1341 2594 autem
1380 2526 1488 2593 virtus
1523 2527 1648 2593 dicitur
1686 2528 1880 2594 secundum
1921 2550 2024 2612 quam
2064 2550 2108 2613 ap
2152 2530 2156 2613 Ι
2197 2527 2326 2614 petitus
2349 2524 2485 2649 flOd'p

810 2680 815 2690 ·
847 2643 1032 2710 inclinatur
1057 2644 1223 2729 perfecte,
1248 2642 1381 2709 scilicet
1405 2642 1726 2728 impermutabiliter
1753 2653 1787 2709 et
1815 2643 2066 2710 delectabiliter
2093 2645 2137 2709 ad
2171 2643 2205 2708 id
2231 2643 2326 2729 quod
2362 2595 2518 2651 o.149vb

846 2770 899 2826 est
925 2758 1142 2825 conveniens
1175 2759 1369 2825 secundum
1398 2758 1578 2825 rationem.

934 2874 1049 2940 Primo
1076 2875 1183 2941 modo
1208 2875 1386 2960 loquendo
1412 2875 1456 2940 de
1479 2874 1661 2940 virtutibus
1686 2873 1746 2955 sic,
1767 2884 1871 2960 prout
1887 2874 1934 2940 ibi
1962 2874 2044 2942 dicit
2076 2874 2326 2962 Philosophus,

847 3012 918 3056 non
943 3002 996 3057 est
1020 3012 1167 3057 necesse
1192 2989 1335 3055 virtutes
1360 3012 1439 3056 esse
1471 3011 1649 3056 connexas
1674 2990 1763 3055 inter
1793 3011 1832 3056 se
1863 3011 1930 3057 nec
1951 2990 2054 3056 etiarn
2078 2991 2113 3056 in
2144 2991 2327 3078 prudentia

847 3107 1001 3192 perfecta
1018 3106 1036 3170 ¹.
1074 3107 1192 3172 Potest
1231 3106 1324 3171 enirn
1365 3105 1487 3191 aliquis
1527 3128 1570 3171 ex
1608 3105 1754 3171 naturali
1795 3105 2025 3192 dispositione
2064 3108 2327 3191 quodammodo

847 3232 1028 3308 promptus
1053 3243 1133 3288 esse
1169 3222 1214 3286 ad
1243 3242 1352 3307 opera
1375 3221 1598 3301 liberalitatis
1628 3221 1687 3306 qui
1715 3233 1831 3287 tamen
1859 3243 1931 3287 non
1960 3234 2012 3287 est
2048 3221 2257 3308 promptus²
2283 3223 2327 3288 ad

848 3359 955 3424 opera
978 3337 1156 3403 castitatis.
1181 3338 1224 3402 Et
1249 3336 1309 3417 sic,
1333 3347 1372 3402 ut
1395 3337 1504 3402 dicit³
1528 3338 1794 3404 Commentator
1817 3341 1875 3422 (2),
1900 3337 2073 3426 contingit
2097 3336 2200 3404 etiam
2224 3337 2327 3403 virtu·

847 3463 916 3520 tem
951 3453 995 3519 ad
1032 3475 1135 3539 quam
1170 3453 1222 3518 sic
1253 3463 1307 3519 est
1340 3452 1464 3538 aliquis
1500 3464 1602 3539 aptus
1634 3453 1816 3539 possidere
1848 3475 1890 3520 ex
1921 3454 2037 3540 aliqua
2068 3454 2328 3520 assuefactione

848 3580 929 3636 ante
953 3570 1095 3635 alteram
1119 3569 1164 3634 ad
1189 3591 1292 3654 quam
1317 3580 1467 3635 nonest
1492 3580 1603 3655 aptus,
1630 3569 1703 3635 Sed
1719 3570 1797 3635 talis
1822 3591 1895 3635 non
1920 3580 1973 3636 est
1996 3569 2232 3656 principaliter
2254 3569 2328 3636 sive

849 3686 1003 3772 perfecte
1040 3684 1201 3766 liberaliS,
1227 3686 1290 3751 sed
1317 3686 1409 3751 bene
1438 3696 1540 3750 natus
1568 3684 1642 3752 sive
1666 3684 1858 3771 dispositus
1881 3685 1937 3752 vel
1961 3695 2064 3772 aptus
2088 3686 2133 3751 ad
2156 3685 2328 3768 virtutem,

849 3812 886 3869 ut
909 3800 993 3867 dicit
1015 3801 1063 3867 ibi
1088 3801 1362 3867 Commentator.

937 3917 1009 3983 Sed
1032 3917 1211 4002 loquendo
1230 3917 1274 3982 de
1290 3915 1472 3982 virtutibus
1489 3917 1647 3983 secundo
1668 3918 1786 3998 modo,
1811 3928 1950 4003 oportet
1966 3938 2026 3983 eas
2043 3939 2122 3984 esse
2148 3938 2329 3985 connexas

848 4033 936 4100 inter
959 4055 998 4100 se
1017 4032 1212 4100 indirecte⁴
1235 4032 1295 4099 sic.
1322 4032 1498 4117 Quoniam
1523 4054 1602 4099 curn
1626 4032 1828 4099 huiusmodi
1852 4033 1996 4100 virtutes
2020 4034 2089 4099 sint
2113 4033 2148 4099 in
2172 4034 2329 4121 appetitu

847 4149 1016 4216 facientes
1051 4140 1180 4215 rectam
1215 4148 1289 4215 eius
1320 4148 1590 4230 inclinationem,
1627 4170 1708 4215 cum
1740 4150 1935 4215 secundum
1968 4149 2124 4216 diversas
2155 4149 2330 4236 appetitus

849 4265 1098 4352 dispositiones
1133 4265 1203 4331 sint
1232 4265 1268 4331 in
1303 4265 1381 4351 ipso
1416 4264 1574 4332 diversae
1607 4264 1853 4332 inclinationes
1890 4286 2035 4351 quarum
2074 4287 2144 4330 una
2187 4265 2328 4331 alterius

844 4392 903 4452 ‚est
914 4381 1114 4468 impeditiva
1126 4382 1181 4447 vel
1194 4380 1447 4463 coadiuvativa,
1461 4420 1500 4429 —-
1516 4392 1636 4467 utpote
1653 4383 1850 4448 secundum
1864 4382 1959 4466 quod
1973 4381 2097 4467 aliquis
2115 4392 2169 4448 est
2184 4381 2330 4447 affectus

849 4499 894 4564 ad
922 4518 1030 4584 opera
1055 4496 1221 4564 castitatis
1246 4496 1319 4563 sive
1344 4497 1539 4563 secundum
1563 4496 1831 4582 dispositionem
1855 4496 1955 4582 qua⁵
1978 4477 2225 4563 convenientia
2249 4508 2331 4563 sunt

849 4624 883 4680 et
905 4613 972 4680 sibi
995 4613 1189 4681 conformia
1213 4612 1423 4710 huiusmodi,
1448 4612 1643 4678 secundum
1668 4615 1738 4679 hoc
1754 4613 1789 4679 in
1806 4592 1868 4678 illa¹
1880 4612 2065 4679 inclinatur
2079 4612 2112 4693 ⁰3
2131 4614 2327 4680 secundum

850 4740 964 4796 autem
989 4729 1084 4815 quod
1120 4740 1172 4795 est
1207 4730 1354 4796 affectus
1385 4729 1441 4795 vel
1473 4728 1664 4815 dispositus
1696 4730 1892 4796 secundum
1924 4728 2116 4816 appetitum
2151 4730 2196 4795 ad
2221 4750 2330 4815 opera

850 4845 1097 4926 illiberalitatis
1111 4845 1296 4913 inclinatur
1312 4846 1356 4911 ad
1373 4845 1439 4925 illa,
1455 4883 1496 4894 -
1511 4866 1606 4911 nunc
1623 4857 1739 4912 autem
1757 4845 1916 4931 quamvis
1933 4845 2175 4931 unusquisque
2191 4844 2331 4911 habitus

941 5156 1095 5232 ¹perfecte
1123 5157 1155 5214 P.
1184 5189 1217 5198 -
1247 5159 1336 5214 'esse
1365 5158 1403 5213 ad
1423 5189 1456 5198 -
1476 5160 1640 5230 promptus]
1669 5176 1725 5213 orn.
1745 5158 1777 5212 Ρ.
1808 5189 1842 5198 -
1870 5159 1957 5213 ⁸vult
1975 5158 2006 5212 P.
2029 5189 2063 5198 —
2092 5157 2227 5213 ‘directe
2248 5158 2278 5213 P.
2299 5189 2331 5198 -

852 5246 952 5319 ⁶quae
971 5248 1002 5302 P.
1022 5280 1055 5287 --
1075 5246 1255 5303 ⁸inclinatus
1275 5248 1307 5302 P.

940 5489 980 5554 (1)
1004 5486 1079 5541 laid.
1094 5492 1133 5557 (p.
1148 5489 1237 5553 1144).
1261 5488 1337 5544 Οὕτω
1349 5492 1394 5543 καὶ
1406 5487 1449 5544 ἐπὶ
1465 5493 1512 5541 τοῦ
1525 5486 1618 5553 ἠθικοῦ
1635 5487 1682 5542 δύο
1696 5486 1758 5551 ἐστι’,
1773 5489 1804 5542 τὸ
1818 5488 1865 5555 μὲν
1878 5487 1959 5559 ἀρετὴ
1972 5489 2068 5561 φυσικὴ
2081 5484 2146 5543 τὸδ’
2160 5490 2176 5555 ἡ
2188 5487 2275 5560 κυρία,
2289 5490 2333 5542 καὶ

851 5570 953 5627 τούτων
966 5572 982 5639 ἡ
995 5571 1072 5643 κυρία
1085 5569 1116 5627 οὐ
1129 5570 1231 5645 γένεται
1243 5570 1303 5626 ἄνευ
1316 5572 1478 5643 φρονήσεως.
1500 5605 1532 5613 -
1548 5571 1587 5644 (2)
1607 5571 1792 5626 Averrois
1810 5573 1849 5626 In
1868 5570 2002 5626 Moralia
2020 5573 2240 5627 Nicomachnea
2254 5574 2270 5628 l.
2284 5574 2333 5639 Vl,

852 5675 877 5713 c.
893 5661 926 5713 1ss
945 5657 1343 5727 (Veneriis,1550,f.4oRa).
1359 5659 1532 5730 «Quoniam
1552 5678 1607 5714 nos
1627 5660 1798 5715 multotiens
1817 5660 1983 5715 invenimus
2001 5677 2090 5715 unum
2111 5678 2148 5715 ex
2167 5660 2334 5714 hominibus

852 5763 905 5817 per
922 5753 1056 5800 naturam
1076 5754 1189 5800 castum
1209 5758 1259 5801 aut
1272 5747 1424 5810 audacem,
1437 5756 1467 5802 et
1480 5748 1522 5803 sic
1537 5748 1573 5802 de
1594 5747 1659 5802 aliis
1679 5748 1844 5816 virtutibus,
1858 5762 1888 5802 et
1907 5756 1973 5802 sunt
1992 5748 2129 5803 inventae
2149 5748 2178 5801 in
2198 5748 2241 5802 eis
2259 5748 2333 5802 istae

851 5833 974 5888 virtutes
986 5833 1085 5887 statim
1099 5851 1116 5887 a
1129 5834 1283 5888 nativitate
1303 5852 1414 5903 eorum,
1427 5835 1482 5890 nisi
1503 5836 1583 5907 quod
1602 5853 1656 5889 nos
1671 5836 1844 5907 inquirimus
1859 5835 1977 5906 quidem
1997 5835 2133 5890 virtutem
2153 5836 2242 5902 illam,
2258 5852 2334 5906 quae

849 5921 883 5975 fit
895 5938 950 5993 per
962 5920 1137 5977 electionem
1152 5930 1181 5976 et
1195 5921 1426 5993 acquisitionem
1440 5944 1462 5977 r.

2210 6025 2246 6091 '20
