6700 7992
1187 1386 1405 1451 SECUNDUM
1433 1386 1733 1465 QUODLIBETUtt
1761 1392 1798 1465 Q.
1826 1392 1880 1448 vn
2222 1396 2271 1445 tm

795 1574 887 1647 Cum
916 1576 1009 1645 enim
1040 1575 1075 1641 in
1113 1574 1254 1642 homine
1284 1596 1354 1640 una
1392 1575 1468 1640 sola
1506 1575 1617 1641 forma
1655 1588 1740 1661 puta
1779 1574 1894 1640 anima
1936 1574 2055 1641 virtute
2095 1574 2273 1641 contineat

796 1716 921 1763 omnes
944 1693 1030 1759 alias
1057 1693 1187 1758 formas
1211 1692 1464 1777 praecedentes
1492 1690 1624 1757 scilicet
1647 1690 1945 1757 substantialitatis
1974 1704 2007 1757 et
2032 1690 2272 1777 corporeitatis

796 1810 906 1879 etsie
936 1810 982 1877 de
1005 1808 1091 1889 aliis,
1122 1820 1157 1873 et
1182 1818 1256 1874 tota
1279 1806 1474 1872 substantia
1508 1807 1610 1893 panis
1634 1818 1801 1893 quantum
1827 1808 1871 1872 ad
1897 1808 2073 1873 materiam
2107 1820 2141 1873 et
2164 1830 2272 1893 quan·

796 1940 870 1993 tum
893 1926 939 1992 ad
963 1926 1109 1990 formam
1134 1934 1355 1990 convertatur
1378 1923 1413 1988 in
1442 1923 1671 1988 substantiam
1696 1922 1853 2010 corporis
1878 1924 2007 1989 Christi
2031 1924 2271 2011 compositam,

798 2042 906 2111 etsie
929 2042 965 2108 in
999 2039 1178 2107 materiam
1203 2051 1238 2106 et
1261 2040 1406 2105 sormam
1431 2060 1522 2124 quae
1546 2052 1599 2105 est
1629 2040 1705 2125 ipsa
1735 2040 1850 2105 anima
1878 2040 2071 2106 secundum
2101 2041 2196 2125 quod
2221 2051 2273 2107 est

798 2160 910 2225 forma
933 2158 1023 2223 dans
1046 2176 1126 2224 esse
1150 2176 1357 2241 corporeum
1382 2154 1545 2233 mixtum3
1571 2195 1612 2203 -
1633 2178 1701 2222 nec
1724 2158 1839 2222 obstat
1863 2158 1957 2241 quon
1983 2156 2202 2241 Augustinus
2226 2160 2273 2241 ll)

798 2274 882 2341 dicit
911 2294 1018 2360 super
1044 2271 1212 2339 Genesim
1237 2272 1332 2356 quod
1355 2292 1485 2357 corpus
1513 2293 1585 2336 non
1614 2284 1729 2358 potest
1753 2272 1909 2338 converti
1935 2272 1968 2337 in
2001 2272 2167 2358 spiritum,
2193 2272 2274 2358 quia

798 2412 919 2457 verum
943 2401 996 2455 est
1012 2388 1022 2425 ¹
1037 2388 1233 2454 secundum
1249 2409 1289 2453 se
1307 2426 1360 2461 -,
1381 2388 1445 2453 sed
1461 2387 1494 2452 in
1512 2400 1679 2472 quantum
1696 2401 1748 2454 est
1766 2411 1845 2475 pars
1862 2390 2045 2475 compositi
2064 2389 2247 2455 materialis
2263 2390 2274 2423 ²

798 2506 895 2592 quod
918 2517 972 2572 est
996 2526 1060 2590 per
1085 2503 1199 2589 ipsum
1227 2502 1384 2589 spiritum
1404 2516 1438 2568 et
1466 2524 1594 2589 corpus
1611 2517 1645 2570 et
1673 2503 1825 2583 mixtum,
1851 2517 1966 2591 potest
1990 2504 2062 2570 lieri
2088 2504 2273 2571 conversio

798 2624 835 2689 in
858 2621 971 2708 ipsam
987 2621 1053 2685 sub
1075 2621 1143 2685 hac
1163 2618 1307 2685 ratione.
1327 2618 1423 2684 Licet
1446 2617 1538 2684 enim
1563 2619 1646 2684 illud
1662 2620 1699 2684 in
1724 2621 1818 2705 quod
1843 2622 2056 2686 convertitur
2081 2620 2275 2686 substantia

799 2738 901 2825 panis
931 2737 976 2802 sit
1006 2735 1143 2802 realiter
1173 2745 1207 2801 et
1237 2734 1466 2801 essentialiter
1489 2735 1602 2800 forma
1632 2736 1873 2823 corporeitatis
1909 2749 1942 2802 et
1971 2736 2097 2816 anima,
2129 2736 2276 2803 tamen³

799 2876 873 2921 non
899 2865 953 2918 est
979 2852 1146 2920 terminus
1173 2850 1303 2916 huius*
1327 2851 1624 2917 transmutationis
1649 2873 1711 2938 per
1740 2875 1778 2919 se
1805 2852 1839 2918 in
1869 2874 1912 2919 eo
1940 2852 2186 2938 mortaniam,
2212 2853 2274 2919 sed

799 2970 835 3036 in
859 2991 903 3037 eo
921 2967 1044 3055 quod⁶
1066 2968 1179 3033 forma
1202 2967 1455 3054 corporeitatis.
1484 2967 1578 3051 Quia
1602 2969 1685 3034 dato
1709 2970 1806 3053 quod
1830 2969 1887 3033 illa
1912 2983 2034 3034 natura
2059 2990 2130 3035 non
2157 2967 2277 3035 esset⁸

800 3086 925 3165 anima,
953 3097 988 3152 et
1014 3100 1109 3150 esset
1135 3085 1246 3149 torma
1273 3084 1524 3169 corporeitatis,
1553 3086 1669 3150 adhuc
1695 3085 1793 3151 fieret
1817 3086 2001 3152 conversio
2027 3087 2060 3151 in
2086 3107 2184 3164 eam3
2214 3086 2275 3151 soll

800 3202 831 3268 si
859 3215 953 3268 esset
976 3200 1091 3266 anima
1122 3214 1157 3266 et
1188 3222 1259 3265 non
1288 3202 1398 3265 forma
1425 3200 1666 3286 corporeitatis
1691 3223 1762 3267 non
1792 3202 1887 3267 lieret
1915 3203 1949 3267 in
1978 3224 2053 3268 eam
2080 3202 2275 3269 conversio.

802 3358 844 3367 -
860 3318 936 3385 Nec
950 3330 1004 3384 est
1026 3316 1290 3401 intelligendum
1314 3317 1410 3401 quod
1429 3318 1499 3383 hoc
1522 3318 1617 3401 quiid
1634 3332 1688 3383 est
1711 3339 1790 3384 esse
1814 3319 1960 3383 formam
1985 3318 2224 3405 corporeitatis
2243 3331 2277 3383 et

802 3455 882 3501 esse
912 3433 1062 3499 animam
1093 3433 1213 3498 dicant
1243 3433 1336 3499 circa
1367 3431 1518 3497 animam
1550 3433 1762 3499 intentiones
1795 3436 1849 3500 vel
1881 3434 2033 3501 rationes
2060 3434 2195 3521 logicas
2223 3431 2279 3499 el'

803 3572 868 3617 ens
897 3548 1062 3617 rationis:
1101 3548 1207 3614 immo
1239 3548 1361 3615 dicunt
1391 3571 1464 3615 rem
1507 3570 1634 3629 veram,
1674 3550 1754 3616 licet
1789 3572 1906 3631 unam,
1945 3550 2132 3617 virtualiter
2162 3561 2278 3616 tamen

804 3666 1038 3753 multiplicem.
1069 3664 1113 3731 Et
1143 3663 1195 3732 sic
1225 3664 1404 3731 (licendo‘
1435 3665 1531 3750 quod
1563 3666 1674 3731 forma
1702 3666 1851 3733 hominis
1876 3668 2069 3733 secundum
2097 3668 2191 3753 quod
2222 3666 2281 3731 dat

805 3803 885 3850 esse
900 3803 1108 3869 corporeum
1125 3795 1178 3848 est
1193 3781 1361 3848 terminus
1385 3782 1639 3863 conversionis,
1656 3784 1797 3869 ponitur
1824 3783 1990 3850 terminus
2019 3806 2082 3871 per
2097 3806 2135 3851 se
2152 3783 2281 3869 aliquid

804 3899 907 3979 reale,
945 3910 980 3965 et
1017 3919 1082 3984 pro
1120 3912 1218 3964 tanto
1258 3897 1384 3965 dicitur
1421 3898 1518 3984 quod
1556 3898 1672 3965 anima
1710 3912 1763 3965 est
1798 3900 1832 3966 in
1864 3903 1933 3967 hoc
1968 3912 2187 3967 sacramento
2220 3921 2282 3987 per

804 4014 1120 4082 concomitantiam.
1139 4014 1237 4081 Sicut
1261 4014 1410 4080 etiamsi
1428 4014 1621 4082 diceretur:
1638 4018 1707 4082 hoc
1725 4027 1778 4083 est
1794 4038 1876 4083 caro
1894 4017 2004 4097 bovis,
2024 4018 2134 4083 —vel
2153 4038 2281 4103 corpus

804 4130 934 4199 bon's’
964 4131 1020 4198 vel
1046 4151 1128 4197 caro
1155 4130 1258 4196 bovis
1285 4154 1357 4197 non
1385 4131 1429 4197 sit
1456 4132 1557 4198 cibus
1588 4131 1654 4198 nisi
1688 4132 1720 4198 in
1752 4144 1918 4218 quantum
1948 4146 2001 4199 est
2033 4135 2099 4200 tale
2128 4132 2280 4213 mixtum,

806 4248 880 4314 sive
906 4246 1022 4313 vivum
1050 4247 1125 4313 sive
1151 4270 1223 4313 non
1252 4247 1378 4315 vivum.
1414 4265 1448 4314 et
1475 4262 1592 4315 tamen
1620 4271 1698 4316 cum
1728 4249 1809 4317 vivit
1837 4272 1907 4316 non
1933 4250 1996 4315 nisi
2022 4252 2066 4315 ab
2091 4250 2205 4315 anima
2229 4262 2282 4313 est

806 4384 889 4431 caro
911 4364 966 4430 vel
982 4384 1134 4450 corpus:
1151 4402 1192 4411 —
1210 4364 1239 4429 si
1262 4364 1329 4429 ista
1351 4367 1458 4430 verba
1485 4367 1655 4432 haberent
1678 4365 1745 4431 vim
1771 4366 2133 4447 transsubstantiuntli,
2164 4378 2282 4452 posset

806 4480 924 4566 aliquo
946 4481 1055 4546 modo
1078 4478 1147 4545 dici
1171 4479 1287 4545 anima
1310 4480 1357 4545 ibi
1381 4503 1461 4547 esse
1485 4504 1548 4569 per
1569 4483 1875 4549 concomitantiam
1892 4482 1924 4547 ¹¹¹.

899 5218 907 5250 ¹
921 5234 1021 5273 verum
1031 5218 1085 5288 est]
1096 5230 1142 5273 est
1153 5236 1254 5273 verum
1269 5217 1300 5273 P.
1311 5250 1343 5260 -
1358 5221 1368 5252 ¹
1383 5220 1551 5275 materiales
1565 5220 1602 5275 l':
1617 5220 1727 5274 lactina
1740 5221 1770 5277 P.
1788 5254 1790 5261 ·
1832 5222 1950 5275 ³nnimn
1963 5228 2069 5291 taint-nt
2085 5222 2240 5277 nninutbtm
2255 5222 2283 5275 l’.

811 5334 845 5347 ·-
863 5308 874 5339 ⁴
891 5306 1058 5361 huiusmodi
1077 5306 1107 5361 P.
1127 5340 1159 5346 -
1180 5310 1191 5339 ⁸
1209 5308 1307 5361 anima
1328 5340 1359 5348 -
1380 5310 1470 5381 quod,
1490 5328 1547 5363 om.
1567 5309 1597 5363 P.
1670 5312 1681 5339 ⁴
1701 5320 1744 5363 cst
1766 5310 1795 5363 l'.
1872 5312 1879 5341 '⁹
1899 5310 1926 5363 in
1949 5312 2008 5365 l'l·'.
2083 5314 2092 5335 '
2112 5312 2178 5365 cliro
2201 5312 2230 5365 l'.

810 5394 886 5449 'vel
904 5426 937 5434 —
955 5394 1050 5465 bovis]
1070 5414 1125 5447 om.
1145 5394 1176 5449 P.
1196 5428 1228 5435 —
1251 5400 1269 5428 ²¹
1290 5398 1491 5451 oasitanum
1512 5398 1542 5451 P.

900 5666 941 5731 (l)
965 5664 1159 5736 Augustini
1186 5666 1230 5719 De
1250 5666 1362 5720 Genesi
1383 5668 1401 5721 l.
1422 5668 1484 5721 t'tl.
1505 5686 1530 5721 c„
1549 5672 1585 5724 ‘At
1603 5668 1646 5723 ‘R
1667 5668 1706 5733 l...
1729 5670 1783 5723 vol.
1803 5674 1845 5735 bt.
1866 5670 1920 5723 tol.
1941 5674 2011 5735 slt'v'n.
2035 5694 2042 5709 ⁴
2062 5672 2156 5723 ibone
2177 5672 2284 5741 quipp·-

811 5766 920 5825 corpus
945 5752 975 5807 in
999 5770 1087 5807 omne
1111 5771 1218 5826 corpus
1243 5758 1348 5809 mutar]
1375 5774 1472 5828 pos-e.
1499 5758 1639 5811 ‹rolibile
1659 5766 1721 5812 ost:
1751 5758 1901 5829 'proillibnt
1928 5768 2023 5813 :tuta-m
2054 5778 2162 5831 corpu.
2183 5762 2284 5813 nuttnri

811 5854 902 5912 pom
919 5840 949 5895 in
966 5842 1102 5895 animm
1121 5842 1243 5897 medere
1264 5844 1420 5897 alsat-Lx:
1442 5856 1486 5899 est
1506 5870 1524 5897 x.

2151 6024 2181 6073 tv
