6700 7992
1131 1396 1328 1469 QUARTUM
1357 1395 1655 1467 QUODLIBETUM,
1683 1398 1720 1470 Q.
1747 1399 1788 1453 IV
2146 1405 2198 1456 247

724 1582 864 1670 ligenda
903 1580 995 1645 dicta
1031 1577 1195 1644 distantia
1230 1588 1263 1642 et
1299 1576 1507 1641 imitabilitas
1542 1589 1777 1645 creaturarum
1808 1580 1868 1660 sic,
1901 1582 1995 1666 quod
2026 1582 2116 1647 sicut
2148 1592 2200 1648 est

714 1696 901 1764 'distinctio
935 1696 968 1761 in
1007 1694 1175 1781 gradibus
1214 1715 1327 1758 rerum
1368 1693 1513 1772 realiter,
1553 1694 1604 1759 sic
1643 1694 1745 1760 etiam
1785 1708 1866 1761 sunt
1904 1697 2031 1763 diversi
2069 1699 2200 1786 gradus

726 1813 976 1900 perfectionum
1006 1811 1039 1875 in
1071 1812 1149 1875 Deo
1180 1832 1269 1894 quos
1302 1808 1487 1888 imitentur,
1521 1833 1591 1875 una
1619 1833 1726 1875 unum
1754 1813 1902 1899 gradum
1927 1824 1961 1879 et
1984 1813 2050 1878 alia
2075 1814 2199 1891 alium;

727 1932 790 1997 sed
817 1939 889 1995 tota
915 1927 1066 1994 essentia
1097 1925 1215 1990 divina
1243 1947 1263 1988 a
1292 1925 1446 2009 qualibet
1479 1927 1657 1991 imitatur¹
1694 1930 1886 1993 secundum
1920 1929 2024 1994 alium
2053 1931 2201 2017 gradum

728 2046 862 2114 realiter
893 2045 925 2110 in
960 2054 1117 2109 creatura
1142 2040 1321 2119 variatum,
1346 2063 1416 2106 non
1448 2054 1561 2106 autem
1597 2042 1632 2107 in
1657 2045 1810 2108 essentia
1834 2045 1961 2110 divina.
1988 2045 2060 2112 Sed
2088 2047 2200 2111 solum

727 2163 803 2250 ipsa
831 2159 982 2227 essentia
1014 2158 1132 2224 divina
1164 2169 1199 2223 ut
1232 2157 1346 2222 unitas
1379 2158 1525 2243 simplex
1549 2174 1601 2225 est
1628 2158 1715 2225 ratio
1752 2160 1937 2226 cuiuslibet
1962 2173 2141 2228 creaturae
2165 2172 2202 2227 ut

728 2279 842 2364 aliquo
874 2278 979 2342 modo
1004 2275 1142 2354 multae,
1167 2274 1201 2338 in
1227 2284 1393 2358 quantum
1419 2296 1489 2338 una
1517 2287 1569 2339 est
1594 2275 1706 2359 magis
1732 2277 1839 2340 multa
1866 2288 1900 2342 et
1927 2278 2004 2362 plus
2032 2279 2202 2344 recedens

729 2397 772 2460 ab
807 2396 874 2459 hac
906 2392 1036 2457 unitate
1068 2412 1172 2475 quarn
1209 2390 1284 2454 alia.
1318 2391 1421 2455 Unde
1454 2411 1515 2475 per
1546 2391 1783 2457 exclusionem
1823 2392 1937 2457 omnis
1976 2393 2202 2459 multitudinis

729 2523 763 2579 et
786 2507 1050 2596 compositionis
1083 2516 1135 2572 est
1167 2505 1282 2570 divina
1314 2506 1466 2571 essentia
1504 2507 1700 2572 secundum
1740 2530 1838 2572 suam
1877 2508 2131 2594 simplicitatem
2170 2521 2204 2575 et

730 2627 894 2694 unitatem
930 2645 1092 2689 mensura
1125 2633 1158 2688 et
1191 2621 1332 2707 propria
1367 2621 1453 2686 ratio
1490 2623 1768 2707 uniuscuiusque
1800 2626 1994 2691 secundum
2027 2647 2203 2691 recessum

729 2746 773 2810 ab
788 2745 856 2808 hac
880 2740 1010 2807 unitate
1035 2751 1068 2805 et
1092 2759 1275 2804 accessum
1303 2739 1348 2803 ad
1377 2738 1504 2804 dictam
1532 2739 1796 2805 multitudinem.
1823 2741 1865 2805 Et
1888 2741 1938 2807 sic
1963 2741 2205 2827 multiplicatur

730 2857 985 2946 quodammodo
1017 2855 1093 2940 ipsa
1129 2853 1282 2920 essentia
1317 2855 1435 2918 divina
1467 2856 1661 2920 secundum
1695 2856 1875 2935 rationem,
1907 2879 1979 2922 non
2011 2859 2204 2924 secundum

731 2977 885 3043 diversos
910 2975 1040 3062 gradus
1059 2971 1161 3036 etiam
1187 2971 1221 3034 in
1241 2970 1316 3054 ipsa
1334 2970 1486 3035 essentia
1511 2972 1737 3056 acceptibiles
1770 2976 1773 3055 l
1806 2974 2001 3038 secundum
2025 2973 2203 3055 rationem,
2232 2955 2398 3083 folitdavvt

731 3092 793 3159 sed
820 3091 1011 3157 secundum
1043 3089 1138 3172 quod
1163 3087 1357 3152 secundum
1391 3109 1429 3151 se
1457 3098 1564 3152 totam
1593 3089 1866 3173 apprehenditur
1892 3100 1929 3154 ut
1956 3088 2128 3155 imitabilis
2160 3092 2204 3155 ab

732 3230 800 3274 una
816 3218 973 3273 creatura
989 3204 1183 3271 secundum
1210 3204 1311 3267 talem
1338 3203 1602 3268 multitudinem.
1629 3204 1672 3268 Et
1696 3204 1747 3270 sic
1772 3205 1972 3293 intelligitur
1989 3206 2206 3292 multiplicari

733 3325 831 3411 quasi
858 3344 919 3410 per
942 3322 1154 3388 intellectum
1182 3319 1216 3384 in
1235 3318 1498 3404 comparatione
1524 3320 1568 3384 ad
1596 3320 1742 3385 diversa.
1773 3322 1875 3387 Unde
1900 3321 1988 3387 sicut
2017 3321 2051 3387 in
2077 3322 2206 3388 unitate

732 3463 802 3507 non
830 3451 883 3505 est
906 3437 1032 3522 aliquid
1061 3437 1156 3521 quod
1187 3435 1337 3501 imitetur
1363 3458 1454 3500 unus
1483 3457 1649 3501 numerus
1679 3446 1713 3502 et
1740 3459 1810 3502 non
1842 3437 1939 3518 alius,
1965 3436 2069 3504 immo
2097 3448 2206 3503 totum

732 3558 766 3624 id
797 3556 892 3642 quod
923 3572 976 3621 est
1007 3553 1121 3618 unitas
1154 3551 1299 3636 quilibet
1331 3572 1497 3617 numerus
1536 3551 1697 3632 imitatur,
1737 3552 1788 3620 sic
1827 3576 1898 3619 non
1929 3564 1982 3619 est
2011 3555 2140 3639 aliquid
2172 3555 2206 3619 in

733 3674 810 3740 Deo
834 3672 929 3758 quod
965 3670 1023 3755 [in]
1054 3690 1125 3734 una
1160 3682 1319 3734 creatura
1354 3667 1505 3734 imitetur
1540 3680 1574 3734 et
1609 3690 1683 3734 non
1718 3669 1795 3735 alia.
1831 3671 1935 3737 Unde
1957 3669 2036 3757 ipsa
2063 3670 2209 3756 simplex

732 3788 845 3855 unitas
870 3786 1006 3853 divinae
1038 3785 1223 3866 essentiae,
1256 3796 1293 3850 ut
1321 3786 1578 3870 comprehensa
1613 3787 1658 3851 ab
1695 3785 1872 3852 intellectu
1909 3797 1945 3852 ut
1975 3786 2209 3853 diversimode

733 3904 904 3973 imitabilis
942 3902 1035 3968 dicto
1071 3903 1187 3983 moda,
1224 3912 1278 3968 est
1314 3900 1502 3967 formaliter
1533 3911 1567 3967 et
1598 3902 1780 3968 actualiter
1818 3902 1916 3990 ipsae
1953 3902 2137 3969 distinctae
2176 3913 2209 3970 et

734 4022 889 4090 diversae
914 4020 1023 4086 ideae.

1265 4406 1574 4492 Quaestio
1618 4408 1673 4473 iv

1378 4597 1562 4668 (LONGA).
1651 4629 1652 4633 ,

748 4831 888 4908 Utrum
929 4827 1133 4929 supposito
1179 4828 1286 4929 quod
1327 4828 1442 4902 Deus
1478 4832 1614 4926 posset
1647 4828 1794 4931 facere
1835 4827 2027 4929 angelum
2065 4828 2210 4929 angelo

784 4963 1060 5068 perfectiorem
1092 4963 1136 5037 ta
1166 4961 1385 5064 irfim‘tum,
1434 4967 1630 5061 oporteret
1669 4961 1881 5064 quemlibet
1913 4962 2116 5063 pertinere
2157 4964 2212 5037 ad

789 5096 964 5200 aliquam
994 5096 1303 5172 determinatam
1331 5095 1603 5172 hierarchiam
1634 5122 1746 5171 mmc
1773 5096 2037 5172 existenti-um.

825 5428 999 5494 Posthac
1023 5427 1115 5493 circa
1139 5438 1315 5493 creaturas
1340 5427 1374 5492 in
1399 5427 1544 5514 speciali
1569 5429 1827 5512 quaerebantur
1843 5428 2026 5513 quaedam,
2043 5437 2077 5494 et
2100 5427 2211 5514 primo

739 5545 965 5630 quaerebatur
995 5544 1087 5610 circa
1122 5555 1278 5609 naturam
1316 5567 1402 5630 pure
1439 5543 1652 5631 spiritualem
1689 5545 1823 5611 scilicet
1858 5543 2063 5632 angelicam,
2099 5554 2211 5609 utrum

739 5660 868 5727 scilicet
890 5660 1073 5747 supposito
1098 5661 1194 5746 quod
1218 5662 1316 5726 Deus
1341 5673 1463 5747 posset
1487 5662 1603 5727 tacere
1629 5661 1793 5749 angelum
1819 5661 1946 5749 angelo
1971 5660 2212 5747 perfectiorem

737 5776 773 5843 in
795 5776 972 5858 infinitum,
989 5788 1101 5851 utrum
1119 5789 1294 5863 oporteret
1311 5777 1501 5865 quemlibet
1526 5780 1690 5865 angelum
1716 5777 1917 5873 possibilem
1941 5776 2015 5844 fieri
2038 5777 2212 5874 pertinere

828 6034 836 6066 ¹
854 6040 979 6092 mutatur
991 6033 1025 6093 V.
