6700 7992
1213 1418 1388 1481 reumont
1417 1412 1717 1497 Quoottearu'u,
1746 1425 1782 1497 Q.
1811 1411 1851 1480 nl
2224 1428 2274 1477 rao

797 1608 1008 1695 simpliciter,
1028 1648 1066 1655 —
1092 1607 1172 1672 ideo
1198 1607 1299 1672 etiam
1325 1606 1359 1671 in
1384 1627 1456 1671 uno
1481 1627 1553 1672 non
1578 1605 1739 1672 videntur
1766 1627 1873 1691 posse
1897 1626 1977 1672 esse
2001 1606 2118 1691 plures
2144 1605 2273 1671 formae

797 1723 1055 1803 substantiales,
1081 1744 1124 1788 eo
1149 1724 1244 1806 quod
1269 1722 1455 1788 cuiuslibet
1479 1733 1532 1787 est
1555 1722 1638 1787 dare
1663 1741 1743 1787 esse
1771 1720 1981 1808 simpliciter,
2010 1733 2045 1788 et
2071 1720 2107 1786 in
2134 1742 2178 1788 eo
2202 1741 2274 1787 non

797 1851 946 1927 possunt
986 1861 1065 1906 esse
1105 1839 1203 1924 plura
1242 1859 1321 1904 esse
1361 1837 1569 1923 simpliciter.
1610 1837 1653 1902 Et
1684 1837 1775 1904 sicut
1809 1857 1932 1904 omnes
1971 1838 2104 1903 formae
2140 1846 2276 1923 praeter

796 1955 1059 2021 substantialem
1091 1967 1125 2020 et
1148 1953 1349 2039 specificam
1383 1964 1466 2018 sunt
1489 1974 1560 2018 non
1593 1953 1726 2019 formae
1759 1952 1960 2040 simpliciter
1991 1953 2055 2019 sed
2079 1954 2275 2020 secundum

797 2071 890 2157 quid,
927 2071 973 2137 ita
1005 2070 1107 2136 etiam
1141 2090 1219 2136 esse
1254 2071 1448 2135 secundum
1484 2069 1568 2134 alias
1603 2069 1733 2134 formas
1765 2079 1819 2136 est
1855 2090 1934 2136 esse
1969 2090 2041 2136 non
2076 2067 2277 2156 simpliciter

796 2190 860 2253 sed
892 2187 1085 2253 secundum
1112 2185 1205 2270 quid.
1231 2186 1334 2251 Unde
1365 2184 1490 2250 dicitur
1525 2184 1674 2271 septimo
1698 2184 1960 2272 Metaphysicae
1977 2189 2046 2270 (1):
2082 2183 2276 2251 substantia

797 2315 850 2370 est
885 2325 949 2369 ens
984 2302 1195 2388 simpliciter,
1225 2312 1258 2367 et
1293 2302 1487 2367 secundum
1523 2301 1670 2366 formam
1695 2299 1958 2367 substantialem
1990 2299 2116 2366 dicitur
2146 2299 2275 2384 aliquid

797 2440 876 2485 esse
901 2417 1101 2504 simpliciter
1125 2439 1197 2483 non
1221 2417 1363 2501 aliquod
1388 2416 1542 2482 aliorum.
1569 2417 1657 2482 Nam
1690 2416 1720 2482 si
1752 2429 1939 2502 quaeratur
1973 2418 2017 2485 de
2051 2416 2167 2502 aliquo
2192 2416 2274 2501 quid

798 2547 861 2615 est,
887 2536 981 2619 quod
1019 2546 1072 2600 est
1105 2554 1272 2618 quaerere
1297 2533 1341 2598 de
1376 2532 1451 2598 eius
1483 2554 1562 2599 esse
1586 2531 1797 2619 simpliciter,
1828 2534 2061 2619 respondetur
2094 2533 2190 2618 quod
2223 2543 2277 2598 est

798 2654 905 2717 homo
948 2651 1003 2716 vel
1041 2650 1161 2715 asinus
1200 2650 1255 2714 vel
1294 2647 1495 2714 huiusmodi
1539 2669 1629 2734 quae
1668 2659 1751 2715 sunt
1781 2651 1785 2733 Ι
1817 2647 2043 2715 substantiae.
2080 2648 2116 2715 Si
2161 2660 2275 2715 autem

798 2779 984 2853 quaeratur
1018 2765 1130 2851 qualis
1167 2775 1219 2831 est
1253 2786 1309 2830 res
1341 2765 1426 2844 talis,
1460 2765 1693 2851 respondetur
1727 2786 1799 2831 non
1833 2767 1940 2832 homo
1972 2766 2028 2831 vel
2051 2763 2181 2845 asinuS,
2213 2766 2277 2832 sed

799 2885 878 2948 alba
910 2883 964 2949 vel
999 2882 1098 2970 nigra
1124 2893 1157 2946 et
1189 2880 1398 2946 huiusmodi.
1424 2880 1476 2945 Ex
1500 2902 1570 2966 quo
1605 2891 1701 2967 patet
1732 2881 1828 2966 quod
1862 2880 1919 2947 illa
1953 2901 2044 2967 quae
2078 2880 2278 2970 significant

799 2998 1040 3078 substantiam,
1065 2997 1186 3063 dicunt
1214 2996 1297 3082 quid
1322 3008 1375 3061 est
1403 2996 1532 3081 aliquid
1556 2996 1757 3082 simpliciter
1780 3002 1812 3063 et
1835 2997 2015 3077 absolute3
2040 3019 2131 3082 quae
2161 3007 2277 3064 autem

799 3114 1003 3200 praedicant
1039 3114 1249 3198 qualitatem,
1284 3134 1356 3177 non
1389 3111 1510 3178 dicunt
1541 3112 1623 3197 quid
1660 3124 1713 3178 est
1746 3113 1830 3178 illud
1854 3113 1898 3179 de
1932 3135 2002 3198 quo
2032 3113 2278 3201 praedicantur

799 3229 1001 3315 simpliciter
1036 3243 1070 3295 et
1105 3230 1274 3308 absolute,
1311 3229 1374 3294 sed
1410 3229 1512 3312 quale
1551 3229 1634 3313 quid
1671 3240 1705 3294 et
1743 3241 1868 3295 cetera.
1909 3228 1953 3296 Et
1975 3229 2056 3296 ideo
2091 3228 2167 3317 ipsa
2197 3231 2277 3294 sub·

799 3345 925 3411 stantia
965 3345 1090 3411 dicitur
1129 3367 1192 3409 ens
1232 3344 1366 3410 ratione
1404 3343 1458 3409 sui
1498 3344 1618 3430 ipsius,
1655 3344 1736 3429 quia
1775 3343 2010 3434 significantia
2047 3344 2277 3412 substantiam

802 3461 1001 3550 significant
1029 3460 1228 3546 simpliciter
1252 3471 1286 3525 et
1310 3462 1468 3526 absolute
1494 3460 1577 3544 quid
1602 3472 1655 3526 est
1679 3463 1769 3541 hoc,
1800 3460 1867 3527 alia
1892 3482 1974 3529 vero
2000 3460 2163 3528 dicuntur
2185 3460 2278 3528 entia

799 3600 870 3644 non
896 3576 947 3643 sic
974 3578 1169 3644 secundum
1194 3598 1242 3657 se,
1268 3577 1330 3642 sed
1355 3597 1399 3641 eo
1417 3577 1512 3660 quod
1536 3587 1618 3641 sunt
1641 3576 1753 3644 taliter
1777 3576 1877 3644 entis,
1901 3577 1990 3643 Nam
2015 3576 2050 3643 id
2067 3579 2163 3663 quod
2186 3587 2277 3658 sunt,

800 3705 882 3759 sunt
912 3694 1107 3759 secundum
1142 3693 1291 3777 aliquam
1324 3673 1563 3759 habitudinem
1595 3692 1640 3757 ad
1672 3692 1913 3775 substantiam,
1947 3715 2038 3779 quae
2070 3704 2124 3760 est
2153 3714 2278 3780 perse

800 3831 874 3891 ens,
899 3809 934 3874 in
962 3820 1129 3894 quantum
1155 3807 1287 3875 scilicet
1311 3819 1393 3873 sunt
1416 3808 1589 3893 quaedam
1617 3808 1802 3894 qualitates
1826 3809 1903 3876 talis
1927 3809 2017 3877 entis
2041 3808 2174 3877 scilicet
2197 3810 2279 3875 sub·

800 3925 957 3991 stantiae.
982 3925 1086 3991 Unde
1111 3924 1459 4007 Commentatorl2lt
1495 3925 1565 3990 hoc
1599 3945 1729 3992 nornen
1765 3946 1828 3991 ens
1863 3924 2099 4012 principaliter
2134 3937 2168 3993 et
2201 3923 2279 3989 sim·

800 4039 935 4127 pliciter
951 4039 1126 4129 signifieat
1142 4039 1464 4125 praedicamentum
1481 4039 1708 4123 substantiae,
1723 4049 1757 4107 et
1773 4041 1983 4108 secundario
2001 4051 2035 4108 et
2051 4039 2279 4109 determinate

801 4156 867 4221 alia
913 4155 1195 4242 praedicamenta
1241 4155 1485 4238 accidentium,
1533 4178 1623 4240 quae
1662 4177 1735 4224 non
1774 4155 1937 4224 dicuutur
1975 4179 2053 4225 esse
2092 4155 2159 4223 nisi
2198 4155 2278 4241 quia

802 4272 966 4339 accidunt
991 4272 1061 4338 enti
1088 4273 1181 4358 quod
1214 4282 1267 4338 est
1298 4294 1361 4338 ens
1397 4293 1460 4358 per
1494 4293 1532 4338 se
1556 4271 1690 4339 scilicet
1713 4273 1939 4341 substantiae.
1973 4273 2061 4340 Cum
2094 4294 2180 4363 ergo
2216 4293 2280 4339 ens

802 4410 918 4476 perse
936 4388 1098 4454 dividitur
1114 4388 1148 4452 in
1167 4390 1289 4455 decem
1314 4388 1609 4474 praedicamenta,
1626 4399 1665 4455 ut
1680 4388 1806 4456 dicitur
1828 4410 1925 4456 nono
1948 4388 2210 4477 Metaphysicae
2222 4391 2281 4472 (3),

804 4515 888 4589 quot
916 4515 998 4570 sunt
1021 4525 1076 4570 res
1107 4503 1469 4590 praedicamentorum
1506 4503 1541 4571 in
1571 4503 1698 4591 aliquo,
1727 4515 1779 4571 tot
1806 4516 1889 4572 sunt
1919 4504 2013 4572 entia
2036 4504 2109 4571 sive
2141 4525 2220 4572 esse
2248 4515 2283 4571 et

804 4620 988 4686 essentiae.
1028 4619 1119 4686 Cum
1150 4619 1253 4686 etiam
1289 4619 1403 4686 omnis
1436 4619 1735 4687 transmutationis
1771 4620 1939 4688 terminus
1970 4620 2014 4687 sit
2045 4643 2109 4688 ens
2140 4620 2282 4706 aliquod

803 4738 999 4803 secundum
1024 4736 1165 4821 aliquod
1193 4758 1283 4817 esse,
1308 4747 1411 4823 prout
1435 4735 1576 4823 ponitur
1604 4737 1733 4824 duplex
1756 4736 1938 4826 generatio
1962 4736 2074 4823 primo
2099 4738 2143 4803 de
2167 4736 2283 4803 Gene-

804 4852 938 4919 ratione
955 4855 1013 4936 (l),
1037 4851 1170 4919 scilicet
1197 4852 1377 4941 generatio
1406 4851 1608 4938 simpliciter
1631 4864 1666 4920 et
1693 4853 1889 4921 secundum
1917 4853 2011 4939 quid,
2028 4852 2079 4920 sic
2103 4852 2205 4920 etiam
2230 4863 2284 4918 est

804 4988 884 5035 esse
912 4969 1049 5054 duplex.
1075 4969 1179 5035 Unde
1208 4989 1287 5035 cum
1311 4990 1354 5034 ex
1385 4969 1466 5035 albo
1494 4968 1532 5035 fit
1559 4968 1708 5057 nigrum,
1733 4979 1873 5056 oportet
1901 4969 1995 5055 quod
2022 4969 2083 5035 fiat
2106 4967 2283 5054 corruptio

803 5085 998 5152 secundum
1015 5082 1109 5169 quid,
1126 5086 1322 5151 secundum
1346 5106 1455 5149 unum
1472 5106 1551 5151 esse
1573 5085 1801 5167 accidentale,
1826 5069 1861 5152 et
1883 5083 2065 5174 generatio
2089 5085 2284 5150 secundum

806 5200 900 5286 quid,
936 5201 1130 5266 secundum
1163 5200 1256 5267 aliud
1291 5222 1371 5267 esse
1407 5200 1634 5268 accidentale.
1669 5200 1708 5268 Si
1740 5201 1838 5287 enim,
1862 5222 1935 5268 non
1961 5210 2055 5268 esset
2086 5199 2153 5266 nisi
2177 5221 2284 5266 unum

895 5514 933 5579 (ll
954 5511 1184 5568 Arlstotells
1212 5511 1430 5584 ittetaptysicae
1451 5511 1469 5565 l.
1492 5512 1533 5566 Vl
1556 5513 1603 5583 [al.
1623 5512 1699 5583 v111,
1718 5531 1743 5569 c.
1764 5516 1778 5569 1
1801 5518 1841 5585 (ρ.
1856 5517 1955 5581 1028);
1989 5521 2058 5572 ssata
2075 5516 2107 5571 τὸ
2124 5515 2239 5586 πρώτως
2256 5514 2285 5569 ὃν

805 5598 851 5652 καὶ
862 5594 893 5652 οὐ
906 5600 931 5652 τὶ
943 5597 971 5652 ὂν
983 5596 1073 5654 ἀλλ’ὃν
1086 5600 1178 5659 ἁπλῶς
1191 5598 1206 5663 ἡ
1220 5595 1295 5652 οὐσία
1307 5597 1337 5651 ἂν
1350 5596 1400 5664 εἴη.
1415 5634 1447 5640 -
1466 5600 1506 5673 (¹2)
1525 5599 1703 5656 Averrois
1722 5601 1941 5674 Metapltysicae
1959 5603 1977 5657 l.
1991 5602 2040 5670 lV,
2055 5619 2080 5658 c.
2093 5605 2111 5657 2
2122 5601 2153 5669 (f.
2167 5604 2200 5658 51
2214 5602 2285 5668 V³):

807 5708 821 5741 ι
868 5690 906 5744 Et
925 5689 1058 5745 similiter
1076 5691 1132 5745 hoc
1152 5707 1260 5744 nomen
1279 5707 1340 5757 ens,
1356 5690 1426 5745 licet
1440 5688 1554 5744 dicatur
1566 5689 1665 5744 multis
1678 5689 1784 5754 modis,
1797 5689 1940 5744 tamenin
1953 5685 2090 5745 omnibus
2106 5689 2213 5745 dicitur
2226 5706 2287 5755 enS,

807 5777 876 5848 quia
896 5776 1062 5832 attribuitur
1080 5779 1175 5849 primo
1195 5778 1254 5832 euti
1275 5776 1467 5842 substantiae,
1486 5786 1516 5831 et
1535 5776 1609 5831 istae
1629 5777 1836 5832 attributiones
1854 5777 1884 5831 in
1903 5794 2081 5850 unoquoque
2100 5795 2201 5833 eorum
2220 5783 2288 5831 sunt

808 5863 955 5920 diversae.
978 5865 1220 5920 Praedicameuta
1239 5865 1316 5919 enim
1337 5865 1533 5920 attribuuntur
1551 5864 1744 5933 substantiae,
1807 5865 1875 5938 quia
1894 5865 2110 5921 constituuntur
2129 5884 2182 5938 per
2201 5865 2288 5933 illam,

810 5960 840 6008 et
854 5953 1017 6008 subiectum
1033 5962 1077 6008 est
1091 5971 1200 6007 eorum.
1214 5977 1225 6001 2»
1242 5985 1273 5992 -
1288 5955 1327 6019 (3)
1343 5952 1403 6007 cfr.
1416 5970 1445 6024 p.
1460 5955 1519 6020 loo,
1534 5970 1560 6009 n.
1574 5956 1623 6021 (l).
1637 5984 1670 5992 —
1684 5956 1724 6021 (4)
1739 5952 1799 6009 ctr.
1812 5971 1839 6025 p.
1856 5955 1916 6021 loe,
1929 5971 1956 6008 n.
1970 5957 2019 6022 (l).

2182 6045 2218 6098 25

2331 2633 2396 2689 cod.
2409 2633 2436 2688 V

2298 2705 2347 2760 sol.
2360 2709 2413 2761 275
2425 2706 2468 2759 Vb
