6700 7992
1321 1397 1537 1504 sacuuouu
1567 1448 1865 1519 Quooussaruu
1894 1447 1930 1518 o.
1955 1447 1983 1501 n
2356 1448 2392 1500 59
2476 1404 2479 1412 ¹

913 1628 1087 1695 essentiae
1104 1628 1177 1694 sive
1194 1629 1387 1694 secundum
1405 1650 1444 1693 se
1461 1639 1498 1692 ut
1514 1639 1567 1693 θεῖ
1591 1627 1784 1692 animalitas
1809 1639 1970 1692 neutrum
1995 1626 2061 1692 sibi
2086 1625 2303 1707 determinat,
2328 1626 2392 1693 sed

914 1755 967 1811 est
980 1744 1182 1809 indifferens
1195 1746 1239 1809 ad
1254 1756 1446 1828 utrumque.
1460 1744 1574 1822 Unde,
1588 1755 1626 1807 ut
1643 1744 1790 1827 dicitu),
1803 1743 2001 1808 humanitas
2019 1763 2109 1828 quae
2124 1753 2177 1809 cst
2193 1742 2228 1807 in
2245 1742 2392 1808 Socrate

913 1881 986 1926 non
1003 1873 1056 1926 est
1072 1860 1138 1925 alia
1155 1861 1199 1925 ab
1215 1860 1430 1925 humanitate
1447 1881 1537 1943 quae
1555 1858 1659 1924 estin
1679 1860 1834 1939 Platone,
1853 1881 1954 1925 exeo
1976 1859 2071 1944 quod
2095 1859 2172 1945 ipsa
2196 1869 2249 1925 est
2272 1860 2391 1923 huma·

913 1977 1014 2056 nitas,
1039 1997 1106 2041 nec
1130 1987 1273 2061 propter
1296 1977 1365 2041 hoc
1389 1988 1442 2041 θεῖ
1466 1998 1536 2041 una
1560 1998 1717 2055 numer0,
1742 1977 1805 2040 sed
1830 1986 1883 2041 est
1906 1975 1973 2040 alia
1993 1988 2026 2041 et
2050 1975 2115 2040 alia
2132 1985 2275 2061 propter
2298 1974 2391 2039 aliud

914 2092 1158 2160 extrinsecum.
1176 2092 1219 2158 Et
1247 2095 1250 2176 l
1278 2095 1347 2157 hoc
1368 2092 1505 2157 videtur
1521 2091 1636 2176 aliquo
1661 2092 1768 2157 modo
1793 2091 1909 2180 colligi
1934 2114 1976 2157 ex
2000 2090 2101 2157 dictis
2125 2091 2391 2173 Avicennae(2)
2419 2061 2584 2190 soffllPR,

914 2209 973 2294 qui
989 2208 1072 2274 dicit
1093 2208 1128 2273 in
1146 2208 1278 2295 Logica
1294 2230 1358 2272 sua
1372 2210 1468 2292 quod
1487 2207 1659 2273 essentiae
1677 2230 1790 2273 rerum
1807 2208 1937 2293 duplex
1952 2208 2085 2273 habent
2101 2228 2189 2288 esse,
2207 2206 2340 2273 scilicet
2355 2205 2392 2272 in

914 2324 1175 2414 singularibus¹
1204 2335 1298 2389 extra
1326 2325 1379 2389 vel
1406 2323 1441 2388 in
1467 2323 1651 2389 intellectu.
1677 2323 1861 2409 Triplioem
1886 2335 2001 2388 autem
2025 2325 2132 2389 habet
2159 2344 2392 2408 unaquaeque

915 2441 1068 2508 essentia
1083 2440 1399 2507 considerationem
1424 2440 1498 2504 sive
1523 2451 1742 2524 respectum:
1768 2462 1875 2504 unum
1900 2441 2094 2506 secundum
2119 2440 2214 2524 quod
2239 2439 2316 2525 ipsa
2340 2448 2393 2504 est
2446 2502 2550 2557 eodv

914 2559 1109 2625 secundum
1127 2579 1165 2622 se
1187 2578 1259 2621 non
1290 2561 1294 2640 l
1322 2557 1428 2621 relata
1453 2556 1497 2620 ad
1522 2556 1661 2640 aliquod
1687 2555 1857 2620 istorum²
1881 2578 1960 2621 esse
1985 2577 2051 2621 nec
2075 2557 2119 2620 ad
2143 2555 2273 2640 aliquid
2297 2554 2393 2640 quod
2420 2544 2586 2629 folpssev·

915 2674 1142 2758 consequitur
1157 2672 1279 2758 ipsam,
1297 2674 1490 2737 secundum
1509 2672 1604 2755 quod
1622 2670 1699 2757 ipsa
1715 2683 1767 2736 est
1783 2671 1851 2750 sic;
1870 2671 1974 2736 alium
1990 2673 2186 2737 secundum
2203 2672 2299 2756 quod
2315 2670 2393 2756 ipsa

915 2789 1020 2857 estin
1037 2789 1283 2877 singularibus
1302 2799 1335 2853 et
1350 2787 1486 2853 tertium
1504 2788 1699 2852 secundum
1717 2790 1811 2872 quod
1829 2799 1882 2853 est
1902 2787 1936 2852 in
1953 2787 2139 2853 intellectu.

1004 2903 1076 2972 Sed
1101 2904 1243 2969 ulterius
1268 2903 1372 2988 aliqui
1397 2904 1518 2968 dicunt
1542 2904 1636 2987 quod
1661 2903 1738 2988 ipsa
1767 2903 1941 2988 quidditas
1969 2914 2003 2969 et
2031 2903 2184 2969 essentia
2211 2903 2260 2970 rei
2287 2903 2393 2968 habet

915 3021 1116 3087 huiusmodi
1139 3035 1208 3086 tres
1233 3032 1414 3105 respectus
1435 3020 1490 3084 vel
1515 3005 1815 3085 considerationes
1839 3021 2034 3085 secundum
2058 3031 2127 3086 tres
2152 3021 2277 3085 modos
2302 3040 2392 3104 quos

915 3140 1021 3203 habet
1045 3137 1080 3201 in
1105 3158 1205 3202 esse:
1231 3158 1338 3200 unum
1364 3135 1503 3219 quidem
1527 3137 1633 3200 habet
1658 3147 1754 3200 extra
1769 3135 1804 3200 in
1821 3137 1925 3200 rebus
1946 3137 2040 3220 quod
2058 3135 2183 3201 dicitur
2199 3157 2278 3202 esse
2294 3147 2392 3201 natu·

915 3275 985 3333 rae,
1018 3252 1122 3318 alium
1153 3252 1189 3317 in
1225 3251 1401 3317 intellectu
1433 3252 1528 3336 quod
1557 3251 1682 3316 dicitur
1713 3271 1793 3316 esse
1825 3251 1979 3331 rationis,
2011 3251 2149 3316 tertium
2180 3273 2263 3317 vero
2287 3252 2394 3317 habet

917 3370 1111 3435 secundum
1129 3390 1167 3433 se
1192 3368 1288 3451 quod
1313 3366 1438 3432 dicitur
1462 3388 1540 3432 esse
1565 3366 1749 3432 essentiae.
1775 3368 1864 3432 Nam
1889 3367 1972 3433 dicit
1996 3367 2179 3433 Avicenna
2196 3370 2254 3451 (3),
2271 3365 2393 3451 quinto

915 3484 1177 3571 Metaphysieae
1202 3485 1297 3569 quod
1319 3483 1444 3549 animal
1462 3494 1646 3567 acceptum
1663 3504 1742 3548 cum
1760 3482 2001 3549 accidentibus
2018 3483 2090 3548 suis
2107 3483 2143 3548 in
2159 3481 2393 3570 singularibus

917 3611 969 3667 est
985 3622 1041 3666 res
1058 3599 1233 3679 naturalis
1251 3610 1435 3684 acceptum
1456 3620 1538 3664 vero
1556 3620 1635 3663 curn
1653 3598 1895 3664 accidentibus
1912 3598 1947 3663 in
1964 3599 2079 3664 anima
2096 3609 2149 3665 est
2165 3619 2220 3665 res
2237 3597 2393 3679 rationis,

917 3728 1101 3802 acceptum
1115 3715 1127 3750 ³
1141 3737 1224 3781 vero
1242 3716 1437 3781 secundum
1454 3735 1492 3779 se
1510 3725 1562 3780 est
1579 3735 1634 3779 res
1652 3714 1836 3780 essentiae.

1006 3832 1078 3898 Sed
1095 3843 1412 3916 quantamcumque
1436 3830 1715 3915 probabilitatem
1740 3830 1899 3896 videatur
1922 3852 2060 3896 sumere
2084 3829 2177 3897 dicta
2200 3829 2327 3916 positio
2352 3851 2395 3896 ex

917 3947 1017 4014 dictis
1042 3947 1229 4034 praedictis
1254 3959 1288 4012 et
1312 3946 1387 4011 aliis
1412 3946 1627 4026 Avicennae,
1653 3958 1770 4012 tamen
1794 3968 1867 4012 non
1890 3945 2027 4012 videtur
2051 3968 2129 4013 esse
2157 3946 2393 4014 necessarium

917 4065 1012 4148 quod
1040 4063 1179 4150 ponitur
1206 4085 1249 4128 eo
1278 4064 1384 4128 modo
1413 4076 1483 4147 quo
1506 4064 1612 4127 verba
1637 4062 1822 4146 positionis
1850 4084 1976 4128 sonare
2004 4062 2174 4144 videntur,
2201 4063 2282 4130 licet
2306 4063 2395 4129 forte

916 4181 1069 4246 habeant
1096 4181 1227 4245 bonum
1255 4179 1479 4244 intellectum.
1513 4178 1556 4243 Et
1588 4177 1692 4243 etiam
1724 4177 1917 4263 suppositis
1950 4177 2051 4244 dietis
2085 4178 2292 4246 Avicennae
2323 4200 2395 4245 non

1008 4458 1014 4486 ¹
1028 4454 1217 4509 sensibilibus
1230 4455 1261 4507 P.
1276 4487 1308 4493 —
1323 4455 1334 4486 ²
1347 4454 1467 4525 aliquod
1480 4453 1613 4522 istorum]
1627 4453 1757 4524 ipsorum
1773 4453 1893 4524 aliquod
1903 4454 1934 4506 P.
1948 4485 1982 4493 -
1993 4455 2004 4486 ⁸
2017 4463 2141 4525 accepta
2151 4454 2185 4522 V3
2196 4461 2350 4525 acceptam
2363 4453 2394 4508 P.

1007 4653 1046 4715 (l)
1067 4648 1152 4712 loia,
1171 4656 1254 4702 tract.
1273 4649 1307 4715 V,
1330 4666 1354 4702 c.
1376 4651 1389 4702 l
1411 4648 1473 4714 (fol.
1497 4651 1532 4701 86
1555 4648 1616 4717 Vb).
1636 4647 1749 4702 «Unde
1776 4647 1800 4701 si
1826 4646 1891 4717 quis
1918 4647 2144 4718 interrogaverit
2169 4665 2205 4702 an
2230 4647 2396 4703 humanitas

918 4756 993 4810 quae
1013 4746 1058 4792 est
1077 4737 1106 4791 in
1125 4738 1248 4792 Platone
1268 4756 1303 4790 ex
1324 4738 1381 4791 hoc
1401 4737 1479 4808 quod
1499 4746 1544 4790 cst
1566 4736 1731 4790 humanitas
1750 4736 1788 4790 sit
1807 4736 1864 4790 alia
1884 4737 1921 4790 ab
1941 4736 1991 4790 illa
2010 4754 2085 4808 quae
2105 4744 2150 4791 est
2172 4738 2201 4791 in
2223 4737 2347 4792 Socrate
2366 4744 2396 4791 et

917 4827 1084 4882 necessario
1105 4825 1262 4880 dixerimus
1276 4844 1342 4893 non,
1356 4844 1414 4879 non
1430 4827 1579 4897 oportebit
1598 4826 1764 4880 consentire
1784 4825 1812 4879 ei
1831 4834 1863 4879 ut
1879 4825 2010 4893 dicatur;
2030 4844 2101 4898 ergo
2121 4828 2194 4881 haec
2213 4835 2242 4881 et
2261 4826 2310 4880 illa
2329 4834 2396 4881 sunt

917 4932 975 4969 una
994 4932 1150 4969 numero...
1164 4913 1224 4968 Sed
1244 4914 1301 4968 hoc
1321 4914 1400 4984 quod
1420 4915 1484 4985 ipsa
1503 4922 1548 4967 est
1568 4913 1624 4967 alia
1644 4915 1681 4967 ab
1701 4914 1881 4967 humanitate
1897 4930 1972 4985 quae
1992 4914 2084 4967 estin
2104 4914 2228 4968 Socrate
2247 4913 2396 4986 quoddam

918 5003 1113 5058 extrinsecum
1133 5010 1185 5056 est.
1199 5022 1212 5053 a
1227 5035 1260 5042 -
1273 5006 1313 5069 (2)
1326 5002 1533 5055 Avicennae
1554 5001 1681 5072 Loge'cae
1701 5001 1852 5071 (Venetiis,
1865 5005 1941 5069 1508,
1951 5001 2002 5056 fol.
2017 5003 2105 5069 2Rb).
2127 5002 2305 5057 ‹Essentiae
2324 5018 2396 5056 vero

917 5108 1014 5145 rerum
1034 5098 1083 5144 aut
1102 5098 1169 5144 sunt
1188 5091 1217 5144 in
1237 5089 1308 5161 ipsis
1327 5091 1416 5143 rebus
1436 5098 1484 5142 aut
1504 5097 1571 5143 sunt
1591 5088 1618 5142 in
1638 5089 1798 5143 intellectu.
1819 5090 1904 5144 Unde
1923 5090 2033 5144 habent
2052 5098 2112 5145 tres
2131 5099 2293 5162 respectus,
2313 5092 2396 5147 Unus

917 5187 1071 5249 respectus
1091 5178 1238 5232 essentiae
1258 5185 1303 5231 est
1316 5177 1478 5231 secundum
1493 5177 1571 5248 quod
1591 5177 1655 5248 ipsa
1674 5187 1721 5231 est
1739 5194 1797 5232 non
1811 5179 1903 5232 relata
1924 5179 1961 5232 ad
1980 5178 2100 5249 aliquod
2119 5179 2236 5233 tertium
2255 5197 2322 5234 esse
2341 5196 2396 5234 nec

919 5266 999 5321 adid
1019 5266 1099 5337 quod
1112 5265 1244 5337 sequitur
1257 5283 1321 5318 eam
1336 5264 1497 5319 secundum
1517 5265 1597 5335 quod
1611 5267 1674 5336 ipsa
1689 5274 1734 5319 est
1747 5267 1798 5320 sic.
1818 5265 1902 5319 Alius
1916 5275 2068 5337 respectus
2083 5275 2129 5321 est
2141 5267 2302 5321 secundum
2318 5267 2396 5340 quod

918 5363 963 5409 est
982 5354 1011 5408 in
1030 5354 1076 5408 his
1094 5354 1292 5423 singularibus
1313 5362 1341 5407 et
1361 5353 1435 5406 alius
1455 5353 1616 5407 secundum
1635 5354 1714 5424 quod
1734 5364 1780 5407 est
1798 5354 1827 5407 in
1846 5353 2030 5408 intellectu.»
2052 5387 2085 5394 -
2105 5359 2144 5422 (3)
2165 5355 2396 5427 Metaphysieae,

918 5450 1002 5497 tract.
1013 5442 1047 5510 V,
1061 5459 1085 5496 c.
1100 5446 1114 5496 l
1128 5441 1190 5508 (sol.
1203 5443 1238 5495 87
1252 5442 1313 5506 Rb).
1331 5465 1342 5490 ε
1355 5441 1472 5494 Animal
1487 5459 1558 5511 ergo
1573 5450 1727 5513 acceptum
1742 5460 1808 5495 cum
1822 5441 2026 5496 accidentibus
2046 5442 2107 5496 suis
2122 5451 2168 5497 est
2181 5460 2228 5497 res
2247 5444 2397 5498 naturalis.

918 5530 1084 5602 Acceptum
1094 5547 1166 5583 vero
1177 5547 1231 5600 per
1245 5547 1277 5583 se
1288 5537 1333 5583 est
1346 5537 1450 5582 natura
1464 5528 1500 5582 de
1511 5546 1569 5599 qua
1582 5528 1688 5582 dieitur
1702 5529 1782 5600 quod
1792 5546 1858 5582 esse
1868 5528 1932 5582 eius
1944 5529 2022 5600 prius
2034 5539 2079 5584 est
2089 5547 2177 5601 quam
2188 5548 2254 5585 esse
2264 5532 2397 5586 naturale

918 5618 995 5672 sicut
1008 5617 1132 5689 simplex
1147 5617 1228 5688 prius
1241 5625 1287 5671 est
1300 5617 1465 5687 composito
1480 5624 1509 5669 et
1522 5617 1578 5670 hoc
1592 5625 1637 5669 est
1658 5616 1740 5670 cuius
1754 5633 1820 5670 esse
1833 5618 1952 5689 proprie
1966 5615 2072 5671 dicitur
2089 5617 2219 5671 divinum
2239 5635 2307 5673 esse
2326 5636 2397 5690 quo·

918 5706 997 5759 niam
1017 5722 1107 5759 causa
1128 5705 1172 5758 sui
1192 5722 1258 5759 esse
1279 5723 1315 5758 ex
1334 5705 1390 5758 hoc
1411 5703 1490 5774 quod
1510 5711 1555 5757 est
1575 5704 1681 5757 animal
1701 5712 1746 5758 est
1766 5704 1819 5757 Dei
1841 5703 2010 5758 intentione.
2031 5706 2130 5775 Ipsum
2153 5723 2224 5759 vero
2245 5723 2312 5760 esse
2331 5724 2398 5761 cum

918 5792 1042 5847 materia
1052 5801 1083 5846 et
1096 5791 1298 5846 accidentibus
1309 5800 1339 5844 et
1350 5792 1444 5862 ipsum
1456 5808 1522 5844 esse
1533 5793 1589 5845 hoc
1599 5790 1783 5844 individuum
1794 5791 1927 5862 quamvis
1937 5792 1976 5846 sit
1986 5791 2085 5846 divina
2096 5792 2219 5848 intentio
2231 5793 2399 5849 attribuitur

919 5888 1018 5934 tamen
1030 5888 1152 5934 naturae
1171 5879 1348 5951 particulari.
1366 5878 1452 5933 Unde
1465 5878 1540 5933 sicut
1555 5878 1661 5932 animal
1681 5880 1709 5932 in
1729 5897 1796 5933 esse
1815 5880 1905 5933 habet
1923 5880 2022 5950 plures
2041 5880 2147 5935 modos
2167 5882 2210 5936 sic
2226 5882 2314 5935 etiarn
2328 5882 2397 5936 etin

919 5967 1078 6022 intellectu.
1090 5968 1122 6021 ln
1136 5968 1286 6022 intellectu
1300 5966 1408 6021 etenim
1419 5974 1463 6020 est
1476 5965 1570 6020 forma
1584 5966 1717 6020 animalis
1732 5968 1880 6021 abstracta
1893 5967 2053 6021 secundum
2067 5968 2296 6023 abstractionem
2310 5987 2397 6041 quam

919 6057 1118 6130 praediximus
1132 6065 1162 6111 et
1181 6056 1288 6112 dicitur
1306 6055 1402 6129 ipsum
1422 6056 1479 6110 hoc
1497 6055 1586 6110 modo
1606 6055 1701 6110 forma
1721 6055 1949 6128 intelligibilis.»
2347 6061 2349 6063 ’
