6700 7992
879 5319 981 5374 cmv

843 5391 892 5446 fol.
907 5395 960 5447 285
974 5393 1014 5445 va

1406 1428 1597 1486 itacismi
1626 1426 1847 1485 consenior
1877 1431 1928 1485 m:
1957 1414 2155 1486 sommus

1130 1612 1256 1677 Dicere
1292 1633 1376 1699 crgo
1413 1612 1508 1696 quod
1544 1609 1715 1697 principia
1750 1610 1949 1697 theologiae
1988 1612 2041 1677 vel
2075 1609 2326 1696 cuiuscumque
2351 1611 2518 1678 scientiae

1040 1728 1073 1792 in
1108 1728 1184 1813 ipsa
1216 1728 1395 1815 theologia
1426 1727 1499 1791 sive
1535 1729 1629 1813 apud
1664 1728 1758 1792 illum
1791 1727 1848 1812 qui
1883 1727 2007 1792 dicitur
2042 1749 2121 1792 esse
2153 1727 2268 1792 sciens
2305 1728 2516 1816 theologiam

1040 1855 1121 1908 sunt
1146 1845 1257 1908 solum
1288 1823 1419 1909 credita
1448 1855 1481 1908 et
1505 1865 1577 1908 non
1603 1843 1689 1908 scita
1713 1844 1767 1908 vel
1793 1843 1966 1909 intellecta
1995 1854 2028 1908 et
2056 1843 2107 1908 sic
2135 1845 2247 1908 solum
2277 1843 2518 1909 certitudinem

1040 1959 1264 2024 adhaesionis
1294 1959 1469 2037 babentia,
1504 1970 1537 2024 et
1568 1971 1685 2025 tamen
1717 1958 1870 2025 efficiunt
1902 1958 2142 2025 certitudinem
2172 1959 2339 2025 scientiae
2370 1960 2405 2025 in
2437 1981 2519 2026 con·

1040 2075 1256 2140 clusionibus
1289 2097 1331 2140 ex
1355 2075 1440 2160 ipsis
1466 2075 1598 2156 elicitis
1623 2087 1676 2141 est
1709 2074 1825 2141 dicere
1860 2076 1955 2159 quod
1981 2075 2228 2143 conclusiones
2263 2076 2332 2141 sint
2363 2076 2518 2142 notiores

1039 2191 1229 2276 principiis,
1265 2191 1397 2256 scilicet
1435 2191 1609 2276 duplicem
1647 2191 1888 2257 certitudinem
1924 2193 2105 2271 habentes,
2138 2213 2216 2256 cum
2253 2191 2423 2278 principia
2447 2216 2518 2258 non

1040 2308 1193 2373 habeant
1216 2307 1282 2371 nisi
1307 2330 1422 2372 unam.
1449 2307 1491 2372 Et
1515 2309 1584 2373 hoc
1608 2318 1662 2372 est
1686 2307 1803 2373 dicere
1828 2307 2097 2373 contradictoria
2122 2319 2155 2373 et
2180 2308 2323 2373 multum
2348 2309 2519 2396 derogare

1039 2444 1160 2488 sacrae
1195 2423 1395 2511 theologiae
1420 2435 1453 2488 et
1477 2422 1681 2488 doctoribus
1706 2423 1825 2509 ipsius,
1852 2425 1940 2488 tales
1971 2423 2131 2489 fictiones
2163 2424 2207 2488 de
2239 2424 2315 2510 ipsa
2342 2425 2519 2513 theologia

1040 2540 1303 2604 attractantibus
1328 2539 1439 2625 ipsam
1465 2541 1660 2625 propalare.

1129 2655 1247 2721 Simile
1288 2669 1402 2720 autem
1443 2656 1537 2740 quod
1578 2654 1809 2721 introducitur
1848 2656 1882 2720 in
1922 2668 2129 2743 argumento
2177 2678 2248 2721 non
2297 2658 2398 2737 valet,
2438 2657 2519 2741 quia

1040 2772 1155 2835 nullus
1180 2793 1287 2836 sanae
1312 2771 1437 2836 mentis
1461 2771 1620 2858 intelligit
1644 2773 1739 2856 quod
1764 2771 1911 2837 scientia
1934 2772 2170 2837 subalternata
2202 2772 2245 2837 sit
2269 2794 2350 2838 vere
2375 2772 2520 2839 scientia

1040 2899 1073 2952 et
1098 2888 1209 2952 solum
1235 2889 1279 2953 de
1303 2887 1376 2951 suis
1413 2887 1591 2973 principiis
1615 2889 1743 2953 habeat
1778 2887 1979 2972 opinionem
2011 2887 2214 2973 recipiendo
2250 2910 2292 2953 ea
2323 2911 2343 2952 a
2374 2889 2520 2954 scientia

1040 3004 1218 3088 superiore
1243 3015 1277 3069 et
1299 3004 1348 3069 eis
1365 3004 1470 3069 fidem
1495 3003 1672 3088 opinatam
1698 3004 1910 3084 adhibendo,
1936 3025 1978 3069 eo
2004 3005 2100 3089 quod
2124 3025 2145 3068 a
2169 3004 2328 3089 sapiente
2352 3004 2519 3071 scientiae

1040 3119 1228 3205 superioris
1268 3132 1349 3185 sunt
1387 3131 1469 3185 nota
1509 3132 1542 3185 et
1581 3119 1716 3200 tradita,
1755 3119 1919 3204 quoniam
1963 3119 2129 3204 quicquid
2170 3143 2213 3186 ex
2251 3120 2430 3207 principiis
2469 3121 2520 3187 sic

1040 3237 1191 3321 opinatis
1230 3238 1284 3300 vel
1315 3236 1447 3301 traditis
1479 3236 1670 3317 eliceretur,
1712 3257 1790 3301 cum
1823 3259 1895 3300 non
1926 3237 2070 3301 haberet
2101 3236 2343 3302 certitudinem
2382 3236 2449 3302 nisi
2484 3237 2519 3302 in

1040 3365 1206 3436 quantum
1232 3351 1265 3416 in
1291 3352 1346 3416 illa
1371 3351 1541 3437 principia
1565 3352 1798 3432 reduceretur,
1824 3353 1937 3416 solum
1955 3365 2048 3417 esset
2068 3353 2236 3418 creditum
2261 3354 2315 3418 vel
2339 3352 2519 3438 opinatum

1040 3468 1141 3534 etiam
1167 3469 1315 3533 debilius
1340 3491 1442 3552 quam
1469 3468 1545 3553 ipsa
1562 3467 1742 3554 principia.
1762 3469 1810 3532 lta
1828 3489 1912 3555 ergo
1934 3480 1966 3533 et
1986 3468 2021 3533 in
2045 3468 2224 3556 theologia
2248 3480 2310 3535 est.
2341 3469 2519 3552 Quoniam

1039 3583 1209 3670 principia
1236 3583 1436 3671 theologiae
1461 3594 1541 3649 sunt
1565 3583 1757 3650 certissima
1782 3584 1817 3649 in
1842 3606 1905 3648 sua
1929 3583 2072 3649 veritate
2101 3595 2135 3649 et
2159 3585 2359 3649 ealditntztfl
2385 3586 2461 3650 Deo
2486 3595 2520 3650 et

1038 3700 1159 3781 beatis
1192 3701 1272 3766 ideo
1305 3700 1406 3765 etiam
1439 3701 1473 3764 in
1507 3711 1673 3784 quantum
1706 3701 1860 3766 revelata
1893 3712 1974 3766 sunt
2013 3702 2056 3765 ab
2089 3700 2153 3765 illis
2188 3702 2386 3767 creduntur.
2420 3701 2519 3768 Sicut

1039 3817 1130 3882 enim
1171 3816 1357 3882 auctoritas
1395 3818 1547 3881 humana
1589 3816 1671 3882 facit
1711 3815 1912 3902 opinionem
1952 3838 2042 3901 quae
2093 3827 2146 3882 est
2184 3817 2323 3882 habitus
2373 3830 2519 3903 utraque

1039 3932 1244 3999 certitudine
1280 3954 1413 4013 carens,
1449 3932 1495 3997 ita
1530 3933 1718 3998 auctoritas
1755 3932 1871 3998 divina
1904 3933 1986 3999 facit
2021 3933 2125 3998 fidem
2164 3955 2253 4018 quae
2292 3945 2345 3999 est
2379 3933 2518 3999 habitus

1039 4049 1279 4115 certitudinem
1304 4048 1527 4114 adhaesionis
1551 4050 1697 4113 liabens
1723 4049 1795 4114 Sed
1827 4049 1911 4134 quid
1947 4050 2092 4134 prodest
2127 4049 2237 4115 utenti
2268 4050 2395 4115 talibus
2428 4050 2517 4135 prin·

1039 4165 1137 4250 cipiis
1162 4165 1212 4230 sic
1237 4167 1348 4230 solum
1374 4167 1418 4229 ab
1443 4165 1520 4250 ipso
1545 4164 1684 4230 creditis
1709 4177 1742 4230 et
1771 4165 2018 4231 conclusiones
2050 4187 2092 4230 ex
2125 4165 2208 4251 ipsis
2241 4166 2447 4250 elicienti[s],
2472 4167 2516 4231 ad

1037 4284 1105 4347 hoc
1130 4283 1225 4365 quod
1250 4281 1490 4346 certitudinem
1524 4280 1719 4346 evidentiae
1750 4282 1877 4346 lrabeat
1908 4283 1952 4347 de
1984 4282 2184 4347 huiusmodi
2216 4282 2515 4361 conclusionibus,

1037 4399 1132 4482 quod
1156 4397 1247 4462 beati
1273 4398 1316 4462 de
1341 4397 1426 4482 ipsis
1458 4396 1636 4482 principiis
1672 4399 1826 4462 habeant
1858 4397 2098 4463 certitudinem
2135 4398 2331 4463 evidentiae
2356 4410 2389 4464 et
2421 4400 2517 4483 quod

1037 4515 1113 4599 ipsa
1137 4515 1332 4579 secundum
1357 4535 1394 4578 se
1425 4524 1506 4578 sunt
1538 4512 1713 4578 evidentia
1738 4524 1772 4578 et
1796 4515 1915 4578 certa?
1952 4515 2031 4579 Hoc
2067 4513 2158 4579 enim
2195 4515 2279 4578 nihil
2304 4516 2447 4600 prodest
2472 4516 2517 4580 ad

1037 4629 1281 4695 certitudinem·
1303 4629 1500 4694 evidentiae
1532 4651 1622 4712 quae
1648 4629 1806 4694 consistit
1831 4629 1865 4694 in
1901 4629 2053 4695 evidenti
2089 4630 2373 4716 apprehensione
2408 4631 2457 4696 rei
2481 4630 2515 4696 in

1037 4770 1074 4809 se
1099 4747 1153 4809 vel
1178 4745 1210 4809 iu
1249 4767 1312 4809 sua
1343 4766 1450 4809 causa
1482 4746 1533 4809 vel
1567 4745 1694 4810 effectu
1727 4757 1761 4810 et
1793 4757 1918 4826 cetera,
1951 4747 2014 4811 sed
2047 4748 2160 4811 solum
2196 4748 2240 4811 ad
2276 4746 2516 4813 certitudinem

1036 4861 1260 4927 adhaesionis
1293 4883 1382 4946 quae
1417 4861 1576 4926 consistit
1600 4861 1633 4925 in
1670 4862 1885 4942 auctoritate,
1911 4862 2000 4926 sicut
2033 4863 2065 4926 in
2103 4862 2248 4928 scientia
2281 4864 2517 4929 subalternata

1036 4990 1138 5052 esset,
1164 4977 1192 5042 si
1230 4976 1397 5063 principia
1423 4976 1510 5041 illius
1534 4979 1645 5042 solum
1679 4991 1798 5043 essent
1830 4979 1973 5061 cognita
2001 4977 2083 5062 quia
2111 5001 2130 5042 a
2160 4978 2340 5063 superiore
2372 4978 2517 5045 scientia

1035 5092 1168 5157 tradita.
1194 5091 1342 5176 Oportet
1367 5113 1451 5173 ergo
1476 5090 1646 5176 principia
1670 5091 1836 5156 scientiae
1864 5093 2121 5156 subalternatae
2150 5114 2229 5157 esse
2257 5103 2351 5157 certa
2377 5093 2515 5157 certitu·

1036 5207 1117 5272 dine
1147 5207 1352 5286 evidentiae,
1381 5208 1425 5271 ad
1453 5209 1522 5272 hoc
1554 5207 1648 5291 quod
1682 5230 1724 5272 ex
1756 5207 1840 5292 ipsis
1871 5207 2069 5292 acquiratur
2096 5207 2241 5272 scientia
2275 5208 2515 5273 conclusionis

1037 5346 1078 5389 ex
1107 5323 1190 5409 ipsis
1220 5323 1364 5389 elicitae.
1398 5326 1402 5407 l

1125 5439 1196 5504 Sed
1229 5439 1357 5524 duplex
1392 5450 1444 5503 est
1476 5438 1642 5521 cognitio,
1673 5437 1805 5505 scilicet
1835 5439 1915 5523 quia
1948 5450 2000 5505 est
2031 5450 2064 5504 et
2095 5453 2237 5526 propter
2269 5440 2362 5525 quid.
2387 5441 2515 5507 Verum

1036 5567 1089 5621 est
1113 5557 1208 5639 quod
1241 5554 1443 5638 cognitione
1468 5555 1547 5639 quia
1575 5567 1628 5620 est
1660 5566 1808 5640 possunt
1836 5567 1870 5620 et
1898 5557 2028 5621 debent
2058 5577 2137 5621 esse
2169 5569 2264 5623 certa
2296 5555 2330 5620 in
2370 5555 2516 5622 scientia

1035 5673 1280 5750 subalternata,
1314 5671 1395 5755 quia
1424 5670 1500 5735 talis
1534 5672 1624 5736 bene
1658 5672 1806 5737 habetur
1839 5671 1941 5737 etiam
1976 5693 2018 5737 ex
2049 5671 2222 5757 aliquibus
2254 5672 2514 5758 posterioribus

1036 5799 1073 5853 ut
1106 5810 1147 5853 ex
1177 5787 1359 5853 effectibus
1395 5797 1429 5851 et
1460 5786 1659 5851 huiusmodi
1692 5786 1794 5853 etiam
1830 5786 1864 5851 in
1901 5787 2064 5854 inferiore
2096 5787 2242 5853 scientia
2272 5788 2344 5854 sive
2379 5800 2515 5874 praeter

1129 6053 1329 6110 'mmmb
