6700 7992
1197 1438 1348 1493 PRIMUM
1378 1437 1678 1509 QUODLIBETUM,
1707 1436 1743 1506 Q.
1772 1434 1798 1488 ll

1348 1900 1588 1984 Quaestio
1614 1901 1650 1964 n.

815 2102 959 2178 Utrum
992 2098 1168 2198 operatio
1200 2124 1281 2200 qua
1314 2098 1428 2172 Deus
1461 2096 1657 2198 iustificat
1689 2096 1861 2195 impium
1893 2095 1948 2170 sit
1973 2095 2194 2197 perfectior

1160 2231 1336 2330 operatio
1369 2231 1450 2306 Dei
1481 2231 1593 2305 circa
1626 2234 1847 2305 creaturas.

850 2535 1016 2601 Secundo
1044 2535 1276 2618 quaerebatur
1302 2544 1417 2597 utrum
1445 2530 1603 2617 operatio
1628 2552 1698 2615 qua
1722 2531 1820 2596 Deus
1844 2530 2006 2596 iustificat
2030 2531 2173 2618 impium
2198 2533 2241 2599 sit
2306 2614 2314 2625 1

759 2649 947 2737 perfectior
971 2648 1129 2735 operatio
1154 2647 1221 2714 Dei
1244 2647 1337 2714 circa
1360 2658 1546 2726 creaturas
1576 2659 1609 2711 et
1633 2647 1845 2733 arguebatur
1876 2648 1880 2729 (
1912 2648 2008 2731 quod
2036 2669 2118 2712 non.
2148 2648 2241 2731 Quia
2262 2595 2436 2729 foleqqsspr

759 2767 816 2830 illa
833 2764 990 2852 operatio
1008 2785 1070 2850 per
1086 2786 1189 2849 quam
1206 2762 1393 2848 aequiritur
1410 2762 1511 2828 alicui
1527 2761 1638 2850 gratia
1655 2773 1898 2827 consummata
1916 2775 1949 2827 et
1972 2762 2242 2830 inamissibiliter
2283 2845 2289 2856 ¹

761 2892 814 2948 est
836 2879 1025 2966 perfectior
1048 2900 1152 2963 quam
1176 2878 1232 2943 illa
1256 2900 1318 2964 per
1342 2900 1445 2963 quam
1470 2877 1657 2962 acquiritur
1683 2877 1795 2965 gratia
1818 2877 2021 2962 imperfecta
2046 2890 2080 2944 et
2108 2880 2240 2946 amissi·

760 2996 881 3061 biliter.
911 2995 1008 3061 Sed¹
1036 3017 1099 3079 per
1125 2993 1412 3082 glorificationem
1440 2993 1520 3058 iusti
1548 2992 1736 3077 acquiritur
1767 2992 1858 3058 iusto
1886 2993 1997 3081 gloria
2025 2994 2099 3060 sive
2127 2997 2239 3083 gratia

761 3121 1003 3177 consummata
1033 3109 1317 3190 inamissibiliter,
1351 3131 1414 3194 per
1444 3107 1725 3174 iustificationem
1762 3108 1857 3193 impii
1889 3109 2077 3195 acquiritur
2111 3111 2240 3178 iniusto

760 3227 872 3315 gratia
889 3227 1092 3312 imperfecta
1116 3224 1355 3290 amissibiliter.
1374 3224 1468 3312 Ergo
1484 3223 1691 3311 glorificatio
1709 3223 1789 3289 iusti
1806 3236 1859 3289 est
1875 3226 2062 3310 perfectior
2083 3229 2240 3312 operatio

761 3364 865 3427 quam
890 3341 1087 3408 iustificatio
1112 3340 1208 3426 impii
1223 3340 1242 3405 ².

850 3458 990 3524 Contra.
1005 3456 1139 3522 Dicitur
1151 3456 1186 3521 in
1201 3454 1346 3521 Psalmis
1360 3479 1367 3519 ε
1381 3458 1625 3520 miserationes
1637 3456 1713 3520 eius
1724 3462 1832 3539 super
1844 3457 1963 3520 omnia
1976 3463 2081 3540 opera
2095 3460 2194 3543 cius(
2217 3464 2239 3543 ).

761 3575 832 3641 Sed
849 3573 1046 3639 miserando
1063 3574 1160 3638 Deus
1177 3583 1340 3658 operatur
1355 3569 1636 3637 iustificationem
1653 3570 1758 3656 impii.
1777 3571 1896 3654 Quare
1914 3584 1948 3637 et
1965 3585 2090 3638 cetera.

850 3690 892 3754 Et
920 3688 1140 3777 Augustinus
1164 3691 1210 3773 (2)
1239 3708 1345 3772 super
1367 3686 1452 3751 illud
1477 3686 1642 3752 Iohannis
1671 3689 1718 3769 (3)
1748 3686 1885 3753 decimo
1912 3699 2038 3771 quarto
2066 3712 2073 3752 :
2103 3692 2242 3756 maiora

669 3876 672 3881 ¹
761 3807 887 3870 horum
896 3805 1011 3890 saciet
1035 3816 1069 3869 et
1092 3815 1217 3882 cetera,
1235 3802 1318 3868 dicit
1342 3802 1438 3886 quod
1455 3801 1566 3866 maius
1584 3813 1636 3866 est
1653 3801 1772 3887 opus⁸
1794 3813 1831 3867 ut
1855 3823 1897 3868 ex
1921 3801 2028 3888 impio
2053 3805 2112 3870 fiat
2130 3805 2241 3871 iustus

761 3942 863 4005 quam
889 3941 1008 3986 creare
1025 3920 1160 3985 caelum
1178 3930 1212 3984 et
1227 3930 1363 3984 terram.

850 4036 1064 4121 Respondeo
1082 4035 1269 4100 dicendum
1295 4035 1390 4118 quod
1415 4033 1551 4099 ratione
1568 4033 1714 4099 alicuius
1731 4055 1774 4098 ex
1790 4045 1888 4118 parte
1911 4034 1977 4101 Dei
1994 4037 2242 4103 considerandi

761 4174 834 4217 non
851 4162 967 4237 potest
991 4151 1059 4216 dici
1077 4173 1147 4215 una
1171 4149 1329 4236 operatio
1353 4149 1420 4215 Dei
1437 4148 1624 4234 perfectior
1640 4148 1716 4229 alia,
1733 4148 1841 4232 quia⁴
1866 4150 1957 4215 enim
1982 4151 2079 4217 Deus
2097 4164 2131 4218 et
2147 4154 2242 4239 quic-

762 4267 844 4352 quid
862 4278 915 4333 est
930 4265 993 4331 in⁵
1015 4266 1093 4351 ipso
1117 4277 1279 4351 respectu
1304 4263 1509 4331 creaturae⁶
1532 4275 1586 4330 est
1610 4264 1752 4329 unicum
1770 4277 1803 4330 et
1819 4265 1975 4351 simplex,
1993 4266 2040 4332 ita
2056 4270 2151 4351 quod
2168 4291 2240 4335 non

763 4396 815 4448 est
842 4382 877 4447 in
906 4382 983 4468 ipso
1012 4382 1172 4466 accipere
1201 4381 1336 4466 aliquos
1363 4382 1494 4469 gradus
1523 4381 1718 4446 secundum
1746 4380 1935 4465 perfectius
1964 4393 1998 4447 et
2025 4383 2139 4448 minus
2164 4407 2242 4470 per-

760 4499 899 4563 fectum.
927 4498 1011 4563 Ideo
1039 4497 1142 4563 etiam
1167 4496 1291 4562 dicitur
1314 4497 1410 4581 quod
1438 4497 1536 4562 Deus
1565 4495 1781 4561 uniformiter
1804 4517 1842 4560 se
1866 4498 1973 4562 habet
1997 4499 2042 4563 ad
2066 4521 2133 4578 reS,
2158 4500 2242 4568 licet

761 4635 834 4679 non
859 4634 878 4679 e
903 4634 1097 4692 convers03
1124 4652 1165 4660 —
1190 4611 1280 4677 sicut
1296 4611 1398 4677 etiam
1423 4611 1547 4677 dicitur
1563 4612 1658 4695 quod
1684 4610 1892 4696 accipiendo
1916 4613 2156 4697 operationem
2175 4617 2241 4682 Dei

712 4767 716 4773 ·
761 4751 826 4815 pro
843 4728 920 4813 ipsa
936 4728 1140 4813 operatione
1157 4738 1336 4812 operante,
1353 4738 1391 4792 ut
1408 4725 1454 4791 ita
1471 4725 1574 4792 liceat
1590 4725 1696 4810 loqui,
1713 4727 1842 4791 nullam
1860 4727 2095 4795 diversitatem
2112 4732 2240 4797 realem

763 4844 798 4908 in
822 4843 878 4908 illa
903 4855 956 4909 est
980 4843 1141 4928 accipere
1165 4856 1328 4929 respectu
1353 4851 1544 4922 creaturae,
1569 4843 1632 4907 sed
1657 4841 1817 4907 ratione⁷
1833 4864 1953 4908 eorum
1978 4866 2068 4929 quae
2086 4868 2127 4911 ex
2143 4859 2241 4931 parte

854 5131 861 5159 ¹
885 5145 939 5181 om.
962 5128 993 5181 P.
1017 5159 1050 5166 -
1074 5125 1273 5180 ³iustificati0
1295 5124 1386 5197 impii]
1406 5125 1488 5197 impii
1507 5124 1677 5179 iustificatio
1697 5126 1728 5180 P.
1748 5157 1782 5165 —
1795 5127 1812 5159 '⁸
1829 5136 1874 5181 est
1892 5131 1978 5199 opus]
1998 5147 2073 5200 opus
2092 5139 2137 5185 est
2156 5131 2187 5186 P.
2207 5165 2242 5172 -

763 5219 772 5248 ⁴
787 5232 933 5287 quamque
948 5216 979 5269 P.
993 5246 1027 5254 -
1042 5216 1052 5246 ⁵
1065 5214 1161 5283 estin]
1175 5213 1252 5268 inest
1265 5214 1295 5268 P.
1311 5246 1344 5252 —
1359 5215 1504 5268 ⁸naturae
1517 5213 1548 5268 P.
1568 5246 1601 5252 —
1617 5213 1781 5268 'rationem
1798 5224 1935 5286 respectu
1949 5217 1980 5270 P.

852 5422 891 5483 (lt
914 5420 961 5474 Ps.
985 5419 1112 5485 CXLIV,
1133 5423 1159 5473 9.
1182 5450 1215 5457 —
1238 5422 1278 5484 (at
1301 5416 1494 5488 Augustini
1517 5418 1555 5470 In
1569 5418 1720 5489 Joltanuis
1741 5418 1943 5490 Evangelium
1966 5425 2114 5474 tractulus
2133 5424 2239 5477 LXXII

764 5507 821 5573 ted.
836 5507 943 5577 Migne,
957 5507 987 5560 P.
1002 5508 1042 5573 L.,
1057 5516 1076 5560 t.
1090 5510 1133 5591 βξ),
1148 5507 1202 5560 col.
1218 5508 1306 5570 1823).
1363 5526 1374 5554 r
1387 5505 1465 5558 Audi
1483 5523 1554 5576 ergo
1568 5505 1624 5558 iam
1645 5514 1675 5559 et
1688 5504 1828 5576 intellige,
1843 5507 1907 5574 Qui
1924 5509 2019 5561 credit
2037 5510 2070 5562 in
2082 5529 2136 5574 me,
2150 5517 2240 5582 opera

762 5612 839 5665 quae
858 5613 912 5666 ego
920 5592 1016 5663 facio,
1029 5598 1057 5646 ef
1070 5595 1131 5664 ipse
1138 5592 1236 5663 saciet
1249 5610 1258 5645 :
1273 5592 1354 5664 prius
1368 5610 1425 5664 ego
1439 5592 1527 5659 facio,
1540 5592 1647 5646 deinde
1667 5601 1697 5646 et
1712 5592 1775 5663 ipse
1788 5591 1895 5662 faciet,
1909 5595 1977 5666 quia
1996 5595 2074 5650 facio
2092 5606 2122 5651 ut
2142 5598 2239 5654 faciat.

763 5682 848 5752 Quae
868 5698 968 5753 opera,
990 5681 1046 5736 nisi
1065 5691 1096 5735 ut
1119 5700 1154 5735 ex
1177 5681 1267 5753 impio
1287 5681 1380 5735 iustus
1399 5680 1458 5734 fiat.
1485 5681 1526 5733 Et
1546 5680 1665 5733 maiora
1684 5680 1790 5733 horum
1804 5680 1910 5750 societ.
1932 5683 2072 5754 Quorum,
2092 5687 2241 5743 obsecro?

763 5769 981 5840 Numquidnam
994 5769 1122 5823 omnium
1137 5787 1257 5840 operum
1273 5768 1380 5823 Christi
1394 5767 1505 5822 maiora
1520 5767 1599 5834 facit,
1611 5767 1659 5838 qui
1674 5785 1740 5821 cum
1754 5767 1859 5823 timore
1873 5778 1902 5823 et
1915 5779 2041 5825 tremore
2054 5791 2137 5827 suam
2148 5774 2240 5846 ipsius

762 5858 887 5911 salutem
901 5866 1040 5929 operatur
1054 5857 1204 5927 (Philipp,
1214 5858 1320 5924 11‚12t?
1334 5856 1422 5927 Quod
1436 5855 1537 5926 utique
1551 5854 1580 5908 in
1593 5855 1652 5922 illo,
1665 5855 1719 5908 sed
1732 5873 1791 5909 non
1805 5856 1868 5910 sine
1882 5856 1932 5911 illo
1947 5858 2079 5914 Christus
2093 5872 2240 5932 operatur.

763 5945 887 5999 Prorsus
906 5944 999 5999 maius
1018 5945 1074 5999 hoc
1094 5962 1160 5998 esse
1180 5944 1311 6012 dixerim,
1331 5962 1417 6015 quam
1437 5952 1483 5998 est
1501 5944 1614 5997 caelum
1635 5951 1665 5996 et
1678 5950 1763 6009 terra,
1783 5952 1812 5997 et
1826 5962 2029 6018 quaecumque
2043 5960 2198 6004 cernantur
2211 5951 2239 6005 in

764 6032 847 6087 caelo
862 6041 892 6087 et
905 6033 933 6086 in
946 6041 1032 6087 terra.
1046 6054 1057 6081 u
1073 6064 1106 6071 -
1121 6035 1159 6097 (3)
1175 6032 1294 6104 Evang.
1307 6032 1470 6086 secundum
1479 6031 1557 6103 Joh,
1570 6030 1647 6098 XIV,
1663 6033 1703 6084 12.
