6700 7992
1451 1415 1642 1471 MAGISTRI
1667 1416 1892 1471 GODEFRIDI
1921 1417 1973 1470 DE
2002 1416 2200 1472 FONTIBUS

1644 1833 2005 1903 Quaesruixx

1742 1991 1904 2047 (BREVISJ.

1140 2182 1249 2237 Utrum
1271 2181 1429 2254 religiosus
1450 2186 1589 2235 teneatur
1609 2183 1740 2236 revelare
1758 2187 1901 2236 secretum
1922 2181 2110 2234 commissum
2125 2179 2203 2251 fidei
2220 2197 2294 2234 suae
2311 2179 2358 2234 vel
2370 2183 2527 2250 peccalum

1287 2280 1432 2333 occultum
1448 2280 1586 2351 proximi
1598 2282 1738 2352 praelato
1758 2282 1845 2334 talem
1865 2279 2077 2333 revelationem
2093 2278 2357 2350 praecipientiss).

924 2578 1029 2633 code
1173 2547 1221 2600 Ad
1247 2557 1381 2619 quartum
1408 2548 1450 2601 sic
1476 2547 1654 2619 proceditur,
1680 2557 1708 2602 et
1735 2549 1865 2618 arguitur
1892 2547 1971 2618 quod
1997 2547 2153 2617 religiosus
2175 2555 2309 2601 teneatur
2328 2548 2459 2602 revelare
2479 2565 2563 2619 prae·

888 2649 939 2703 iol.
955 2654 1003 2704 101
1021 2650 1062 2704 Ra
1084 2645 1193 2700 dictum
1219 2654 1364 2699 secretum
1391 2647 1436 2699 vel
1469 2650 1646 2716 peccatum¹
1679 2646 1825 2700 occultum
1855 2646 1988 2717 praelato
2022 2644 2223 2716 praecipienti.
2255 2645 2333 2717 Quia
2357 2653 2474 2700 tenetur
2501 2649 2505 2713 1
2534 2645 2561 2700 ei

1083 2743 1225 2797 oboedire
1263 2744 1292 2796 in
1323 2744 1367 2796 his
1398 2762 1474 2814 quae
1504 2744 1652 2815 pertinent
1691 2745 1729 2797 ad
1760 2746 1868 2797 bonum
1906 2743 2031 2815 proximi
2063 2751 2093 2797 et
2133 2744 2242 2797 bonum
2284 2743 2501 2798 communitatis
2532 2752 2561 2798 et

1082 2860 1205 2913 quorum
1219 2842 1388 2912 oppositum
1409 2841 1487 2895 cedit
1507 2841 1535 2895 in
1554 2842 1670 2896 malum.
1685 2842 1744 2896 Sed
1767 2841 1898 2895 revelare
1919 2842 1976 2895 tale
1996 2850 2142 2895 secretum
2165 2841 2299 2912 praelato
2320 2850 2365 2895 est
2384 2840 2559 2905 huiusmodi,

1082 2940 1149 3011 quia
1169 2947 1270 3008 posset
1290 2957 1343 3010 per
1361 2941 1523 3010 praelatum
1544 2939 1660 3011 corrigi.
1681 2941 1759 3010 Ergo
1779 2949 1807 2993 et
1828 2951 1934 2993 cetera.

1171 3038 1289 3091 Contra.
1310 3038 1462 3091 Praelatus
1481 3056 1539 3091 non
1558 3039 1647 3091 habet
1667 3038 1704 3091 de
1727 3037 1998 3109 secretisjudieare
2021 3048 2102 3091 extra
2126 3037 2221 3091 forum
2244 3036 2453 3107 poenitentiae.
2481 3038 2558 3108 Ergo

1081 3155 1139 3191 non
1160 3145 1204 3189 est
1218 3136 1415 3189 necessarium
1436 3136 1569 3189 revelare
1588 3136 1614 3189 ei
1636 3136 1704 3190 talia
1725 3144 1806 3189 extra
1827 3135 1920 3189 lorum
1940 3135 2151 3206 poenitentiae.

1170 3233 1347 3304 Respondeo
1367 3233 1522 3287 dicendum
1544 3233 1624 3304 quod
1637 3234 1733 3287 nullus
1747 3242 1862 3287 tenetur
1880 3234 2012 3304 praelato
2032 3228 2164 3286 revelare
2177 3241 2324 3287 secretum
2337 3232 2385 3286 vel
2404 3240 2559 3304 peccatum

1081 3333 1227 3386 occultum
1260 3330 1356 3385 fratris
1388 3332 1501 3385 ratione
1533 3330 1743 3403 cuiuscumque
1775 3331 1925 3402 praecepti
1959 3330 2037 3401 quod
2069 3331 2219 3402 praelatus
2244 3328 2356 3384 faceret
2380 3346 2469 3402 super
2494 3331 2559 3397 hoc,

896 3413 1049 3538 ffffflffia
1080 3429 1149 3483 licet
1178 3434 1181 3497 l
1211 3429 1411 3501 quandoque²
1431 3438 1564 3483 teneatur
1583 3430 1664 3483 hoc³
1691 3429 1824 3483 revelare
1846 3430 1979 3500 praelato
1998 3438 2030 3481 ut
2052 3430 2130 3482 bono
2154 3427 2272 3491 homini,
2295 3445 2354 3482 non
2375 3435 2407 3482 ut
2427 3428 2559 3500 praelato

909 3486 1033 3539 0'53V
1082 3536 1111 3581 et
1137 3528 1193 3582 hoc
1220 3535 1340 3598 propter
1365 3527 1541 3581 caritatem¹
1569 3544 1628 3581 non
1652 3536 1775 3598 propter
1800 3536 1991 3599 praeceptum
2017 3526 2150 3597 praelati,
2171 3526 2239 3596 quia
2265 3525 2414 3597 praelatus
2442 3543 2501 3580 non
2526 3545 2558 3581 se

1080 3626 1170 3679 habet
1195 3635 1226 3678 ut
1251 3626 1399 3695 praelatus
1424 3633 1455 3678 ut
1486 3624 1599 3679 scilicet
1624 3642 1731 3695 gerens
1764 3625 1857 3678 vicem
1891 3625 2043 3679 Ecclesiae
2075 3624 2155 3677 nisi¹¹
2185 3625 2233 3678 vel
2264 3624 2292 3677 in
2325 3623 2390 3678 loro
2421 3624 2559 3696 publicae

1081 3724 1272 3778 correctionis
1304 3725 1379 3777 sicut
1405 3724 1431 3776 in
1465 3723 1595 3794 capitulo
1619 3724 1667 3777 vel
1694 3724 1722 3776 in
1747 3723 1837 3777 soro¹¹
1867 3722 2100 3794 poenitentiae¹.
2129 3722 2188 3795 Sed
2220 3729 2376 3793 peccatum
2409 3724 2556 3776 occultum

1080 3819 1178 3874 fratris
1200 3839 1258 3874 non
1282 3821 1371 3874 debet
1395 3820 1527 3873 revelare
1553 3820 1582 3874 in
1608 3821 1747 3892 capitulo,
1770 3822 1837 3892 quia
1858 3829 1926 3874 tunc
1953 3819 2063 3874 faceret
2089 3828 2191 3874 contra
2213 3828 2405 3891 praeceptum
2428 3820 2558 3875 caritatis

1080 3937 1139 3990 quo
1171 3927 1286 3972 tenetur
1316 3918 1463 3987 corrigere
1484 3917 1602 3972 fratrem
1634 3918 1659 3972 si
1685 3927 1783 3990 potest
1815 3919 1957 3973 salvando
1990 3917 2096 3972 famam
2129 3917 2227 3972 fratris
2252 3935 2319 3972 cum
2350 3918 2414 3972 hoc.
2441 3918 2472 3973 Si
2501 3919 2557 3973 hoc

1079 4017 1224 4071 revelaret
1249 4033 1303 4087 per
1327 4016 1446 4069 moduni
1473 4016 1677 4083 accusatione,
1704 4015 1814 4071 faceret
1840 4024 1942 4071 contra
1969 4034 2002 4070 se
2027 4016 2131 4088 ipsum,
2157 4016 2226 4087 quia
2253 4023 2357 4087 posset
2378 4015 2506 4071 deficere
2529 4017 2558 4070 in

1079 4115 1255 4186 probatione
1286 4114 1310 4167 si
1341 4113 1416 4168 alius
1446 4122 1568 4186 negaret
1600 4124 1630 4169 et
1660 4116 1703 4169 sic
1736 4115 1958 4169 scandalizaret.
1991 4114 2094 4169 Nullus
2120 4121 2218 4168 autem
2248 4115 2389 4168 tenetur⁸
2416 4113 2556 4169 oboedire

1079 4214 1212 4285 praelato
1233 4222 1334 4267 eontra
1356 4221 1546 4284 praeceptum
1567 4212 1698 4267 caritatis
1721 4232 1779 4284 quo
1803 4212 1868 4284 quis
1890 4221 2005 4267 tenetur
2027 4214 2143 4267 salvare
2165 4212 2275 4266 famam
2294 4211 2392 4266 fratris
2415 4212 2439 4266 si
2458 4221 2557 4285 potest

1079 4319 1108 4366 et
1139 4329 1197 4382 quo
1222 4320 1338 4366 tenetur
1363 4328 1419 4364 non
1445 4310 1646 4364 scandalizare
1673 4314 1731 4365 se¹¹
1761 4311 1866 4382 ipsum.
1897 4311 1961 4364 Nec
1986 4311 2074 4364 etiam
2105 4310 2134 4363 in
2158 4309 2223 4365 loro
2248 4309 2448 4381 poenitentiae
2468 4310 2558 4364 debet

1077 4409 1167 4463 homo
1199 4409 1297 4464 dicere
1328 4420 1453 4481 peccata
1485 4409 1607 4463 aliorum
1638 4409 1692 4463 sed
1723 4427 1776 4463 sua
1808 4418 1928 4463 tantum.
1960 4409 2089 4463 Tenetur
2128 4417 2227 4463 tamen
2259 4408 2288 4461 in
2320 4425 2391 4462 casu
2423 4409 2556 4462 revelare

1077 4508 1211 4579 praelato
1236 4517 1268 4562 ut
1294 4509 1372 4562 bono
1401 4507 1510 4562 homini
1539 4515 1569 4562 et
1596 4507 1774 4578 quandoque
1794 4508 1882 4561 etiam
1912 4515 2027 4561 tenetur
2054 4506 2148 4577 magis
2179 4507 2236 4560 hoc
2251 4507 2272 4538 ¹⁰
2300 4506 2432 4577 praelato
2459 4505 2557 4561 lacere

1078 4623 1166 4676 quam
1187 4606 1235 4660 alii
1251 4609 1279 4660 ¹¹.

1166 4706 1202 4758 Et
1216 4705 1284 4759 ideo
1300 4705 1320 4736 ¹²
1339 4704 1578 4776 distinguendum
1598 4712 1642 4758 est
1666 4704 1703 4757 de
1727 4703 1866 4775 peccatis,
1890 4704 1956 4774 quia
1974 4703 1994 4734 ¹³
2013 4711 2062 4756 aut
2076 4701 2173 4773 agitur
2192 4701 2228 4756 de
2252 4709 2378 4773 peccato
2397 4701 2556 4757 commisso

1077 4814 1128 4858 aut
1142 4803 1177 4858 de
1198 4803 1416 4857 committendo,
1438 4803 1470 4857 Si
1492 4803 1529 4856 de
1557 4801 1723 4868 commisso,
1748 4801 1792 4855 sic
1816 4819 1875 4855 non
1902 4801 1990 4855 debet
2011 4799 2184 4855 denuntiare
2209 4800 2343 4872 praelato
2362 4808 2393 4854 ut
2413 4801 2556 4872 praelatu,

1077 4902 1190 4957 scilicet
1205 4905 1225 4934 ¹¹
1244 4919 1298 4972 per
1311 4900 1562 4956 denuntiationem
1575 4901 1622 4954 vel
1645 4917 1698 4970 per
1721 4899 1939 4953 accusationem
1960 4907 1990 4952 ut
2014 4899 2050 4952 de
2070 4899 2127 4952 hoc
2146 4915 2163 4952 a
2182 4898 2315 4970 praelato
2334 4897 2385 4951 fiat
2405 4897 2555 4968 inquisitio

1077 5009 1107 5054 et
1132 5000 1276 5053 correctio
1307 4999 1435 5070 publica,
1467 4998 1535 5069 quia
1567 4997 1715 5052 omitteret
1746 5006 1936 5069 praeceptum
1967 4996 2004 5050 de
2029 4995 2213 5050 correctione
2238 4994 2367 5050 fraterna
2393 4995 2555 5050 secundum

1077 5114 1164 5168 quam
1190 5098 1254 5166 quis
1280 5104 1394 5150 tenetur
1413 5096 1437 5149 si
1457 5103 1555 5167 potest
1578 5095 1726 5166 corrigere
1752 5094 1872 5149 fratrem
1898 5094 2041 5149 salvando
2061 5093 2177 5148 famam.
2197 5095 2234 5147 Et
2253 5094 2343 5147 etiam
2365 5092 2391 5146 si
2413 5109 2470 5147 non
2492 5094 2555 5148 vult

1076 5211 1108 5248 se
1122 5194 1269 5265 corrigere
1289 5193 1327 5248 ad
1350 5193 1460 5247 dietum
1480 5193 1586 5261 fratriS,
1605 5210 1663 5247 non
1684 5193 1772 5246 (lebet
1796 5210 1862 5246 eum
1885 5192 1993 5246 ducere
2013 5209 2112 5247 coram
2133 5190 2266 5262 praelato
2290 5191 2327 5245 ad
2347 5191 2554 5263 corrigendum

1076 5311 1143 5347 eum
1163 5308 1251 5362 super
1276 5293 1341 5355 hoc,
1361 5292 1428 5362 quia
1455 5291 1537 5346 fieret
1557 5290 1693 5346 deterior.
1721 5291 1797 5361 Quia
1825 5300 1926 5362 posset
1952 5290 2144 5345 verecundari
2173 5306 2273 5344 coram
2298 5289 2432 5361 praelato
2459 5297 2489 5343 et
2518 5306 2554 5343 ex

1166 5559 1369 5630 ¹praedictum
1391 5560 1423 5612 t'.
1454 5591 1485 5597 -
1516 5558 1593 5612 ¹0m.
1614 5559 1652 5625 ὃς
1672 5559 1741 5610 arlrl.
1761 5572 1794 5609 2⁴¹
1816 5576 1853 5610 m.
1873 5556 1902 5610 S.
1933 5589 1964 5596 —
1994 5557 2323 5627 ³quaodoque—hoe]
2344 5564 2478 5611 teneatur
2497 5557 2553 5610 hoc

1074 5648 1251 5719 quandoque
1272 5647 1304 5700 (J.
1333 5679 1365 5685 --
1394 5651 1446 5700 ¹et
1465 5647 1534 5700 odd.
1555 5646 1587 5700 C.
1618 5678 1650 5684 -
1681 5648 1761 5697 ¹non
1782 5646 1814 5698 (¹.
1835 5677 1866 5684 —
1889 5645 1958 5698 ¹¹vel
1980 5676 2011 5683 —
2032 5643 2107 5712 loro]
2128 5661 2183 5697 om.
2203 5643 2242 5711 83
2261 5645 2331 5697 add.
2351 5657 2441 5697 aum.
2461 5644 2490 5698 S.
2520 5676 2553 5684 -

1075 5738 1152 5788 7οηι.
1168 5735 1474 5801 C.-⁸om.S;o‹ld.
1488 5746 1523 5786 2⁰
1537 5752 1574 5786 m.
1592 5732 1815 5792 S.-¹om.S;
1836 5733 1905 5786 add.
1925 5746 1959 5784 λυ
1975 5750 2011 5784 m.
2026 5732 2101 5784 8.-
2119 5733 2139 5764 ¹⁰
2152 5730 2247 5803 magis
2260 5733 2326 5800 hoc]
2341 5732 2398 5785 hoc
2410 5731 2505 5803 magis
2520 5732 2553 5786 C.

1074 5855 1106 5863 -
1130 5826 1148 5854 ¹¹
1163 5822 1226 5876 aliis
1247 5822 1270 5875 C
1274 5862 1279 5873 .
1300 5853 1333 5862 ο
1356 5822 1375 5852 ¹¹
1389 5831 1417 5874 et
1437 5820 1515 5889 ideo]
1535 5828 1656 5891 propter
1676 5820 1755 5890 quod
1769 5820 1802 5874 C.
1823 5853 1854 5859 -
1877 5821 1898 5851 ¹³
1911 5837 1965 5871 om.
1987 5820 2025 5877 S:
2045 5820 2112 5872 odd.
2133 5833 2167 5871 aa
2182 5837 2220 5873 m.
2240 5819 2269 5873 S.
2284 5851 2317 5858 --
2340 5820 2359 5851 ¹⁴
2374 5818 2428 5873 sed
2448 5819 2480 5873 C.

1163 6028 1202 6091 (l)
1223 6023 1282 6078 Cir.
1303 6041 1352 6094 pp.
1371 6024 1498 6077 aul-297.
