6700 7992
1255 1429 1450 1500 Qunarun
1481 1429 1780 1499 ouoouaarun
1810 1429 1846 1499 Q.
1875 1430 1915 1482 vr
2271 1432 2319 1481 aar

846 1627 954 1681 corpus
980 1609 1088 1664 Christi
1119 1608 1379 1663 sacramentaliter.
1405 1608 1491 1663 Unde
1525 1607 1576 1660 ubi
1608 1607 1745 1661 desinunt
1771 1608 1839 1661 illae
1865 1606 2064 1661 dimensiones
2092 1624 2167 1673 esse,
2195 1625 2253 1660 non
2280 1616 2326 1661 est

846 1725 954 1779 corpus
977 1707 1085 1761 Christi
1108 1707 1148 1760 ibi
1170 1725 1226 1761 nec
1248 1707 1337 1777 plus¹
1358 1724 1444 1777 quarn
1465 1705 1543 1759 alibi.
1563 1706 1627 1759 Nec
1647 1715 1692 1759 est
1714 1705 1753 1758 ihi
1775 1706 1908 1759 Christus
1933 1705 2126 1759 adorandus²
2145 1706 2212 1777 plus
2237 1723 2324 1775 quarn

847 1807 916 1861 alibi
947 1806 1023 1860 sicut
1050 1824 1106 1860 nec
1130 1815 1176 1860 est
1203 1805 1290 1859 modo
1310 1805 1360 1858 uhi
1388 1804 1443 1858 fuit
1471 1805 1605 1858 localiter
1636 1822 1690 1876 per
1718 1804 1867 1874 propriam
1899 1803 2111 1859 dimensionem
2145 1804 2214 1857 dum
2246 1812 2326 1858 esset

845 1905 874 1958 in
909 1906 964 1958 hoc
996 1904 1114 1958 mundo.
1146 1905 1341 1975 Supponebat
1366 1920 1437 1973 ergo
1463 1903 1537 1956 ratio
1566 1901 1682 1966 falsum,
1711 1902 1824 1956 scilicet
1855 1902 1934 1973 quod
1967 1904 2047 1956 Deus
2076 1901 2188 1956 taceret
2216 1920 2325 1974 corpus

847 2002 953 2058 Christi
985 2021 1037 2073 per
1056 2002 1185 2055 medium
1214 2019 1280 2055 esse
1309 2001 1337 2054 in
1365 2000 1495 2072 pluribus
1521 2000 1619 2054 locis³
1647 2018 1700 2071 per
1728 2001 1875 2072 propriam
1905 2000 2118 2055 dimensionem
2148 2009 2177 2054 et
2203 2002 2325 2055 circum-

845 2100 995 2172 scriptiue.

1410 2439 1675 2510 Quaasrlo
1707 2440 1755 2492 vi

1505 2604 1666 2658 (attavis).

974 2795 1081 2849 Utrum
1102 2798 1186 2846 astru
1207 2793 1297 2845 istum
1319 2794 1464 2845 mundum
1483 2798 1580 2862 posset
1600 2794 1681 2846 Deus
1695 2792 1801 2861 fucere
1820 2794 1915 2845 aliam
1936 2798 2048 2846 terrum
2069 2794 2199 2847 eiusdem

1282 2892 1390 2962 speciei
1409 2908 1476 2943 curn
1496 2895 1579 2944 terra
1599 2892 1689 2943 lartius
1711 2892 1818 2943 irrirnu'r'
1831 2896 1879 2957 (ll.

934 3161 1042 3214 Postea
1063 3160 1258 3229 quaerebatur
1279 3178 1366 3212 unum
1386 3160 1537 3229 pertinens
1557 3160 1618 3212 ad⁴
1646 3168 1810 3213 creaturam
1831 3161 2013 3230 corporalem
2039 3160 2209 3231 specialem,
2232 3170 2261 3214 et
2281 3169 2326 3215 est

845 3267 941 3311 utrum
962 3259 1068 3310 extral
1095 3257 1182 3310 istum
1203 3258 1342 3310 mundum
1363 3266 1463 3328 posset
1495 3258 1573 3310 Deus
1601 3257 1701 3312 lacere
1730 3257 1815 3310 aliam
1845 3266 1950 3310 terram
1972 3258 2103 3311 eiusdem
2129 3258 2239 3329 speciei
2259 3277 2324 3312 curn

846 3365 922 3411 terra
943 3357 1027 3409 huius
1047 3355 1155 3408 mundi.
1177 3356 1212 3408 Et
1232 3356 1362 3425 arguitur
1382 3356 1462 3425 quod
1488 3373 1554 3422 non,
1579 3356 1724 3427 quiahoc
1744 3355 1866 3425 positol
1894 3366 2066 3426 sequeretur
2086 3356 2165 3426 quod
2192 3358 2325 3410 naturale

847 3462 926 3508 esset
954 3454 993 3507 illi
1022 3462 1117 3506 terrae
1147 3471 1212 3506 esse
1238 3471 1302 3506 cum
1333 3462 1409 3506 terra
1436 3454 1519 3506 istius
1548 3453 1656 3518 mundi,
1686 3471 1751 3506 cum
1782 3453 1879 3506 omnia
1909 3471 2033 3523 corpora
2053 3453 2184 3507 eiusdem
2213 3454 2325 3526 speciei

846 3553 973 3605 habeant
999 3551 1123 3604 eundem
1151 3551 1247 3604 locum
1277 3551 1447 3604 naturalem.
1477 3553 1555 3621 Ergo
1582 3551 1630 3603 illa
1650 3560 1726 3604 terra
1747 3552 1917 3604 naturaliter
1942 3563 2109 3605 moveretur
2135 3552 2172 3605 acl
2193 3561 2324 3606 centrum

845 3649 930 3703 huius
943 3650 1051 3702 mundi.
1071 3648 1130 3703 Sed
1151 3667 1207 3701 non
1223 3657 1324 3719 posset
1338 3649 1508 3702 naturaliter
1527 3649 1639 3702 moveri
1659 3648 1696 3701 ad
1717 3659 1847 3702 centrum
1867 3649 1952 3702 huius
1972 3648 2071 3702 muudi
2091 3650 2146 3703 nisi
2165 3659 2326 3721 poneretur

844 3747 1016 3801 naturaliter
1035 3746 1196 3800 ascendere
1216 3746 1383 3800 recedendo
1404 3765 1420 3800 a
1446 3755 1547 3800 centro
1563 3748 1681 3800 alterius
1702 3746 1810 3800 mundi.
1830 3748 1895 3800 Hoc
1922 3755 2019 3800 autern
2039 3749 2108 3800 est²
2132 3747 2324 3818 impossibile.

846 3847 924 3916 Ergo
944 3854 973 3898 et
993 3853 1100 3897 cetera.

934 3942 1053 3997 Contra.
1083 3943 1163 3996 Deus
1196 3959 1262 3995 eum
1296 3942 1334 3995 sit
1362 3942 1478 3995 virtutis
1503 3942 1643 4008 infinitae,
1673 3942 1713 3995 ita
1741 3949 1841 4012 potest
1869 3941 1968 3995 facere
1995 3943 2094 4011 plures
2125 3951 2219 3996 terras
2250 3943 2326 3997 sicut

846 4042 965 4094 unam⁸.

949 4142 953 4207 1
970 4138 1156 4208 Respondete.
1172 4138 1253 4191 Licet
1267 4138 1427 4191 secundum
1443 4138 1519 4190 viam
1534 4137 1703 4209 Philosophi
1719 4143 1767 4201 (¹2),
1788 4138 1868 4190 Deus
1881 4155 1939 4190 non
1953 4145 2056 4207 posset
2076 4137 2186 4208 aliquid
2206 4137 2327 4191 tacerel
2383 4116 2447 4169 md·
2463 4117 2483 4170 S

845 4236 882 4291 de
901 4254 979 4290 novo
1000 4236 1055 4289 nisi
1075 4235 1222 4289 mediante
1251 4245 1332 4288 motu
1362 4235 1437 4289 caeli
1466 4243 1495 4288 et
1524 4253 1577 4305 per
1603 4253 1788 4306 conset]uens
1813 4253 1872 4288 ”⁰¹¹
1897 4244 1999 4306 9⁰⁵⁸&
2025 4235 2135 4305 aliquid
2163 4235 2262 4289 facere
2287 4236 2325 4290 de
2360 4188 2513 4362 mig?

2383 4325 2447 4361 co.
2485 4347 2486 4351 =

844 4351 923 4388 novo
942 4333 997 4388 nisi
1017 4333 1243 4405 praesupposita
1259 4335 1279 4364 ¹¹
1298 4333 1430 4399 materia,
1444 4333 1481 4386 ad
1502 4351 1588 4403 quam
1609 4334 1707 4386 statim
1734 4337 1737 4399 l
1763 4333 1894 4404 sequitur
1907 4333 2002 4386 Deum
2017 4350 2074 4387 non
2088 4336 2210 4403 posse¹¹
2226 4332 2325 4387 facere
2360 4379 2400 4432 sol
2422 4381 2513 4433 98γῦ

845 4432 931 4486 aliam
957 4440 1063 4485 terram
1083 4432 1158 4485 sicut
1177 4448 1232 4483 nee
1252 4431 1339 4483 alium
1371 4430 1520 4494 mundum,
1540 4430 1608 4501 quia
1637 4430 1798 4484 secundum
1818 4448 1885 4483 eum
1914 4429 2039 4484 mundus
2059 4439 2105 4484 est
2124 4447 2160 4483 ex
2179 4439 2241 4484 tota
2272 4448 2325 4485 sua
2403 4422 2408 4432 '

845 4530 966 4584 materia
992 4530 1199 4599 qualicumque
1215 4530 1235 4560 ¹⁹
1263 4528 1405 4599 possibili,
1432 4560 1465 4568 -
1492 4528 1652 4583 secundum
1685 4538 1785 4582 tamen
1817 4527 1981 4593 veritatem,
2012 4528 2088 4582 sicut
2119 4529 2200 4581 Deus
2230 4528 2325 4600 potuit

846 4646 863 4682 a
894 4627 1039 4699 principio
1070 4627 1235 4698 producere
1267 4626 1419 4679 materiam
1452 4644 1518 4679 cum
1549 4643 1607 4680 non
1639 4635 1702 4679 erat
1719 4627 1746 4692 ¹³,
1778 4626 1819 4679 ita
1849 4643 1926 4680 nunc
1958 4633 2060 4697 posset
2090 4626 2256 4696 producere
2287 4626 2325 4680 de

844 4724 935 4779 nihilo
955 4725 1043 4779 aliurn
1064 4724 1203 4778 mundum
1224 4741 1260 4777 ex
1279 4723 1336 4777 alia
1356 4725 1479 4778 materia
1498 4742 1586 4795 quam
1606 4723 1692 4777 simul
1712 4741 1778 4777 cum
1798 4723 1856 4777 alio
1876 4723 1985 4776 mundo
2005 4731 2127 4777 crearet.

933 4822 980 4877 Ad
999 4823 1143 4876 rationem
1164 4820 1319 4875 dicendum
1346 4821 1425 4891 qnod
1445 4821 1542 4875 omnia
1562 4838 1687 4892 corpora
1713 4821 1844 4875 eiusdem
1874 4820 1985 4892 speciei
2006 4820 2082 4874 inira
2111 4820 2188 4874 idem
2209 4822 2323 4875 caelum
2392 4834 2395 4838 ’

845 4928 984 4974 contenta
1015 4920 1125 4973 habent
1152 4936 1241 4973 unum
1272 4919 1370 4973 locum
1401 4919 1572 4973 naturalem.
1603 4918 1671 4972 Non
1705 4926 1803 4972 autem
1835 4926 1954 4989 oportet
1985 4919 2041 4972 hoc
2078 4918 2116 4972 de
2149 4919 2323 4990 corporibus

844 5017 977 5072 eiusdem
995 5017 1106 5089 speciei
1132 5016 1278 5071 contentis
1303 5034 1321 5070 a
1346 5016 1471 5071 diversis
1502 5016 1601 5070 caelis.
1631 5017 1667 5069 Et
1695 5017 1752 5070 hoc
1780 5016 1848 5070 ideo
1881 5025 1926 5070 est
1957 5015 2025 5087 quia
2056 5033 2123 5070 esse
2142 5017 2171 5070 iu
2200 5017 2267 5071 loco
2293 5025 2323 5071 et

845 5115 958 5170 moveri
982 5114 1154 5169 naturaliter
1173 5114 1211 5168 ad
1237 5114 1334 5168 locum
1349 5117 1378 5179 ¹⁸,
1398 5114 1542 5184 contingit
1555 5116 1575 5145 ¹⁵
1596 5114 1770 5185 corporibus
1788 5132 1842 5186 per
1861 5113 2062 5168 habitudinem
2085 5114 2123 5168 ad
2146 5114 2326 5169 influentiam

845 5214 928 5279 caeli,
960 5222 988 5268 et
1020 5212 1097 5280 ideo,
1128 5212 1196 5283 quia
1227 5213 1277 5267 illa
1305 5220 1382 5266 terra
1413 5229 1472 5266 non
1503 5211 1648 5284 reciperet
1680 5210 1860 5266 influentiam
1892 5212 1928 5265 ab
1960 5211 2010 5266 illo
2043 5211 2136 5279 cae10‚
2165 5212 2233 5267 ideo
2264 5230 2325 5267 non

935 5481 944 5512 ¹
957 5479 1004 5535 hic
1018 5482 1087 5535 add.
1103 5480 1135 5535 C.
1150 5512 1183 5520 -
1198 5480 1208 5511 ¹
1221 5479 1355 5534 Christus
1370 5479 1547 5548 adorandus]
1562 5478 1730 5533 adorandus
1745 5478 1879 5533 Christus
1894 5479 1926 5532 C.
1941 5511 1974 5518 -
1988 5479 1999 5511 ³
2013 5497 2067 5532 om.
2082 5479 2135 5533 SP.
2150 5510 2183 5519 -
2198 5483 2208 5512 ⁴
2222 5496 2277 5533 om.
2291 5479 2325 5546 S;

844 5568 913 5621 add.
933 5580 968 5621 2⁰
979 5585 1016 5621 m.
1030 5567 1201 5624 S.-⁵om.
1215 5572 1242 5621 et
1256 5568 1325 5621 add.
1339 5569 1372 5621 in
1385 5585 1484 5638 marg.
1499 5565 1774 5638 C.—⁰supposito
1789 5565 1869 5621 C.—
1885 5566 2090 5635 ‘Hoc-est]
2104 5567 2160 5620 hoc
2174 5567 2325 5633 autemP3

844 5654 898 5709 sed
916 5655 973 5710 hoc
992 5664 1037 5709 est
1057 5655 1090 5710 C.
1109 5687 1143 5695 -
1173 5656 1276 5726 ⁸ergo
1297 5663 1325 5709 et
1351 5663 1448 5709 cetera
1474 5655 1543 5708 add.
1563 5654 1596 5709 C.
1626 5686 1659 5693 —
1688 5653 1831 5724 ⁹aliquid
1851 5652 1960 5722 lacere]
1985 5653 2084 5708 lacere
2104 5652 2214 5725 aliquid
2239 5653 2271 5708 C.
2292 5685 2325 5694 -

847 5744 868 5775 ¹⁰
886 5760 923 5796 ex
941 5742 1096 5814 supposita
1116 5743 1149 5797 C.
1169 5775 1202 5783 -
1225 5745 1244 5775 ¹¹
1264 5751 1367 5813 posset
1386 5742 1419 5797 C.
1440 5774 1473 5782 —
1495 5742 1516 5774 ¹²
1534 5742 1789 5813 qualitercumque
1808 5741 1841 5795 C.
1861 5772 1894 5780 -
1916 5742 1938 5773 ¹⁸
1956 5750 2035 5796 esset
2055 5741 2089 5796 C.
2108 5772 2141 5781 -—
2168 5744 2188 5773 ¹⁸
2210 5748 2325 5796 natura-

844 5830 911 5884 liter
925 5862 957 5871 -
970 5830 1077 5900 locum]
1098 5834 1135 5884 ad
1148 5831 1245 5884 locum
1264 5829 1436 5884 naturaliter
1455 5829 1488 5884 C.
1508 5861 1540 5869 -
1563 5831 1584 5862 ¹⁵
1597 5828 1737 5884 convenit
1749 5828 1820 5899 (sic)
1836 5830 1868 5883 C.

934 6035 974 6099 (1)
994 6031 1054 6087 Cfr.
1074 6050 1123 6104 pp.
1142 6034 1269 6087 aar-255.
1289 6064 1322 6073 -
1343 6035 1382 6100 (2)
1397 6030 1458 6087 Clr.
1477 6049 1505 6104 p.
1525 6034 1587 6097 ast,
1605 6049 1633 6085 n.
1652 6035 1663 6098 (
1683 6036 1702 6098 ).
