6700 7992
1279 1486 1452 1540 risurum
1483 1486 1782 1555 Quoouusrurt
1811 1487 1847 1555 o.
1876 1488 1902 1538 v
2276 1490 2331 1539 ais

847 1667 913 1719 est¹
943 1663 1098 1735 dispositio
1128 1681 1203 1734 quae
1233 1673 1277 1717 est
1305 1664 1488 1718 necessitas’
1516 1673 1653 1735 respectu
1679 1664 1802 1718 animae.
1834 1665 1894 1718 Sed
1926 1666 2004 1719 nulla
2036 1664 2130 1719 forma
2158 1665 2330 1719 naturaliter

847 1770 948 1836 potest
967 1761 1097 1834 separari
1118 1771 1254 1816 manente
1275 1762 1470 1833 dispositione
1495 1779 1570 1833 quae
1596 1771 1641 1815 est
1663 1761 1826 1817 necessitas
1839 1764 1856 1816 ³.
1881 1764 1959 1831 Ergo
1982 1763 2078 1816 anima
2105 1762 2212 1816 Christi
2240 1764 2329 1817 etiarn

847 1862 1001 1933 supposita
1030 1860 1094 1914 eius
1121 1868 1202 1914 tanta
1230 1860 1378 1931 passione,
1407 1878 1472 1914 cum
1502 1868 1633 1914 maneret
1656 1860 1817 1915 secundum
1841 1879 1893 1914 eos
1919 1861 1997 1914 dicta
2023 1859 2140 1914 fonna⁴
2166 1879 2241 1932 quae
2266 1868 2330 1915 erat

847 1958 1004 2030 dispositio
1033 1977 1109 2029 quae
1136 1967 1180 2012 est
1210 1958 1372 2011 necessitas
1387 1961 1405 2024 ⁶,
1433 1976 1491 2012 non
1522 1958 1577 2011 fuit
1608 1958 1803 2012 naturaliter⁰
1831 1968 1967 2029 separata
1997 1959 2024 2011 in
2057 1970 2159 2015 morte.
2190 1978 2245 2012 nec
2277 1978 2330 2031 per

847 2074 1035 2128 consequens
1062 2074 1141 2110 mors
1169 2057 1233 2109 eius
1261 2056 1315 2130 tuit
1340 2057 1488 2109 naturalis.
1509 2056 1568 2109 Sed
1589 2056 1690 2110 dicunt
1712 2056 1792 2128 quod
1815 2058 1912 2121 immo,
1933 2058 2001 2128 quia
2021 2058 2096 2110 aliae
2117 2057 2330 2127 dispositiones

847 2155 1047 2210 accidentales
1076 2172 1152 2225 quae
1184 2155 1381 2225 disponebant
1413 2154 1450 2208 ad
1481 2164 1634 2225 utramque
1666 2154 1790 2207 formam
1822 2173 1875 2226 per
1902 2155 2071 2226 passionem
2104 2155 2213 2208 illatam
2245 2162 2329 2216 erant

846 2262 1013 2324 corruptae,
1045 2263 1074 2306 et
1106 2271 1158 2324 per
1186 2271 1372 2323 consequens
1400 2253 1521 2306 materia
1551 2262 1613 2306 erat
1645 2252 1911 2323 improportionata
1942 2252 2058 2324 utrique
2089 2253 2222 2320 lormae3
2250 2254 2328 2306 unde

846 2350 996 2422 separatio
1016 2352 1130 2404 animae
1151 2349 1205 2404 fuit
1225 2350 1373 2417 naturaliS,
1393 2350 1446 2403 sed
1466 2350 1591 2404 retentio
1611 2351 1731 2404 alterius
1754 2349 1866 2404 formae
1889 2350 1942 2404 fuit
1965 2352 2139 2404 miraculosa
2153 2354 2169 2403 ἵ.
2193 2352 2252 2404 Sed
2272 2353 2329 2405 hoc

845 2466 905 2503 non
938 2449 1024 2502 valet.
1057 2449 1155 2502 Primo
1185 2448 1251 2519 quia
1281 2466 1316 2501 ex
1346 2467 1403 2517 quo
1434 2449 1484 2501 illa
1512 2447 1637 2502 format
1668 2449 1775 2502 educta
1806 2457 1851 2502 est
1883 2448 2054 2520 principalis
2085 2449 2249 2520 dispositio,
2281 2449 2330 2502 illa

846 2555 984 2601 manente
1021 2547 1169 2617 separatio
1206 2547 1321 2600 animae
1356 2564 1414 2599 non
1452 2547 1506 2600 luit
1541 2564 1576 2600 ex
1613 2555 1675 2600 toto
1706 2548 1855 2600 naturalis,
1890 2547 2029 2601 Secundo
2064 2548 2130 2619 quia
2172 2565 2237 2600 cum
2272 2547 2330 2601 alia

847 2645 1012 2699 accidentia
1031 2662 1090 2698 non
1110 2645 1301 2716 disponerent
1327 2645 1364 2697 ad
1390 2645 1515 2698 animam
1539 2645 1594 2697 nisi
1617 2645 1766 2699 mediante
1789 2644 1838 2698 illa
1858 2645 1953 2699 forma
1979 2662 2054 2716 quae
2080 2656 2123 2699 est
2144 2646 2332 2698 necessitas’

847 2742 885 2797 ad
905 2743 1041 2809 animam,
1066 2743 1135 2798 licet
1164 2743 1226 2796 eius
1255 2743 1380 2796 retentio
1409 2752 1488 2797 esset
1514 2743 1700 2809 miraculosa,
1721 2744 1785 2813 ipsa
1805 2751 1902 2797 tamen
1922 2752 2036 2797 retenta
2055 2744 2245 2813 consequitur
2264 2761 2330 2796 eam

844 2841 1013 2914 proprietas
1032 2859 1086 2894 sua
1106 2841 1245 2894 naturalis
1271 2859 1346 2912 quae
1372 2850 1418 2894 est
1442 2841 1569 2895 retinere
1588 2841 1714 2894 animam
1738 2841 1766 2895 in
1789 2843 1920 2903 materia,
1943 2842 2018 2895 sicut
2037 2842 2061 2895 si
2082 2842 2215 2912 potentia
2235 2842 2330 2894 visiva

845 2939 1108 3010 supernaturaliter
1135 2939 1173 2993 sit
1194 2939 1222 2992 in
1246 2941 1332 2993 oculo
1360 2939 1488 3006 inducta,
1510 2940 1683 2992 naturaliter
1705 2949 1803 2993 tamen
1824 2939 1936 2993 videret
1958 2942 2045 2992 homo
2065 2959 2117 3011 per
2137 2959 2211 2992 eam
2234 2941 2267 2992 lit
2288 2926 2329 2993 sic¹

845 3054 926 3091 mors
945 3036 1053 3091 Christi
1079 3039 1134 3091 erit
1159 3037 1199 3091 ita
1224 3038 1397 3091 innaturalis
1422 3047 1452 3092 et
1478 3039 1627 3109 separatio
1651 3037 1766 3091 animae
1783 3043 1802 3068 ¹¹¹
1825 3038 1900 3091 sicut
1920 3039 1943 3090 si
1967 3037 2071 3091 fuisset
2094 3046 2231 3109 separata
2250 3038 2330 3090 nulla

845 3135 1050 3190 vulneratione
1069 3135 1149 3190 facta
1170 3137 1199 3190 in
1214 3136 1345 3213 Christo.

936 3233 1122 3287 Auctoritate
1150 3234 1207 3286 hoc
1234 3233 1314 3287 idem
1343 3242 1425 3304 patet
1444 3235 1472 3287 ¹¹.
1502 3235 1705 3287 Damascenus
1726 3237 1775 3298 (1),
1804 3234 1891 3287 tertio
1919 3234 2003 3299 libro,
2030 3233 2159 3303 capitulo
2184 3234 2329 3305 vigesimo

846 3330 974 3403 septimo
994 3330 1065 3385 dicit
1085 3331 1164 3402 quod
1184 3332 1213 3384 in
1231 3333 1249 3362 n
1269 3349 1377 3401 graeco
1396 3331 1497 3403 passio
1517 3331 1664 3402 significat
1684 3331 1801 3397 famem,
1823 3330 1899 3385 sitim
1920 3341 1949 3385 et
1969 3332 2137 3385 consimiles
2158 3331 2330 3403 passiones;

846 3429 995 3500 significat
1023 3429 1111 3482 etiam
1140 3438 1264 3483 mortem
1294 3447 1351 3499 qua
1380 3437 1534 3500 separatur
1563 3430 1660 3483 anima
1683 3448 1700 3482 a
1723 3447 1846 3500 corpore
1875 3439 1905 3483 et
1932 3430 2054 3484 ulterius
2080 3430 2195 3501 plenam
2219 3431 2330 3483 resolu-

845 3524 957 3579 tionem
977 3524 1005 3577 in
1025 3525 1178 3578 elementa.
1200 3526 1236 3578 Et
1257 3526 1327 3579 dicit
1347 3525 1426 3596 quod
1448 3525 1581 3579 Christus
1601 3525 1738 3579 sustinuit
1760 3524 1877 3588 samem,
1896 3525 1973 3578 sitim
1995 3535 2023 3579 et
2043 3536 2165 3578 mortem
2186 3525 2262 3579 sicut
2282 3526 2330 3579 alii

845 3623 990 3687 homineS,
1019 3624 1088 3675 licet
1115 3641 1173 3676 non
1203 3624 1373 3677 sustinuerit
1401 3623 1663 3694 pulverizationem
1693 3633 1722 3676 et
1750 3624 1959 3677 resolutionem
1989 3624 2151 3677 ultimatam
2181 3642 2256 3695 quae
2285 3633 2330 3678 est

846 3739 899 3793 per
913 3722 932 3753 ¹⁸
952 3721 1207 3790 putrefactionem.
1221 3723 1257 3775 Et
1276 3723 1318 3775 sic
1339 3722 1454 3775 videtur
1474 3722 1553 3792 quod
1573 3739 1682 3793 corpus
1701 3722 1764 3775 eius
1784 3721 1837 3775 fuit
1860 3722 1985 3776 univoce
2000 3740 2106 3795 corpus
2121 3741 2186 3776 cum
2205 3740 2329 3795 corpore

847 3819 967 3874 alterius
985 3820 1112 3874 hominis
1131 3820 1277 3874 consimili
1296 3829 1390 3874 morte
1405 3822 1424 3851 ¹⁴
1444 3819 1559 3873 mortui.

935 4017 978 4069 Ex
997 4016 1042 4070 his
1064 4025 1145 4087 patet
1164 4016 1201 4069 de
1221 4016 1301 4068 facili
1322 4016 1360 4068 ad
1380 4015 1506 4069 tertium.
1527 4016 1600 4068 Nam
1621 4033 1687 4069 cum
1703 4014 1749 4068 via
1766 4018 1786 4047 ¹⁵
1805 4016 1972 4069 necessaria
1987 4017 2025 4069 ad
2045 4018 2168 4070 salutern
2189 4016 2330 4070 consistat

846 4113 927 4169 circa
945 4114 1151 4169 rectitudinem
1169 4116 1188 4145 ¹⁰
1207 4114 1421 4167 credendorum
1441 4121 1471 4167 et
1490 4114 1682 4184 agendorum,
1699 4122 1729 4167 et
1750 4131 1831 4167 error
1851 4114 1964 4168 dicatur
1983 4133 2035 4186 per
2055 4132 2204 4168 recessum
2218 4132 2234 4167 a
2249 4122 2330 4168 recta

845 4214 904 4276 via,
932 4212 1091 4266 declinatio
1114 4231 1131 4265 a
1154 4212 1323 4282 cognitione
1353 4212 1485 4265 veritatis
1513 4211 1541 4264 in
1572 4211 1636 4264 aliis
1665 4212 1797 4265 scientiis
1823 4230 1839 4264 a
1862 4213 2012 4282 theologia
2038 4213 2144 4266 dicitur
2169 4212 2293 4283 simplex
2310 4214 2331 4243 ¹⁷

845 4310 969 4376 falsitaS,
989 4311 1018 4364 in
1038 4310 1188 4381 theologia
1208 4319 1305 4363 autem
1329 4309 1435 4363 dicitur
1457 4327 1546 4363 error.
1570 4310 1605 4362 Et
1628 4308 1697 4379 quia
1720 4311 1811 4362 altera
1836 4310 1978 4363 dictarum
2002 4312 2170 4364 necessario
2191 4320 2236 4364 est
2255 4309 2330 4363 salsa

844 4426 912 4463 cum
933 4408 1030 4462 dictae
1051 4409 1205 4479 opiniones
1224 4408 1281 4461 sint
1301 4409 1379 4460 circa
1400 4426 1434 4460 ea
1455 4425 1530 4478 quae
1550 4416 1616 4460 sunt
1636 4407 1714 4474 lidei,
1734 4418 1851 4477 oportet
1872 4409 1993 4461 alteram
2008 4427 2107 4461 earum
2125 4411 2145 4440 ¹⁹
2167 4408 2328 4463 secundum

2386 4476 2452 4530 cod.
2466 4476 2487 4530 S

845 4525 907 4562 rem
930 4524 996 4560 esse
1019 4523 1180 4559 erroneam.
1210 4506 1269 4559 Sed
1299 4524 1330 4557 er
1355 4508 1358 4573 Ι
1385 4523 1432 4558 ror
1462 4505 1512 4558 ille
1540 4523 1598 4557 non
1627 4514 1672 4558 est
1701 4504 1856 4574 culpabilis
1888 4524 2041 4575 quormque
2072 4507 2108 4559 sit
2137 4506 2293 4561 manifesta
2309 4511 2330 4538 ις,
2363 4548 2403 4601 fol
2427 4549 2521 4602 &Vb

846 4606 955 4658 veritas
975 4604 1021 4658 vel
1042 4604 1236 4657 determinata
1256 4622 1308 4674 per
1330 4604 1491 4656 Ecclesiam
1506 4604 1536 4655 ²³⁰.
1560 4605 1611 4655 llla
1632 4615 1729 4655 tamen
1757 4604 1865 4673 positio
1895 4622 1970 4674 quae
1993 4604 2075 4675 ponit
2099 4606 2328 4659 unitormitatem

845 4702 875 4756 in
895 4720 1020 4773 corpore
1047 4702 1154 4756 Christi
1183 4712 1299 4754 mortuo
1322 4709 1350 4754 et
1373 4718 1498 4772 corpore
1521 4711 1635 4754 mortuo
1659 4700 1779 4754 alterius
1804 4702 1928 4754 hominis
1945 4704 1964 4733 ²¹
1986 4713 2125 4772 (qnantum
2147 4702 2183 4756 ad
2204 4703 2328 4757 tonnam

845 4800 1026 4873 specificam,
1049 4800 1148 4853 sive²²
1170 4800 1207 4852 sit
1231 4818 1283 4869 per
1311 4799 1557 4852 introductionem
1586 4816 1682 4851 novae
1711 4798 1833 4866 formae,
1853 4800 1915 4852 sive
1935 4818 1989 4870 per
2009 4802 2223 4854 remansionem
2247 4809 2329 4854 natu-

845 4899 937 4954 ralem
966 4898 1089 4951 alicuius
1119 4898 1230 4951 formae
1259 4897 1430 4950 naturaliter
1459 4897 1621 4950 communis
1650 4898 1718 4950 vivo
1744 4906 1774 4950 et
1800 4907 1925 4965 mortuo,
1952 4898 2067 4952 videtur
2094 4901 2189 4952 minus
2215 4899 2336 4969 diseno-,¹

844 4997 968 5051 veniens
987 4996 1074 5062 fidei,
1095 5004 1124 5049 et
1144 4996 1202 5049 alia
1222 4995 1337 5048 videtur
1363 4995 1457 5066 magis
1479 5012 1602 5048 erronea
1632 5012 1731 5048 errore
1754 5004 1851 5048 tamen
1874 4998 2001 5067 poenali,
2024 4996 2093 5067 quia
2116 5006 2219 5050 neutra
2240 4997 2329 5050 dehet

845 5093 969 5154 iudicari
989 5093 1139 5148 haeretica
1158 5111 1311 5164 quousque
1331 5093 1368 5146 sit
1389 5092 1538 5162 declarata
1559 5094 1675 5147 veritas.

1003 5234 1010 5263 l

939 5366 945 5395 ¹
965 5363 1003 5416 sit
1017 5363 1049 5417 C.
1071 5396 1102 5402 -
1123 5364 1191 5416 ²est
1212 5362 1367 5433 dispositio
1440 5362 1613 5430 necessitas]
1634 5381 1689 5415 ona
1709 5364 1742 5426 S,
1763 5362 1830 5415 add.
1851 5376 1885 5414 211
1901 5380 1936 5415 m.
1951 5349 1988 5427 Si
2007 5381 2084 5433 quae
2104 5396 2134 5402 —
2156 5365 2330 5433 necessitas]

845 5452 1030 5524 necessitans
1044 5450 1076 5517 C.
1091 5484 1122 5490 —
1138 5453 1148 5482 ³
1162 5451 1343 5504 necessitans
1360 5450 1392 5503 C.
1404 5482 1445 5524 ¹-
1464 5452 1538 5503 ‘ona
1553 5452 1585 5513 ὃς
1606 5452 1673 5502 add.
1689 5465 1722 5503 211
1739 5469 1775 5503 m.
1790 5451 1819 5503 S.
1836 5483 1866 5489 —
1881 5451 2087 5505 ⁵necessitans
2101 5453 2133 5504 C.
2151 5485 2180 5491 -
2201 5453 2279 5506 ⁰om.
2296 5451 2329 5506 C.

765 5546 770 5553 '
846 5572 880 5580 -
905 5542 1005 5611 'ergo
1025 5547 1054 5593 et
1074 5548 1172 5592 cetera
1192 5540 1260 5592 add.
1282 5540 1314 5592 C.
1335 5570 1368 5577 -
1392 5541 1402 5569 ⁸
1422 5539 1469 5591 illa
1494 5537 1597 5606 forma]
1621 5538 1714 5591 forma
1736 5539 1784 5591 illa
1808 5540 1840 5590 tf.
1862 5572 1894 5577 —
1918 5543 1928 5569 ⁹
1950 5549 1995 5592 est
2014 5540 2187 5609 necessitas]
2212 5540 2329 5611 ponitur

845 5627 1029 5697 necessitans
1044 5627 1082 5703 C.
1104 5659 1136 5665 —
1154 5628 1173 5657 ¹⁰
1192 5636 1221 5679 et
1239 5660 1266 5665 —
1283 5628 1407 5694 animae]
1427 5644 1483 5679 om,
1498 5626 1530 5679 C.
1552 5658 1581 5664 —
1602 5630 1619 5658 ¹¹
1634 5626 1702 5696 quia
1716 5627 1785 5679 aad.
1800 5627 1832 5679 C.
1848 5659 1880 5665 —
1899 5628 1987 5679 19ωη.
2002 5627 2034 5680 C.
2050 5660 2082 5666 —
2099 5630 2118 5659 ¹³
2132 5646 2186 5681 nna.
2201 5628 2240 5694 ὃς
2259 5630 2335 5693 add..

845 5729 882 5769 πα
901 5733 939 5770 m.
959 5714 988 5768 S.
1009 5710 1042 5753 '—
1065 5717 1084 5746 ¹⁴
1104 5723 1226 5767 mortem
1242 5715 1274 5777 C.
1295 5747 1327 5752 —
1351 5717 1371 5745 ¹⁵
1390 5732 1455 5786 cum
1477 5714 1533 5782 via]
1555 5715 1622 5784 quia
1643 5715 1675 5767 C.
1697 5747 1728 5753 —-
1753 5715 1863 5769 ¹⁰circa
1884 5715 2099 5784 rectitudinem]
2115 5726 2196 5769 certa
2211 5717 2329 5780 rectituf

845 5802 914 5857 dine
929 5802 961 5857 C.
974 5834 1007 5850 —.-
1020 5805 1040 5834 ²⁷
1053 5803 1227 5882 simpliciter
1241 5802 1272 5856 C.
1284 5834 1317 5841 -
1332 5804 1351 5872 ’,ὃ
1362 5790 1420 5855 om.
1435 5801 1467 5856 C.
1479 5834 1512 5841 -
1526 5805 1546 5881 {⁰
1559 5802 1747 5880 manifestata
1759 5803 1791 5855 C.
1848 5803 1870 5833 ²⁰
1883 5802 2040 5857 essentiam
2055 5804 2089 5865 S,
2103 5803 2281 5858 evidentiam
2297 5806 2338 5881 P„

845 5895 875 5945 et
887 5905 922 5944 2⁰
936 5909 973 5944 m.
988 5891 1016 5944 S.
1035 5923 1067 5929 -
1082 5891 1101 5922 ’¹
1117 5901 1232 5943 mortuo
1249 5922 1279 5929 -
1295 5889 1430 5958 hominis]
1446 5889 1564 5943 alterius
1580 5890 1706 5944 hominis
1720 5899 1835 5943 mortuo
1850 5890 1874 5944 C
1878 5932 1882 5943 .
1898 5923 1931 5931 -
1945 5893 1967 5923 ²²
1981 5893 2036 5945 hoc
2050 5893 2118 5944 add.
2134 5892 2167 5945 C.

936 6095 1056 6164 (1)Cfr.
1076 6114 1104 6167 p.
1125 6100 1185 6162 200,
1206 6114 1231 6149 n.
1253 6104 1261 6160 (
1282 6100 1301 6157 l.
