6700 7992
1180 1427 1376 1499 Qunaauu
1405 1427 1706 1498 Quoouasauri
1734 1427 1771 1498 Q.
1799 1427 1840 1480 xr
2197 1429 2244 1479 271

773 1607 945 1674 alterrmr¹
970 1610 1162 1673 membrum
1193 1607 1332 1673 alterius
1357 1609 1522 1694 fungatur
1551 1607 1680 1687 oflici0,
1706 1607 1752 1673 ita
1775 1607 1916 1672 noxium
1942 1606 2249 1692 turpissimumque

772 1736 826 1790 est
875 1724 904 1790 si
954 1724 1093 1810 singula
1142 1746 1255 1790 rerum
1299 1723 1487 1789 ministeria
1533 1724 1694 1810 personis
1741 1723 1926 1789 totidem2
1982 1745 2055 1787 non
2110 1723 2251 1787 fuerunt

773 1840 965 1906 distributa.

861 1957 954 2022 Ecce
978 1967 1143 2021 statutum
1168 1958 1332 2042 generale
1356 1979 1426 2041 quo
1451 1957 1680 2042 prohibentur
1695 1956 1816 2021 haberi
1833 1956 1931 2041 plura
1947 1953 2118 2020 beneficia
2137 1954 2250 2033 simul,

774 2086 938 2158 tanquam
974 2073 1101 2137 malum
1139 2072 1334 2137 secundum
1373 2096 1421 2152 se,
1457 2072 1538 2157 quia
1575 2071 1701 2138 rationi
1736 2071 1959 2151 contrarium,
1985 2082 2021 2135 ut
2056 2081 2150 2156 patet
2189 2092 2251 2155 per

774 2188 927 2254 rationes
962 2187 1020 2254 hic
1058 2187 1202 2273 positas.
1243 2189 1346 2254 Unde
1385 2190 1481 2273 quod
1516 2188 1688 2254 beneficia
1727 2188 1865 2254 diversa
1905 2186 2051 2253 diversis
2089 2185 2251 2272 personis

774 2306 1000 2371 conterantur
1024 2316 1058 2370 et
1089 2305 1185 2389 quod
1221 2304 1379 2370 diversae
1412 2326 1585 2390 personae
1618 2304 1755 2369 diversa
1790 2303 1962 2369 beneficia
1994 2305 2157 2383 habeant,
2182 2303 2251 2367 hoc

775 2442 846 2486 non
883 2433 936 2486 est
968 2423 1098 2486 bonum
1139 2420 1219 2505 quia
1257 2432 1493 2506 praeceptum,
1534 2442 1600 2486 nec
1639 2422 1734 2505 quod
1769 2443 1838 2486 una
1876 2423 2004 2485 habeat
2042 2420 2160 2505 plures
2200 2429 2253 2484 est

712 2545 716 2551 '
774 2538 901 2602 malum
929 2536 1010 2622 quia
1033 2536 1267 2623 prohibitum;
1293 2536 1397 2602 immo
1430 2536 1510 2621 quia
1538 2540 1607 2603 hoc
1635 2548 1688 2601 est
1716 2520 1852 2602 bonum
1873 2537 2067 2602 secundum
2096 2558 2135 2601 se
2159 2534 2252 2600 dicto

775 2654 881 2719 modo
913 2664 947 2718 et
972 2652 1055 2717 illud
1079 2653 1218 2732 malurn,
1244 2662 1277 2717 et
1310 2652 1389 2717 ideo
1420 2655 1489 2718 hoc
1519 2663 1572 2719 est
1596 2666 1822 2739 praeceptum
1854 2663 1887 2719 et
1923 2653 2005 2718 illud
2041 2650 2253 2737 prohibitum

775 2791 838 2855 per
863 2779 990 2834 statuta
1015 2781 1048 2834 et
1073 2768 1146 2834 iura
1171 2768 1378 2833 communia.
1411 2770 1490 2835 Hoc
1514 2768 1653 2853 quidem
1681 2770 1798 2853 [enirn]
1825 2780 1878 2834 est
1911 2770 1955 2834 de
1979 2768 2053 2834 iure
2078 2768 2254 2833 communi

776 2886 871 2971 quod
896 2907 987 2950 unus
1011 2906 1083 2949 non
1115 2884 1181 2949 nisi
1210 2907 1317 2949 unum
1349 2887 1486 2950 habeat.
1515 2886 1571 2949 lus
1596 2897 1711 2950 autem
1737 2907 1921 2950 commune
1950 2907 2021 2949 non
2046 2885 2151 2950 debet
2175 2905 2254 2949 esse

776 3001 842 3067 nisi
863 3003 906 3066 de
931 3023 974 3067 eo
1000 3002 1094 3085 quod
1119 3002 1313 3066 secundum
1339 3023 1377 3066 se
1402 3012 1439 3065 ut
1469 3001 1503 3065 in
1537 3001 1693 3086 pluribus
1726 3013 1778 3066 est
1813 3003 1955 3065 bonum.
1992 3002 2095 3066 Unde
2131 3000 2254 3066 dicitur

777 3118 881 3184 Extra
928 3118 972 3182 de
1019 3117 1152 3183 clericis
1199 3138 1271 3181 non
1318 3116 1562 3196 residentibus,
1602 3116 1755 3203 capitulo
1796 3118 1889 3201 Quia
1931 3119 2038 3181 multa
2055 3120 2126 3200 (1):
2175 3138 2254 3181 cum

778 3232 1053 3301 ecclesiasticum
1072 3232 1299 3298 ministerium
1317 3232 1483 3298 committi
1508 3235 1622 3313 debet,
1640 3233 1716 3299 talis
1741 3254 1893 3319 persona
1906 3235 1950 3298 ad
1974 3235 2043 3299 hoc
2068 3244 2256 3317 quaeratur

779 3371 869 3435 quae
905 3349 1057 3415 residere
1093 3348 1128 3413 in
1163 3349 1243 3413 loco
1279 3360 1313 3414 et
1345 3369 1462 3413 curam
1502 3348 1577 3414 eius
1610 3371 1672 3435 per
1708 3371 1745 3414 se
1786 3350 1896 3435 ipsam
1929 3351 2042 3415 valeat
2081 3371 2254 3415 exercere.

778 3466 877 3530 Alias
902 3465 1004 3544 enim,
1030 3476 1067 3529 ut
1087 3464 1213 3529 dicitur
1240 3464 1393 3548 capitulo
1420 3465 1576 3529 Relatum
1593 3468 1650 3547 (2),
1675 3477 1840 3551 poterunt
1870 3465 2023 3531 amoveri
2054 3466 2120 3530 nisi
2144 3464 2257 3529 sorte³

779 3584 823 3647 de
850 3581 990 3647 licentia
1021 3582 1254 3666 praelatorum
1286 3602 1428 3645 suorum
1461 3582 1515 3645 vel
1545 3603 1609 3665 pro
1634 3582 1751 3646 studio
1776 3581 1962 3646 litterarum
1994 3582 2048 3647 vel
2084 3603 2147 3667 pro
2181 3581 2256 3646 aliis
2308 3566 2312 3572 ’

778 3697 936 3764 honestis
961 3696 1077 3762 causis
1105 3695 1367 3783 conti[n]gerit⁴
1391 3718 1453 3761 eos
1478 3699 1613 3762 abesse.
1640 3698 1743 3763 Unde
1767 3719 1839 3762 non
1864 3698 1977 3763 solum
2001 3699 2131 3763 habere
2158 3700 2257 3783 plura

779 3824 832 3879 est
859 3814 1054 3879 secundum
1085 3835 1123 3878 se
1147 3814 1285 3892 malum,
1310 3814 1373 3877 sed
1398 3812 1501 3878 etiarn
1526 3815 1652 3879 abesse
1681 3825 1734 3879 est
1762 3815 1957 3879 secundum
1984 3836 2022 3879 se
2054 3814 2192 3894 malum,
2221 3825 2258 3878 ut

778 3929 932 3995 residere
949 3940 983 3994 et
1007 3928 1183 3994 deservire
1201 3940 1253 3994 est
1277 3929 1471 3994 secundum
1497 3951 1535 3994 se
1559 3931 1707 4008 bonum;
1733 3915 1826 3995 cadit
1842 3942 1957 3997 tamen
1983 3929 2198 4015 dispensatio
2222 3929 2256 3994 in

780 4056 936 4130 utroque.
954 4046 1039 4110 Item
1060 4046 1103 4110 de
1120 4044 1355 4130 prohibitione
1379 4045 1533 4131 generali
1556 4047 1704 4110 habetur
1720 4048 1892 4132 vigesimo
1916 4046 2035 4132 prima,
2052 4045 2257 4131 quaestione

780 4161 966 4247 prima(3):
993 4160 1027 4225 in
1053 4162 1189 4248 duabus
1207 4160 1364 4225 ecclesiis
1389 4159 1537 4244 aliquem
1555 4183 1661 4247 posse
1678 4162 1920 4228 connumerari
1937 4162 2084 4247 septima
2101 4162 2258 4247 synodus

780 4276 951 4363 prohibet.
968 4276 1225 4365 Negotiationis
1250 4276 1342 4341 enirn
1367 4287 1420 4341 est
1444 4279 1512 4342 boc
1536 4287 1570 4342 θῖ
1594 4277 1830 4363 turpissimum
1853 4279 2086 4343 commodum.
2112 4279 2164 4342 Ex
2188 4300 2258 4363 quo

780 4403 875 4480 patet
898 4394 994 4478 quod
1017 4395 1213 4458 secundum
1238 4414 1276 4458 se
1301 4392 1394 4457 dicto
1419 4394 1525 4457 modo
1551 4405 1603 4459 est
1628 4395 1766 4458 malum.
1793 4394 1864 4459 Sed
1881 4393 1916 4459 in
1933 4416 2017 4459 casu
2042 4405 2159 4479 potest
2179 4416 2259 4459 esse

780 4509 910 4574 licitum
941 4519 975 4573 et
1006 4510 1148 4587 bonum,
1174 4508 1307 4574 scilicet
1338 4530 1417 4573 cum
1450 4530 1557 4573 unum
1589 4531 1662 4574 non
1691 4509 1821 4574 suflicit
1845 4509 1926 4592 (ianr
1959 4510 2050 4574 enim
2075 4530 2147 4573 non
2179 4520 2259 4574 sunt

779 4626 879 4712 plura
906 4636 943 4689 ut
973 4624 1096 4710 plura),
1122 4625 1175 4689 vel
1204 4645 1282 4688 curn
1301 4645 1370 4687 una
1398 4636 1451 4689 est
1479 4623 1648 4689 intitulata
1677 4636 1711 4690 et
1734 4624 1800 4689 alia
1818 4626 2072 4705 commendata,
2098 4625 2152 4690 vel
2177 4646 2256 4689 curn

781 4763 889 4806 unum
924 4741 1099 4826 dependet
1135 4762 1176 4806 ex
1209 4741 1326 4818 altero,
1359 4738 1439 4804 item
1476 4752 1618 4826 propter
1652 4742 1834 4827 penuriam
1860 4742 2075 4820 clericorum,
2101 4740 2181 4806 item
2217 4763 2260 4806 ex

781 4858 1053 4944 dispensatione.
1079 4858 1121 4922 Et
1153 4857 1186 4921 in
1217 4856 1404 4944 praedictis
1429 4858 1569 4922 casibus
1595 4880 1665 4923 nnn
1699 4870 1750 4922 est
1786 4869 1942 4943 potestas
1974 4880 2088 4943 papae
2121 4857 2260 4942 dispen-

781 4974 882 5040 sandi
906 4984 1089 5053 reservata,
1115 4974 1178 5038 sed
1203 4974 1303 5058 quasi
1321 4973 1497 5039 communi
1515 4973 1779 5058 dispensatione
1795 4974 1870 5039 sive
1885 4972 2063 5059 praecepti
2086 4972 2260 5061 generalis

728 5139 731 5146 .
782 5100 950 5175 quantum
975 5090 1020 5153 ad
1055 5088 1255 5174 praedictos
1280 5111 1384 5154 casus
1422 5089 1638 5175 obligatione
1674 5099 1800 5169 amota,
1833 5100 1949 5175 potest
1972 5091 2041 5154 hoc
2073 5088 2146 5154 fieri
2181 5087 2261 5173 quia

784 5206 974 5291 episcopus
998 5207 1134 5271 habens
1160 5205 1394 5270 intitulatnm⁵
1418 5217 1534 5291 potest
1559 5205 1658 5271 aliam
1684 5207 1938 5271 commendare.

872 5322 934 5386 Est
973 5342 1058 5406 ergo
1098 5322 1296 5386 secundum
1337 5343 1375 5385 se
1408 5324 1538 5387 bonum
1579 5322 1674 5404 quod
1714 5321 1859 5386 diversis
1906 5321 2043 5387 diversa
2089 5321 2260 5388 beneficia

785 5438 1010 5503 conferantur
1034 5449 1068 5501 et
1093 5436 1280 5501 maioribus
1306 5437 1437 5502 maiora
1466 5448 1499 5502 et
1523 5436 1676 5517 meliora,
1702 5447 1736 5502 et
1761 5436 1969 5502 contrarium
1987 5439 2115 5502 malum
2139 5459 2262 5503 secun·

874 5748 989 5824 ¹alter0
1010 5748 1043 5802 V.
1063 5780 1096 5788 -
1117 5748 1127 5780 ⁹
1144 5748 1304 5802 eorundem
1324 5748 1357 5801 V.
1377 5780 1410 5787 —
1430 5747 1543 5802 3ῖυθῐίῖ
1556 5749 1589 5802 V.
1604 5780 1637 5788 -
1657 5748 1825 5820 ⁴contingit
1844 5749 1877 5801 V.
1897 5781 1931 5788 -
1951 5750 1962 5779 ⁶
1979 5748 2156 5804 intitulatum
2176 5749 2209 5802 V.

876 5962 915 6026 (1)
935 5976 960 6012 θ.
974 5962 999 6013 3.
1019 5958 1097 6029 Quia
1116 5960 1255 6013 nonnulli.
1276 5961 1310 6014 X.
1330 5960 1368 6014 de
1388 5960 1455 6014 cler.
1476 5977 1535 6015 non
1554 5959 1692 6016 resident.
1706 5959 1757 6014 lll.
1769 5963 1795 6013 4.
1815 5992 1848 5999 -
1869 5964 1908 6029 (2)
1923 5978 1947 6014 c.
1960 5963 1986 6017 4.
2000 5960 2066 6015 eod.
2080 5992 2114 5999 -
2126 5963 2166 6030 (3)
2180 5960 2263 6018 Grat.

786 6045 847 6102 init.
869 6065 896 6124 q.
915 6050 938 6102 1.
960 6046 992 6102 C.
1012 6047 1089 6102 XXI.
