6700 7992
1496 1413 1686 1481 urcisini
1715 1427 1934 1481 consrmm
1964 1429 2015 1481 ns
2045 1413 2241 1482 Fonnhus

1713 1948 1955 2031 Qunssno
1981 1949 2022 2013 x.

1137 2186 1280 2262 Utrum
1305 2212 1415 2261 unus
1439 2187 1664 2263 amicorum
1690 2190 1828 2264 debeat
1855 2190 1973 2264 alteri
2000 2191 2131 2265 arnico
2159 2190 2255 2265 velle
2284 2192 2465 2266 maximo
2489 2193 2603 2266 bono.

1217 2543 1345 2608 Postea
1373 2545 1604 2627 quaerebatur
1631 2543 1724 2609 circa
1752 2543 1959 2628 pertinentia
1988 2546 2032 2609 ad
2059 2556 2174 2610 actum
2204 2546 2402 2626 voluntatis
2432 2558 2466 2612 et
2494 2547 2604 2632 primo

1130 2657 1223 2724 circa
1251 2670 1349 2724 actus
1378 2657 1562 2738 virtuosos
1590 2659 1702 2743 primo
1731 2671 1843 2724 utrum
1871 2681 1961 2725 unus
1985 2661 2175 2726 amicorum
2207 2662 2334 2727 debeat
2362 2662 2459 2728 alteri
2491 2664 2604 2728 amico

1129 2773 1216 2839 velle
1233 2773 1381 2838 maxima
1397 2776 1499 2839 bona.
1518 2774 1561 2839 Et
1585 2774 1740 2861 arguitur
1763 2776 1859 2859 quod
1883 2775 1943 2855 sic,
1961 2775 2042 2860 quia
2065 2777 2259 2842 secundum
2285 2777 2538 2862 Philosophum
2557 2782 2604 2862 (1)

1127 2889 1163 2954 in
1191 2911 1287 2955 nono
1315 2889 1525 2970 Ethicorum,
1550 2889 1683 2956 amicus
1708 2911 1746 2955 se
1770 2892 1875 2956 habet
1899 2891 1943 2955 ad
1968 2891 2117 2958 amicum
2145 2892 2235 2958 sicut
2258 2894 2302 2958 ad
2327 2893 2493 2978 seipsum,
2524 2894 2605 2978 quia

1128 3006 1276 3072 amicum
1307 3017 1444 3092 reputat
1472 3006 1600 3091 quasi¹
1628 3028 1667 3072 se
1699 3007 1853 3084 alterum,
1887 3017 1920 3073 et
1952 3006 2086 3073 etiam²
2113 3008 2146 3073 in
2176 3010 2301 3074 eodem
2330 3030 2426 3074 nono
2451 3009 2533 3075 dicit
2557 3012 2604 3092 (2)

1128 3124 1224 3208 quod
1251 3121 1444 3188 amicabilia
1471 3144 1561 3206 quae
1589 3122 1632 3187 ad
1661 3122 1804 3202 amicos
1832 3123 1867 3187 id
1896 3133 1949 3188 est
1976 3123 2147 3189 amicitiae
2179 3146 2287 3209 opera
2317 3124 2444 3208 quibus
2480 3125 2604 3210 aliquis

1129 3238 1234 3304 utitur
1264 3239 1309 3303 ad
1341 3237 1482 3316 amicos
1515 3237 1675 3303 videntur
1707 3237 1922 3323 processisse
1954 3259 1997 3304 ex
2035 3238 2088 3303 his
2128 3261 2218 3323 quae
2250 3251 2332 3305 sunt
2369 3239 2520 3305 hominis
2560 3241 2604 3305 ad

1128 3354 1292 3440 seipsum.
1310 3353 1381 3420 Sed
1406 3353 1647 3438 unusquisque
1670 3355 1743 3419 vult
1766 3353 1832 3418 sibi
1855 3352 2004 3419 maxima
2027 3356 2122 3419 bona
2141 3354 2161 3419 ³.
2191 3355 2283 3442 Ergo
2307 3355 2409 3421 etiam
2427 3355 2483 3420 illa
2500 3356 2604 3422 debet

1128 3470 1218 3536 velle
1242 3469 1366 3536 amico.

1216 3586 1356 3652 Contra.
1397 3586 1599 3653 Secundum
1632 3585 1884 3670 Philosophum
1902 3589 1948 3668 (3)
1980 3597 2105 3651 octavo
2139 3585 2341 3652 Ethicorum
2378 3587 2438 3652 ubi
2472 3586 2604 3671 quaerit

1126 3702 1218 3768 hanc
1245 3701 1497 3786 quaestionem,
1526 3700 1608 3766 dicit
1635 3702 1730 3786 quod
1756 3722 1835 3767 curn
1863 3700 1995 3767 amicus
2019 3702 2090 3767 vult
2113 3701 2226 3767 amico
2251 3703 2346 3766 bona
2370 3701 2459 3767 illius
2482 3702 2603 3790 gratia,

1126 3837 1267 3883 manere
1299 3827 1439 3903 oportet
1469 3816 1732 3901 qualiscumque
1764 3826 1816 3882 est
1847 3816 1913 3896 ille,
1945 3815 1980 3881 id
2012 3827 2065 3882 est
2096 3828 2234 3902 oportet
2264 3839 2466 3903 supponere
2506 3818 2602 3903 quod

1126 3932 1252 3999 habitis
1282 3932 1347 3998 illis
1375 3932 1477 3998 bonis
1505 3932 1558 3999 ille
1585 3931 1662 4017 ipse
1690 3944 1846 3998 remanet
1869 3931 2133 4017 qualiscumque
2158 3943 2219 3998 est.
2251 3932 2322 4000 Sed
2350 3932 2379 3998 si
2407 3934 2493 3998 alter
2522 3932 2603 3998 ami·

1126 4068 1246 4114 corum
1279 4059 1514 4133 consequatur
1544 4047 1693 4113 maxima
1723 4049 1828 4127 bona,
1861 4069 1933 4113 non
1962 4059 2080 4113 manet
2110 4046 2253 4133 qualis⁴
2284 4047 2389 4133 prius,
2418 4048 2498 4134 quia
2530 4070 2603 4114 non

1126 4174 1244 4230 manet
1272 4163 1414 4244 amicus,
1443 4165 1505 4230 sed
1533 4163 1734 4229 dissolvitur
1761 4162 1910 4229 amicitia
1936 4175 2077 4250 propter
2105 4186 2176 4230 non
2205 4164 2403 4230 convivere.
2422 4164 2541 4248 Quare
2570 4174 2604 4230 et

1126 4290 1251 4346 cetera.

1215 4397 1439 4483 Respondeo.
1468 4395 1665 4462 Dicendum
1682 4407 1734 4462 est
1752 4396 1848 4480 quod
1864 4396 2059 4462 secundum
2076 4396 2326 4482 Philosophum
2346 4399 2393 4479 (4)
2416 4395 2450 4461 in
2476 4408 2602 4461 octavo

1126 4524 1161 4579 et
1183 4533 1279 4578 nono
1303 4512 1515 4592 Ethicorum,
1540 4510 1689 4577 amicitia
1713 4511 1853 4597 proprie
1877 4511 1969 4578 dicta
1993 4532 2066 4577 non
2090 4523 2206 4597 potest
2231 4533 2310 4577 esse
2341 4510 2430 4576 inter
2456 4512 2601 4577 multum

1125 4627 1337 4713 inaequales
1366 4649 1408 4694 eo
1441 4628 1537 4712 quod
1567 4628 1762 4694 secundum
1793 4627 1907 4712 ipsum
1939 4626 2089 4693 amicitia
2116 4639 2150 4693 et
2177 4638 2365 4715 generatur
2397 4638 2431 4692 et
2462 4648 2602 4693 conser-

1048 4786 1053 4795 -
1125 4755 1225 4810 vatur
1247 4766 1290 4811 ex
1313 4756 1432 4809 mutua
1456 4742 1783 4823 communicatione,
1809 4754 1842 4808 et
1866 4743 1910 4808 ad
1934 4742 2083 4809 invicem
2107 4742 2376 4809 conversatione
2400 4741 2601 4824 amicorum,

1125 4871 1292 4946 quantum
1320 4860 1364 4926 ad
1394 4859 1497 4926 eain
1525 4859 1652 4945 quibus
1677 4858 1907 4926 communiter
1934 4859 2150 4925 delectantur
2177 4859 2372 4925 secundum
2390 4858 2550 4924 virtutem
2567 4868 2603 4924 et

1215 5174 1223 5205 ¹
1238 5190 1294 5226 om.
1313 5171 1344 5227 P.
1356 5203 1389 5212 -
1404 5172 1414 5204 ¹
1426 5189 1482 5226 orn.
1496 5171 1527 5225 P.
1544 5203 1574 5211 —
1589 5172 1600 5204 ⁸
1612 5160 1740 5226 maxima
1753 5171 1841 5240 bona]
1855 5171 1933 5225 bona
1946 5169 2081 5224 maxima.
2095 5201 2128 5209 —
2142 5172 2153 5201 ⁴
2166 5170 2249 5242 quasi
2264 5169 2295 5225 P.

1214 5425 1253 5489 (1)
1269 5420 1480 5476 Aristotelis
1494 5419 1670 5473 Ethicorum
1683 5418 1958 5481 Nicomacheorum,
1972 5419 1989 5472 l.
2003 5417 2120 5485 1X,c.4
2134 5416 2191 5484 (ed.
2206 5417 2331 5484 Bekker,
2345 5416 2401 5474 vol.
2417 5417 2454 5483 ΙΙ,
2467 5435 2495 5488 p.
2511 5419 2600 5481 1166).

1124 5513 1168 5581 Τῳ
1180 5509 1212 5574 δὴ
1224 5509 1292 5580 πρὸς
1303 5505 1382 5561 αὑτὸν
1402 5506 1448 5574 μίν
1466 5504 1565 5560 ἕκαστα
1582 5503 1684 5559 τούτων
1701 5502 1830 5576 ὑπάρχειν
1847 5510 1886 5575 τῷ
1905 5501 2021 5566 ἐπιεικεῖ,
2040 5502 2108 5574 πρὸς
2125 5501 2154 5556 δὲ
2170 5502 2216 5556 τὸν
2237 5502 2312 5574 φίλον
2332 5494 2402 5573 ἔχειν
2422 5502 2514 5572 ίίιπιρ
2532 5501 2600 5572 πρὸς

1125 5591 1217 5647 ἑαυτόν
1238 5584 1304 5657 (iuti
1326 5591 1378 5662 γὰρ
1397 5589 1412 5642 d
1432 5588 1507 5660 φίλος
1530 5584 1610 5647 ἄλλος
1631 5584 1729 5650 αὑτός),
1751 5587 1832 5652 καὶὴ
1854 5586 1935 5658 φιλία,
1956 5585 2057 5640 τούτων
2081 5583 2145 5639 εἶναί
2161 5603 2187 5638 τι
2206 5587 2288 5647 δοκεῖ,
2310 5587 2355 5638 καί
2375 5583 2446 5656 φῢιοι
2467 5585 2506 5645 οἷς
2527 5580 2599 5637 ταῦθ’

1124 5674 1248 5747 ὑπάρχει.
1263 5707 1296 5715 -
1311 5673 1477 5742 (ultima.
1493 5673 1611 5737 1X‚c.4
1629 5671 1687 5738 (ed.
1703 5671 1828 5736 Bekker,
1843 5670 1933 5739 ibid).
1952 5669 1990 5722 Τὰ
2007 5669 2098 5740 φιλικὰ
2115 5667 2144 5721 δὲ
2161 5668 2194 5721 τὰ
2212 5667 2280 5738 πρὸς
2297 5666 2360 5729 τοὺς
2379 5665 2480 5738 φίλους,
2500 5667 2545 5720 καί
2562 5666 2600 5728 οἷς

1123 5765 1151 5819 οἱ
1168 5762 1250 5836 φιλίαι
1267 5760 1408 5832 ὁρίζονται,
1430 5751 1513 5814 ἔοικεν
1534 5755 1637 5812 ἐκτῶν
1657 5756 1726 5828 πρὸς
1746 5755 1839 5811 ἑαυτὸν
1860 5753 2022 5822 ἐληλυθέναι.
2046 5780 2079 5797 -ι
2104 5761 2142 5819 (3)
2167 5757 2252 5820 Ibin,
2272 5756 2289 5809 l.
2313 5757 2391 5820 VIII,
2409 5775 2434 5811 c.
2457 5761 2482 5822 9,
2503 5755 2549 5824 [al.
2573 5756 2599 5824 7]
2709 5791 2716 5806 .

1125 5852 1182 5914 ted.
1196 5852 1321 5917 Bekker,
1334 5850 1391 5904 vol.
1407 5850 1443 5916 II,
1456 5868 1484 5921 p.
1499 5851 1587 5914 1159).
1605 5843 1635 5899 El
1651 5846 1684 5911 dh
1702 5847 1793 5906 καλῶς
1809 5841 1910 5916 εἴρηται
1927 5843 1967 5897 δ’τι
1985 5843 2000 5896 ὁ
2018 5842 2093 5915 φίλιος
2105 5849 2144 5915 τῷ
2156 5841 2225 5914 φίλῳ
2245 5841 2368 5910 βούλεται
2385 5841 2487 5915 τάγαθὰ
2499 5838 2601 5895 ἐκείνου

1124 5941 1210 6003 ἕνεκα,
1230 5934 1315 6006 μίνιιν
1327 5934 1357 5992 ἂν
1369 5932 1424 5991 δίοι
1435 5933 1490 5995 ott<
1500 5933 1561 5989 ποτ’
1574 5930 1642 5987 ἐστὶν
1654 5930 1762 5994 ἐκεῖνος.
1775 5965 1807 5974 -
1822 5937 1861 6001 (4)
1876 5932 1950 5986 Ibid.
1974 5932 2032 6001 (ed.
2048 5932 2186 5998 Beklrer)‚
2199 5932 2217 5984 ί.
2227 5931 2306 5997 VIII,
2317 5948 2342 5986 c.
2356 5935 2373 5985 2
2387 5938 2426 6003 (p.
2442 5933 2519 5997 1156,
2532 5931 2601 5995 3-5),

1123 6048 1148 6087 e.
1161 6033 1187 6098 s,
1201 6028 1297 6099 (11.5),
1311 6032 1350 6100 (p.
1366 6026 1639 6096 1157,1e24),9.9,
1654 6023 1701 6092 [at.
1714 6024 1751 6092 η,
1763 6028 1803 6094 (p.
1818 6024 1895 6090 1158,
1909 6023 2019 6095 mean
2032 6020 2050 6074 1.
2064 6019 2114 6088 ui,
2127 6037 2152 6074 e.
2165 6021 2183 6074 ι
2195 6023 2235 6091 (ρ.
2250 6021 2339 6086 1166).
