6700 7992
950 2427 1015 2482 cod.
1026 2427 1052 2480 V

1110 1454 1159 1518 tan
1472 1463 1663 1520 linorsrru
1695 1465 1914 1520 conanum
1945 1465 1996 1519 os
2026 1464 2223 1519 souliers

1107 1667 1180 1710 non
1204 1644 1343 1731 proprie
1363 1645 1565 1730 assumptio.
1592 1645 1681 1710 Cum
1707 1645 1796 1711 enim
1822 1645 1925 1710 suerit
1950 1645 2112 1730 parvulus
2129 1645 2164 1709 in
2185 1643 2419 1730 conceptione
2444 1644 2586 1709 multum

1108 1760 1262 1826 additum
1292 1761 1368 1826 est¹
1395 1760 1459 1825 sibi
1489 1762 1532 1826 de
1560 1782 1652 1825 nova
1677 1761 1818 1826 materia
1844 1782 1904 1845 per
1929 1760 2184 1825 nutrimentum.
2211 1762 2282 1826 Sed
2307 1760 2364 1824 illa
2392 1760 2586 1825 secundum

1107 1899 1146 1942 se
1173 1899 1245 1941 non
1274 1878 1526 1955 assumebatur,
1558 1876 1622 1941 sed
1654 1877 1816 1941 materiae.
1847 1876 2092 1961 praeexistenti
2124 1899 2215 1960 quae.
2243 1898 2306 1961 per
2336 1898 2375 1942 se
2407 1887 2480 1941 erat
2507 1875 2587 1960 pars

1108 2003 1308 2078 assumptae
1336 2003 1479 2057 naturae
1508 1991 1701 2070 uniebatur,
1728 2004 1761 2056 et
1789 2014 1830 2056 ex
1858 1992 2088 2076 consequenti
2113 1991 2230 2057 divino
2259 1991 2454 2077 supposito.
2480 1992 2528 2056 lta
2553 1990 2587 2056 in

1108 2121 1218 2174 morte.
1242 2109 1406 2174 remansit
1430 2108 1533 2174 unica
1557 2107 1672 2172 anima
1698 2120 1731 2172 et
1755 2108 1896 2173 materia
1922 2130 2024 2191 quam
2050 2108 2204 2192 perfecit,
2223 2119 2256 2173 et
2281 2108 2362 2191 quia
2385 2107 2419 2172 in
2444 2107 2588 2173 materia

1107 2224 1164 2289 illa
1188 2223 1396 2290 necessitate
1421 2237 1565 2290 naturae
1588 2223 1652 2287 fuit
1677 2245 1769 2287 nova
1793 2224 1905 2288 sonna
1928 2223 2134 2303 introducta,
2152 2224 2208 2287 illa
2226 2223 2289 2288 suit
2306 2223 2402 2288 unita
2424 2223 2587 2289 materiae

1109 2339 1236 2406 Christi
1264 2340 1300 2404 in
1328 2361 1406 2405 esse
1434 2351 1588 2419 naturae,
1617 2361 1688 2404 non
1718 2351 1833 2404 autem
1861 2339 2003 2404 ulterius
2033 2339 2118 2403 Filio
2148 2339 2213 2405 Dei
2242 2339 2276 2404 in
2308 2361 2387 2405 esse
2415 2339 2588 2425 suppositi

921 2497 1087 2554 fol-ww,
1109 2457 1203 2541 quod
1231 2460 1235 2539 Ι
1264 2462 1357 2522 esset
1382 2455 1570 2541 potentiale
1595 2456 1789 2520 secundum
1808 2454 1953 2540 aliquos,
1971 2455 2051 2539 quia
2073 2467 2125 2520 est
2149 2455 2215 2520 alia
2239 2456 2392 2522 essentia
2409 2479 2428 2522 a
2447 2457 2589 2522 materia

950 2569 1015 2624 cod.
1030 2571 1052 2623 P

918 2640 966 2697 fol.
982 2645 1033 2696 148
1045 2642 1086 2695 Rb

1109 2572 1214 2637 unita.
1240 2572 1312 2638 Sed
1337 2593 1408 2637 non
1432 2572 1568 2637 videtur
1592 2573 1660 2636 hoc
1686 2593 1764 2636 esse
1792 2593 1921 2649 verum,
1951 2570 2031 2655 quia
2056 2594 2097 2636 ex
2122 2593 2192 2655 quo
2220 2571 2277 2636 illa
2309 2575 2313 2652 Ι
2345 2573 2455 2637 forma
2484 2572 2518 2637 in
2549 2594 2588 2637 se

1109 2708 1181 2752 non
1206 2687 1419 2753 subsistebat
1439 2700 1577 2773 oportet
1601 2688 1696 2771 quod
1721 2687 1926 2752 subsisteret
1944 2687 1976 2751 in
1995 2687 2178 2773 supposito
2196 2688 2229 2752 in
2255 2710 2325 2773 quo
2349 2688 2492 2754 materia
2508 2690 2588 2753 sub·

1110 2803 1254 2872 sistebat
1269 2803 1290 2885 ²,
1314 2803 1360 2869 ita
1384 2805 1478 2888 quod
1506 2803 1541 2867 in
1565 2814 1732 2887 quantum
1758 2815 1830 2868 erat
1859 2802 2028 2887 perfectio
2054 2803 2142 2868 illius
2167 2803 2329 2869 materiae
2354 2802 2590 2889 principaliter

1110 2921 1237 2999 unitae,
1269 2941 1311 2985 ex
1339 2919 1569 3004 consequenti
1597 2919 1632 2984 in
1661 2918 1792 2983 unitate
1821 2919 1978 2984 eiusdem
2006 2919 2177 3005 suppositi
2202 2919 2298 2984 unita
2323 2931 2405 2985 erat.
2430 2919 2511 2984 Non
2536 2931 2589 2985 est

1110 3035 1202 3102 enim
1226 3048 1347 3101 contra
1371 3034 1499 3100 Christi
1523 3035 1725 3123 dignitatem
1753 3057 1883 3120 ponere
1908 3035 1998 3100 circa
2017 3035 2126 3120 ipsam
2145 3057 2292 3120 eaquae
2312 3037 2356 3101 de
2378 3036 2589 3101 necessitate

1109 3163 1253 3217 naturae
1270 3162 1471 3237 assumptae
1487 3163 1760 3236 consequuntur,
1777 3174 1818 3215 ex
1835 3173 1905 3235 quo
1923 3151 2033 3236 ipsam
2058 3172 2137 3215 cum
2162 3151 2234 3215 suis
2255 3151 2451 3217 defectibus
2464 3151 2476 3183 ³
2491 3163 2588 3217 natu·

1110 3267 1238 3332 ralibus
1268 3278 1302 3332 et
1326 3267 1534 3353 poenalibus
1561 3267 1669 3332 voluit
1697 3288 1886 3331 assumere.

1199 3385 1278 3448 Hoc
1306 3395 1421 3449 tamen
1457 3405 1528 3448 non
1557 3404 1687 3461 assem,
1717 3383 1779 3447 sed
1813 3403 1883 3446 non
1918 3382 2021 3447 video
2050 3404 2156 3466 quare
2188 3405 2258 3447 non
2293 3383 2402 3468 possit
2435 3383 2485 3450 sic
2510 3381 2588 3448 dici.

1112 3500 1218 3584 Quod
1235 3500 1326 3565 enim
1345 3499 1379 3564 in
1397 3498 1537 3565 Christo
1554 3499 1607 3564 vel
1632 3498 1666 3561 in
1692 3498 1767 3562 aliis
1792 3498 1903 3583 possit
1927 3497 2018 3563 idern
2044 3520 2189 3563 numero
2210 3520 2338 3585 corpus
2356 3521 2434 3566 esse
2454 3499 2589 3565 vivum⁴
2670 3512 2674 3519 “

1111 3627 1146 3682 et
1162 3628 1345 3695 mortuum,
1363 3615 1408 3680 ita
1426 3614 1642 3701 impossibile
1660 3613 1796 3678 videtur
1812 3613 1901 3678 sicut
1919 3615 2012 3698 quod
2030 3614 2157 3698 aliquid
2183 3636 2289 3679 unum
2307 3637 2453 3681 numero
2478 3615 2590 3700 possit

1112 3754 1192 3798 esse
1216 3732 1334 3797 vinum
1355 3742 1389 3797 et
1412 3742 1559 3796 acetum.
1586 3731 1693 3795 lmmo
1717 3729 1752 3793 in
1777 3730 1902 3794 talibus
1920 3752 1990 3795 non
2017 3741 2110 3795 esset
2133 3731 2262 3815 aliquid
2287 3744 2486 3817 corruptum
2512 3731 2590 3795 sim·

1111 3847 1246 3934 pliciter
1276 3860 1313 3913 ut
1345 3847 1474 3912 dietum
1511 3857 1573 3926 est,
1606 3846 1688 3931 quia
1719 3845 1747 3911 si
1782 3867 1853 3911 uon
1885 3845 1928 3911 sit
1956 3845 2084 3930 aliquid
2105 3842 2245 3911 ¹novum
2276 3859 2491 3935 generatum,
2522 3868 2589 3913 nec

1112 3963 1214 4029 etiam
1239 3962 1319 4029 est⁶
1348 3963 1478 4048 aliquid
1511 3962 1712 4047 simpliciter
1736 3973 1946 4047 corruptum.
1977 3962 2078 4044 Quae
2109 3973 2162 4028 est
2190 3962 2394 4048 dispositiot
2422 3985 2512 4048 quae
2538 3974 2591 4029 est

1112 4078 1307 4145 necessitas
1324 4078 1439 4162 aliqua
1462 4080 1578 4143 adhue
1602 4078 1717 4142 anima
1734 4100 1805 4142 non
1831 4076 2036 4162 separetur⁷
2053 4078 2216 4162 quamdiu
2234 4091 2390 4144 maneret
2406 4101 2590 4165 quousque

1113 4194 1205 4259 facta
1221 4193 1314 4259 circa
1335 4193 1584 4279 dispositiones
1601 4203 1861 4277 consequentes
1878 4192 2144 4279 regeneratione
2162 4194 2214 4258 vel
2232 4195 2482 4260 antecedentes
2498 4197 2590 4260 hanc

1112 4310 1268 4390 formam,
1295 4309 1449 4375 similiter
1473 4309 1529 4374 illa
1557 4309 1749 4374 variatione
1778 4330 1848 4372 non
1878 4310 2039 4374 obstante
2067 4310 2135 4374 hoc
2159 4309 2338 4375 manerett.
2368 4310 2411 4375 Et
2438 4310 2527 4376 sicut
2555 4309 2590 4375 in

1113 4436 1213 4491 aceto
1237 4446 1309 4490 non
1338 4437 1391 4490 est
1418 4426 1529 4491 forma
1557 4423 1796 4489 substantialis
1820 4445 1910 4508 quae
1938 4423 2033 4508 prius
2057 4423 2120 4489 fuit
2151 4424 2317 4509 (alioquin
2345 4425 2440 4511 prius
2469 4426 2590 4491 fuisset

1113 4540 1313 4628 simpliciter
1337 4552 1473 4607 acetum
1499 4553 1532 4606 et
1548 4540 1691 4621 vinum),
1709 4540 1755 4605 ita
1780 4539 1813 4605 in
1839 4560 1986 4625 corpore
2011 4550 2147 4605 mortuo
2173 4562 2243 4605 non
2269 4553 2322 4607 est
2345 4541 2474 4626 aliquid
2494 4543 2590 4627 quod

1114 4657 1209 4743 prius
1233 4657 1297 4722 fuit
1321 4658 1515 4724 secundum
1540 4657 1685 4721 sormam
1711 4654 1984 4735 substantialem,
2010 4655 2163 4740 alioquin
2188 4657 2300 4721 forma
2324 4657 2390 4722 vivi
2411 4670 2445 4723 et
2466 4656 2589 4723 mortui

1114 4784 1232 4839 essent
1248 4773 1358 4838 simul.

1205 4890 1277 4955 Sed
1319 4909 1437 4953 nonne
1477 4888 1588 4974 magis
1628 4887 1826 4973 specialiter
1869 4887 2054 4952 confitetur
2092 4888 2251 4954 Ecclesia
2295 4910 2422 4975 corpus
2463 4889 2590 4956 Christi

1114 5026 1221 5070 unum
1247 5026 1392 5070 numero
1417 5004 1535 5084 fuisse,
1565 5014 1603 5068 ut
1633 5015 1728 5089 patet
1764 5025 1825 5089 per
1857 5003 2081 5068 auctoritates
2113 5015 2312 5070 sanctorum
2349 5006 2450 5072 valde
2485 5006 2590 5071 mani-

1114 5121 1231 5201 festas,
1256 5141 1361 5206 quarn
1386 5121 1430 5186 de
1455 5119 1556 5185 aliis?
1580 5119 1779 5185 Dicendum
1805 5119 1899 5202 quod
1924 5118 2039 5200 imme,
2075 5121 2170 5205 quod
2195 5121 2275 5187 licet
2299 5143 2369 5187 non
2395 5122 2459 5187 suit
2483 5144 2590 5187 unum

1113 5257 1259 5302 numero
1289 5258 1417 5322 corpus
1450 5235 1577 5302 Christi
1610 5235 1726 5300 vivum
1756 5245 1790 5300 et
1819 5246 1991 5299 mortuum
2017 5235 2147 5302 unitate
2177 5236 2311 5303 formae
2342 5237 2590 5318 substantialis

1114 5352 1179 5418 fuit
1205 5363 1320 5418 tamen
1346 5373 1452 5417 unum
1477 5351 1620 5438 speciali
1643 5351 1775 5422 unitate
1800 5350 1982 5436 suppositi.

1173 5466 1177 5473 ’
1204 5468 1261 5533 Ad
1278 5468 1371 5533 aliud
1388 5469 1432 5534 de
1456 5465 1871 5533 transsubstantirrtione⁸
1894 5467 2080 5533 dicendum
2107 5470 2201 5553 quod
2226 5469 2411 5535 conversio
2435 5469 2473 5535 fit
2496 5469 2531 5535 in
2555 5468 2590 5535 id

1114 5585 1209 5670 quod
1226 5606 1307 5651 vere
1331 5596 1448 5671 potest
1472 5583 1540 5650 dici
1557 5606 1686 5670 corpus
1704 5582 1937 5670 compositum
1958 5606 2000 5648 ex
2017 5584 2159 5649 materia
2170 5597 2217 5650 -et
2235 5586 2345 5651 fomra
2362 5584 2590 5651 substantiali.

1205 5899 1214 5930 ¹
1227 5915 1282 5951 om.
1302 5895 1334 5951 P.
1347 5928 1381 5937 —-
1395 5897 1405 5929 ¹
1418 5904 1536 5969 oportet
1549 5927 1581 5936 -—
1596 5895 1786 5965 subsistebat]
1801 5914 1856 5948 om.
1876 5894 1907 5948 P.
1927 5923 1960 5935 -
1980 5896 1991 5925 ³
2004 5896 2115 5948 lacuna
2135 5896 2166 5950 P.
2186 5927 2218 5935 —
2240 5899 2248 5927 ⁴
2263 5914 2351 5949 uuum
2370 5896 2403 5949 V.
2418 5927 2450 5934 —
2466 5897 2544 5950 ⁵om.
2560 5896 2591 5950 P.

1115 6014 1149 6025 -
1164 5986 1175 6017 ⁶
1187 5984 1273 6056 Quae
1287 5995 1335 6040 est·
1345 5985 1500 6057 dispositio
1514 6018 1546 6025 --
1558 5986 1613 6039 hoc
1627 5988 1769 6053 maneret]
1783 5985 1843 6037 Hic
1855 5985 1936 6037 Iocus
1951 5984 2074 6036 inrrtr'lus
2087 6002 2146 6038 esse
2158 5985 2285 6037 vertetur.
2297 6016 2329 6023 —
2343 5985 2548 6054 'separaretur
2560 5984 2592 6040 P.

1115 6105 1148 6113 —
1169 6073 1438 6144 ⁸transsumptione
1453 6074 1509 6128 PV.
