6700 7992
1091 1395 1141 1448 144
1453 1395 1645 1450 MAGISTRI
1673 1394 1895 1451 GODEFRlDl
1923 1396 1975 1450 DE
2005 1396 2203 1453 FONTIBUS

1090 1575 1288 1662 disponitur
1321 1575 1528 1662 suscipiens
1564 1576 1615 1642 sic
1650 1575 1753 1642 etiam
1789 1576 1977 1662 perfectius
2009 1575 2044 1641 in
2079 1587 2159 1643 actu
2195 1577 2390 1644 secundum
2418 1579 2566 1644 formam

1090 1690 1242 1757 caritatis
1267 1691 1442 1757 reducitur
1465 1693 1509 1756 ab
1543 1713 1587 1757 eo
1620 1691 1677 1776 qui
1709 1703 1762 1757 est
1793 1713 1899 1758 causa
1930 1691 2091 1757 caritatis.
2124 1693 2259 1758 Caritas
2289 1715 2374 1781 ergo
2409 1714 2475 1760 nee
2499 1693 2566 1759 alia

1090 1807 1236 1892 qualitas
1267 1830 1338 1873 non
1371 1818 1518 1893 augetur
1549 1829 1612 1893 per
1646 1808 1860 1873 additionem
1897 1807 2071 1875 essentiae
2095 1809 2149 1875 vel
2185 1808 2292 1894 partis
2317 1808 2491 1876 essentiae
2522 1810 2567 1875 ad

1090 1923 1190 1988 aliam
1219 1935 1362 2010 partem,
1391 1924 1454 1989 sed
1483 1945 1545 2009 per
1568 1926 1637 1989 hoc
1661 1925 1756 2009 quod
1782 1945 1850 1989 una
1868 1935 1902 1989 et
1926 1925 2048 1990 eadem
2074 1923 2176 1990 etiam
2200 1926 2394 1991 secundum
2418 1925 2567 2014 gradum

1090 2038 1263 2105 essentiae
1280 2039 1392 2127 magis
1420 2039 1503 2106 facit
1526 2041 1580 2105 vel
1609 2039 1744 2105 reducit
1768 2039 1801 2104 in
1827 2051 1941 2105 actum
1971 2062 2079 2105 unum
2108 2062 2210 2125 quam
2236 2040 2338 2106 alium
2363 2063 2406 2108 ex
2430 2041 2568 2108 diversa

1088 2153 1320 2241 dispositione
1345 2154 1501 2235 subiecti,
1527 2156 1582 2220 vel
1606 2156 1681 2221 sola
1705 2155 1831 2221 virtute
1855 2155 1992 2241 agentis
2017 2167 2051 2221 et
2075 2168 2199 2221 cetera.

1178 2271 1381 2336 Secundum
1405 2273 1500 2337 hunc
1524 2271 1656 2359 gradus
1681 2293 1886 2357 processum
1911 2272 2098 2338 dicendum
2125 2272 2268 2352 videtur,
2286 2274 2381 2358 quod
2401 2294 2567 2362 augmen·

1087 2397 1159 2452 tum
1184 2387 1317 2453 formae
1340 2398 1457 2473 potest
1485 2387 1630 2475 intelligi
1654 2408 1697 2452 ex
1721 2398 1818 2473 parte
1842 2386 1952 2472 ipsius
1977 2399 2109 2453 tormae
2134 2388 2207 2454 sive
2232 2389 2426 2455 secundum
2455 2389 2566 2476 ipsam

1088 2503 1259 2568 formam¹
1300 2503 1494 2569 secundum
1534 2524 1572 2569 se
1611 2503 1684 2568 sive
1724 2503 1918 2568 secundum
1957 2503 2031 2569 eius
2072 2504 2258 2569 essentiam
2294 2506 2489 2571 secundum
2526 2527 2566 2572 se

1086 2618 1352 2699 consideratam,
1385 2620 1439 2684 vel
1471 2618 1539 2684 ex²
1570 2631 1667 2705 parte
1700 2618 1809 2704 ipsius
1841 2619 1990 2685 subiecti
2022 2619 2096 2685 sive
2129 2621 2325 2685 secundum
2357 2641 2437 2687 esse
2469 2623 2566 2706 quod

1085 2737 1192 2800 habet
1208 2735 1242 2800 in
1267 2734 1425 2801 subiecto
1443 2735 1516 2801 sive
1540 2736 1735 2800 secundum
1753 2735 1847 2819 quod
1865 2735 2059 2800 subiectum
2088 2736 2198 2820 ipsam
2218 2736 2363 2801 formam
2381 2736 2566 2823 participat

1087 2851 1198 2939 magis
1227 2862 1260 2916 et
1284 2850 1398 2916 minus
1422 2853 1586 2936 perfecte.
1616 2852 1658 2915 Et
1686 2851 1880 2916 secundum
1909 2850 2055 2935 primum
2088 2852 2228 2917 modum
2266 2845 2406 2937 quidem
2430 2875 2502 2918 non
2528 2854 2566 2919 fit

1086 2979 1322 3056 augmentum,
1347 2968 1410 3033 sed
1439 2968 1597 3032 secundo
1622 2968 1729 3031 morlo
1758 2967 1791 3031 in
1821 2966 2054 3051 qualitatibus.
2081 2968 2152 3033 Sed
2178 2967 2259 3052 quia
2274 2968 2294 3047 ³,
2324 2968 2354 3033 si
2389 2990 2468 3036 esse
2493 2991 2565 3035 non

1087 3084 1130 3150 sit
1155 3095 1249 3150 extra
1273 3083 1442 3148 rationem
1470 3082 1643 3148 essentiae
1672 3082 1807 3147 realiter
1835 3093 1871 3147 ut
1898 3082 2026 3148 dictum
2053 3095 2115 3162 est,
2141 3094 2174 3148 et
2198 3084 2350 3150 essentia
2375 3084 2566 3151 accidentis

1087 3209 1121 3265 et
1149 3198 1224 3265 eius
1256 3220 1336 3264 esse
1365 3209 1399 3263 et
1430 3197 1546 3263 inesse
1580 3219 1659 3262 cum
1690 3198 1780 3263 inest
1809 3219 1880 3263 non
1912 3197 1955 3262 sit
1991 3198 2125 3263 realiter
2160 3199 2253 3263 aliud
2288 3210 2322 3264 et
2353 3199 2456 3279 aliud,
2493 3222 2565 3265 non

1086 3315 1222 3380 videtur
1245 3314 1400 3400 recipere
1425 3314 1536 3401 magis
1572 3325 1605 3379 et
1629 3313 1743 3379 minus
1779 3313 1972 3379 secundum
1998 3336 2077 3379 esse
2105 3314 2185 3379 vel⁴
2216 3314 2333 3382 inesse
2365 3315 2430 3381 nisi
2462 3316 2565 3382 etiam

1086 3430 1230 3517 recipiat
1268 3431 1462 3496 secundum
1503 3430 1700 3508 essentiam,
1737 3429 1782 3494 ita
1818 3431 1912 3514 quod
1954 3429 2030 3515 ipsa
2069 3430 2222 3496 essentia
2261 3432 2488 3497 secundum⁶
2526 3454 2565 3500 se

1086 3549 1214 3614 habeat
1238 3548 1379 3611 multam
1395 3545 1621 3625 latitudinem,
1641 3545 1826 3611 continens
1851 3545 1983 3611 scilieet
2008 3547 2135 3611 multos
2160 3548 2291 3634 gradus
2317 3547 2504 3614 virtualiter
2532 3560 2566 3615 et

1085 3685 1159 3729 non
1186 3662 1365 3728 actualiter
1392 3662 1587 3727 secundum
1614 3684 1663 3741 se,
1683 3701 1723 3709 -
1742 3661 1821 3727 ideo
1840 3661 1981 3726 ulterius
2000 3661 2266 3749 intelligendum
2290 3674 2343 3729 est
2367 3664 2462 3749 quod
2487 3665 2564 3730 illos

1084 3780 1216 3868 gradus
1241 3777 1421 3845 actualiter
1436 3800 1507 3842 non
1528 3778 1633 3842 habet
1658 3777 1723 3842 nisi
1748 3777 1781 3842 in
1808 3778 1967 3843 subiecto
1992 3777 2198 3863 participata
2223 3800 2329 3863 aquo
2346 3801 2419 3844 non
2444 3792 2566 3865 posset

1085 3894 1273 3983 perfectius
1314 3905 1347 3960 et
1386 3893 1653 3978 imperfectius⁶
1692 3893 1900 3978 participari,
1943 3893 2007 3958 nisi
2048 3893 2082 3959 in
2123 3893 2199 3980 ipsa
2240 3895 2393 3960 essentia
2431 3896 2564 3962 formae

1085 4011 1280 4077 secundum
1304 4031 1342 4077 se
1359 4021 1393 4076 et
1411 4009 1508 4096 prius
1524 4021 1646 4074 natura
1672 4021 1790 4074 essent
1816 4009 2016 4074 huiusmodi
2040 4010 2171 4095 gradus
2195 4009 2358 4076 virtuales
2383 4021 2417 4077 et
2441 4011 2564 4077 virtua-

1085 4126 1170 4207 liter,
1200 4137 1385 4211 antequam
1419 4136 1538 4191 essent
1567 4125 1600 4190 in
1626 4125 1703 4210 ipso
1735 4125 1894 4190 subiecto
1923 4125 2112 4191 formaliter
2142 4138 2175 4191 et
2203 4126 2391 4192 actualiter.
2423 4167 2463 4174 —
2493 4128 2564 4194 Sed

1086 4243 1182 4329 quod
1206 4242 1241 4307 in
1266 4241 1418 4308 essentia
1443 4241 1588 4306 alicuius
1615 4242 1747 4306 formae
1776 4262 1847 4306 non
1873 4251 2022 4327 possunt
2047 4262 2125 4306 esse
2149 4243 2267 4327 plures
2291 4244 2422 4330 gradus
2447 4264 2564 4309 essen·

1087 4359 1197 4439 tialeS,
1237 4357 1310 4424 sive
1346 4358 1457 4444 ipsam
1498 4359 1629 4423 formae
1669 4357 1857 4423 essentiam
1897 4356 2186 4441 quodammodo⁷
2221 4357 2447 4446 integranteS,
2491 4359 2564 4426 sive

1086 4475 1338 4542 constituentes
1362 4496 1452 4559 quae
1477 4473 1602 4538 dicitur
1626 4473 1789 4538 constitui
1815 4473 1914 4557 quasi
1943 4494 1984 4538 ex
2012 4495 2142 4559 genere
2168 4485 2201 4539 et
2225 4474 2420 4540 differentia
2445 4474 2564 4541 ultima

1086 4595 1320 4679 etcompleta,
1341 4590 1386 4657 ita
1414 4591 1510 4675 quod
1534 4589 1610 4675 ipsa
1639 4601 1802 4654 manente
1831 4589 1940 4674 possit
1969 4590 2163 4654 secundum
2193 4590 2328 4674 aliquos
2364 4590 2564 4674 huiusmodi

1085 4710 1216 4798 gradus
1252 4706 1448 4794 participari
1480 4708 1524 4771 ab
1556 4727 1627 4769 uno
1664 4717 1698 4770 et
1731 4706 1925 4770 secundum
1956 4706 2042 4770 alios
2081 4706 2134 4769 vel
2164 4706 2267 4770 alium
2296 4708 2340 4770 ab
2369 4706 2447 4787 alio,
2480 4707 2563 4789 (hoc

1086 4836 1138 4891 est
1166 4825 1260 4909 quod
1289 4845 1360 4888 non
1387 4823 1455 4886 sint
1484 4822 1600 4906 plures
1624 4821 1756 4908 gradus
1781 4820 1814 4884 in
1840 4821 1888 4884 rei
1914 4820 2165 4905 cuiuscumque
2191 4822 2344 4887 essentia
2368 4823 2563 4888 secundum

1086 4962 1173 5025 quos
1198 4939 1309 5025 possit
1327 4937 1447 5026 augeri
1465 4938 1517 5001 vel
1535 4936 1640 5001 minui
1659 4936 1710 5001 sic
1728 4936 1958 5001 essentialiter
1977 4938 2171 5001 secuudum
2192 4941 2254 5019 se),
2275 4977 2312 4984 —
2332 4938 2401 5004 hoc
2417 4937 2562 5003 videtur.
2627 4990 2630 4996 .

1084 5057 1173 5122 Nam
1198 5055 1350 5121 essentia
1375 5054 1421 5118 rei
1440 5063 1493 5118 est
1510 5052 1585 5138 ipsa
1602 5051 1650 5116 rei
1668 5051 1843 5135 quidditas
1865 5073 1954 5135 quae
1979 5052 2166 5117 attenditur
2182 5054 2375 5118 secundum
2393 5054 2562 5120 rationem

1085 5171 1230 5237 alicuius
1256 5168 1363 5235 ultimi
1380 5167 1623 5254 complementi
1649 5189 1711 5252 per
1735 5168 1829 5250 qirod
1856 5189 1910 5232 res
1936 5169 2127 5233 collocatur
2143 5180 2180 5233 ut
2204 5190 2267 5233 ens
2296 5168 2562 5235 determinatum

1085 5287 1119 5353 in
1136 5286 1364 5352 determinata
1381 5284 1511 5370 specie.
1525 5285 1577 5347 De
1596 5283 1803 5348 necessitate
1822 5305 1907 5370 ergo
1925 5283 2188 5368 quaecumque⁸
2205 5284 2316 5349 forma
2333 5285 2561 5371 specificalm]

1084 5404 1191 5468 habet
1224 5413 1331 5467 totam
1356 5400 1543 5466 essentiam
1574 5410 1608 5464 et
1632 5420 1756 5463 onmes
1786 5399 1863 5463 illos
1897 5416 2028 5481 gradus
2060 5399 2264 5465 essentiales
2296 5399 2354 5484 qui
2389 5400 2564 5486 pertinent

1085 5519 1128 5583 ad
1157 5519 1259 5583 talem
1287 5538 1369 5583 rem.
1399 5517 1450 5581 Ex
1476 5538 1546 5600 quo
1575 5515 1677 5580 etiam
1706 5514 1842 5599 species
1871 5514 2025 5580 continet
2054 5514 2221 5594 ultimum,
2250 5515 2406 5582 continet
2441 5516 2559 5582 omnia

1084 5634 1184 5720 quasi
1201 5633 1354 5720 speciem
1375 5630 1633 5707 antecedentia,
1652 5645 1685 5695 et
1702 5652 1744 5695 ex
1761 5652 1830 5714 quo
1849 5629 1931 5695 illud
1948 5630 2157 5716 completive
2173 5631 2391 5712 constituens
2408 5632 2562 5717 speciem

1175 5923 1182 5952 ¹
1206 5920 1268 5972 sive
1290 5919 1318 5972 P.
1340 5950 1372 5957 -
1396 5918 1406 5949 ²
1425 5934 1479 5970 om.
1508 5917 1538 5969 P.
1563 5947 1593 5954 -
1620 5916 1631 5946 ³
1654 5932 1709 5967 ont.
1730 5913 1760 5968 P.
1783 5947 1814 5953 —
1837 5919 1846 5946 ⁴
1866 5923 1895 5968 et
1915 5915 1945 5967 P.
1966 5947 1998 5954 -
2023 5917 2033 5945 ⁵
2055 5914 2182 5969 essentia
2205 5916 2376 5987 secundum]
2399 5934 2455 5970 om.
2478 5916 2509 5971 P.
2529 5949 2563 5957 -

1084 6010 1095 6041 ⁶
1114 6016 1143 6063 et
1163 6007 1374 6078 imperfectius]
1395 6022 1450 6058 om.
1472 6005 1502 6058 P.
1523 6034 1555 6041 -
1578 6002 1756 6075 'qimmodo
1777 6002 1807 6057 l‘.
1827 6034 1859 6041 —
1881 6004 1891 6033 ⁸
1910 6002 2059 6075 quaelibet
2078 6003 2109 6058 P.
