6700 7992
1027 1447 1061 1499 56
1392 1444 1582 1500 MAGISTRI
1611 1445 1831 1500 GODEFRlDl
1860 1446 1911 1498 DE
1940 1443 2138 1500 FONTlBUS

1028 1625 1071 1687 ab
1100 1625 1259 1709 exemplo
1288 1625 1481 1709 pulchrum,
1514 1625 1767 1709 pulcherrimus
1798 1624 1874 1710 ipse
1906 1626 2073 1689 mundum
2104 1636 2220 1689 mente
2254 1645 2382 1711 gerens
2412 1623 2502 1688 simi·

1027 1738 1119 1822 lique
1145 1739 1178 1803 in
1203 1739 1355 1824 imagine
1380 1741 1544 1804 formans.
1572 1741 1619 1804 lta
1644 1741 1737 1823 quod
1763 1741 1852 1805 sicut
1875 1739 2078 1805 relationem
2099 1741 2224 1805 realem
2251 1751 2284 1805 et
2306 1752 2502 1824 respectum

1028 1878 1069 1920 ex
1086 1865 1242 1940 tempore
1263 1856 1367 1919 habet
1384 1867 1542 1920 ereatura
1559 1857 1603 1920 ad
1621 1856 1734 1920 Deum
1753 1868 1789 1920 ut
1806 1856 1849 1919 ad
1875 1877 2016 1921 causam
2042 1855 2258 1935 efficientem,
2283 1856 2318 1919 in
2335 1867 2501 1940 quantum

1027 1972 1133 2035 habet
1149 1971 1243 2054 quod
1272 1970 1315 2034 sit
1343 1971 1494 2036 existens
1523 1971 1557 2035 in
1586 1971 1713 2037 effectu
1741 1993 1804 2055 per
1831 1971 1958 2036 dictam
1981 1972 2204 2050 voluntatem,
2230 1971 2276 2035 ita
2300 1970 2502 2036 relationem

1028 2086 1154 2151 realem
1173 2097 1206 2151 et
1223 2098 1421 2170 respectum
1438 2089 1482 2150 ab
1499 2098 1642 2151 aeterno
1659 2088 1766 2152 habet
1786 2087 1794 2121 ¹
1819 2088 1863 2151 ad
1888 2087 2001 2172 ipsum
2027 2099 2063 2151 ut
2088 2088 2131 2151 ad
2157 2108 2298 2152 causam
2324 2087 2501 2152 formalem

1029 2202 1269 2286 exemplarem,
1302 2201 1336 2266 in
1369 2214 1535 2286 quantum
1575 2203 1682 2267 habet
1722 2204 1816 2287 quod
1856 2202 1899 2267 sit
1939 2224 2002 2267 ens
2033 2203 2174 2287 aliquod
2214 2224 2276 2288 per
2314 2201 2502 2267 essentiam

1028 2317 1155 2382 realem
1183 2317 1217 2381 in
1246 2339 1325 2383 esse
1354 2316 1583 2401 quidditativo
1613 2339 1674 2402 per
1710 2318 1861 2382 divinam
1900 2318 2080 2383 scientiam
2114 2319 2307 2384 secundum
2333 2317 2502 2383 rationem

1029 2431 1175 2496 idealem
1216 2444 1252 2496 ut
1290 2432 1421 2498 dictum
1468 2445 1531 2498 est.
1571 2433 1740 2498 Neutrum
1784 2444 1899 2498 autem
1946 2448 2142 2518 respectum
2184 2435 2310 2499 realem
2356 2444 2504 2518 possunt

1028 2549 1157 2613 habere
1185 2548 1352 2635 figmenta
1380 2560 1541 2633 respectu
1570 2548 1646 2625 Dei,
1676 2548 1756 2632 quia
1787 2570 1876 2633 quae
1905 2570 1978 2614 non
2001 2551 2131 2614 habent
2156 2551 2330 2634 exemplar
2354 2549 2388 2612 in
2415 2549 2502 2628 Deo,

843 2652 1008 2778 fffilpRa
1029 2674 1063 2728 et
1079 2663 1159 2729 ideo
1177 2663 1277 2728 etiam
1307 2685 1379 2728 non
1415 2668 1419 2747 Ι
1456 2675 1537 2728 sunt
1564 2674 1646 2729 nata
1663 2684 1742 2729 esse
1770 2663 1899 2748 aliquid
1927 2664 1961 2728 in
1990 2686 2027 2730 re
2055 2676 2150 2729 extra
2181 2664 2216 2728 in
2241 2686 2353 2730 rerum
2382 2675 2505 2729 natura

887 2766 893 2778 ⁹
1029 2799 1099 2844 non
1129 2791 1277 2865 possunt
1304 2779 1372 2845 diei
1400 2790 1523 2844 natura
1550 2781 1605 2845 vel
1633 2780 1786 2845 essentia
1813 2792 1872 2844 aut
1902 2801 1967 2859 res
1996 2782 2048 2845 vel
2075 2780 2245 2846 certitudo
2277 2779 2392 2864 aliqua
2423 2791 2504 2846 nata

1030 2895 1131 2960 etiarn
1157 2895 1234 2980 capi
1260 2896 1303 2959 ab
1328 2894 1502 2960 intellectu
1528 2896 1627 2961 cuius
1652 2896 1827 2961 obiectum
1853 2907 1906 2961 est
1929 2896 2114 2980 quidditas.

1118 3010 1253 3075 Dicitur
1276 3032 1360 3097 ergo
1384 3012 1579 3076 secundum
1604 3011 1781 3096 praedicta
1806 3013 1911 3096 quod,
1939 3012 2116 3096 loquendo
2142 3011 2185 3076 de
2209 3033 2282 3076 non
2306 3032 2385 3078 esse
2409 3012 2504 3096 quod

1030 3126 1141 3212 privat
1171 3148 1309 3191 omnem
1337 3126 1505 3191 rationem
1533 3126 1674 3192 essendi
1687 3125 1708 3206 ²,
1737 3139 1841 3212 prout
1872 3127 2001 3212 aliquid
2033 3127 2163 3193 etiarn³
2194 3127 2244 3192 sic
2276 3127 2401 3192 dicitur
2430 3147 2504 3192 non

1030 3263 1109 3308 esse
1140 3242 1235 3326 quod
1267 3263 1338 3306 non
1369 3243 1474 3306 habet
1506 3242 1673 3307 rationem
1708 3244 1939 3327 exemplarem
1970 3243 2005 3307 in
2034 3244 2111 3307 Deo
2140 3248 2260 3327 (quare
2287 3264 2354 3308 nee
2385 3253 2504 3308 natum

1030 3369 1082 3423 est
1115 3379 1193 3423 esse
1227 3369 1322 3422 extra
1349 3356 1383 3421 in
1412 3378 1525 3422 rerum
1554 3362 1701 3441 natura),
1730 3357 1781 3423 sic
1810 3379 1882 3423 non
1910 3369 1963 3423 est
1987 3379 2119 3443 ponere
2143 3359 2292 3442 aliquam
2318 3357 2504 3424 essentiam

1030 3485 1208 3539 creaturae
1233 3494 1295 3558 per
1318 3472 1583 3537 indifferentiam
1608 3493 1646 3538 se
1671 3474 1800 3537 habere
1825 3474 1868 3537 ad
1894 3494 1973 3538 esse
1997 3486 2031 3538 et
2054 3497 2126 3539 non
2144 3495 2243 3551 esse;
2268 3473 2373 3539 immo
2402 3493 2505 3557 quae-

1030 3588 1138 3653 libet⁴
1161 3588 1313 3654 essentia
1338 3599 1518 3654 creaturae
1541 3587 1770 3653 determinata
1794 3601 1846 3653 est
1870 3589 1914 3653 ad
1939 3588 2079 3673 aliquod
2104 3611 2183 3655 esse
2206 3589 2340 3656 scilicet
2361 3589 2405 3654 ad
2426 3609 2505 3654 esse

1031 3703 1295 3788 quidditativum
1327 3716 1361 3768 et
1392 3703 1578 3769 essentiale
1609 3716 1646 3768 ut
1676 3704 1806 3770 dictum
1839 3719 1900 3770 est.
1933 3704 2005 3770 Sed
2037 3705 2215 3788 loquendo
2249 3706 2292 3770 de
2323 3726 2393 3770 non
2427 3725 2505 3770 esse

1030 3820 1124 3904 quod
1149 3830 1255 3907 negat
1279 3840 1358 3885 esse
1382 3821 1576 3884 secundum
1602 3842 1707 3885 unam
1731 3820 1899 3885 rationem
1925 3820 2076 3899 essendi,
2102 3820 2233 3886 scilicet
2257 3841 2337 3886 esse
2361 3818 2506 3886 actualis

1031 3935 1234 4001 existentiae
1259 3946 1354 4000 extra
1378 3934 1413 3999 in
1438 3935 1682 4023 singularibus
1707 3955 1779 4000 non
1803 3947 1909 4022 negat
1933 3947 2048 4002 tamen
2074 3958 2152 4001 esse
2181 3936 2376 4002 secundum
2405 3934 2505 4000 aliam

1031 4050 1200 4115 rationem
1232 4051 1373 4116 essendi
1405 4049 1536 4116 seilicet
1564 4070 1643 4115 esse
1672 4050 1845 4116 essentiae
1874 4071 1944 4135 quo
1972 4073 2027 4116 res
2057 4063 2109 4116 est
2136 4051 2170 4115 id
2199 4051 2294 4135 quod
2323 4063 2375 4116 est
2402 4049 2438 4115 in
2467 4071 2506 4115 se

1031 4166 1223 4230 secundum
1261 4164 1370 4232 esse⁶
1405 4165 1668 4249 quidditativum
1700 4176 1733 4231 et
1765 4166 1959 4231 secundum
1996 4178 2206 4251 conceptum
2242 4166 2440 4231 absolutum
2473 4174 2513 4231 et'

1031 4280 1156 4345 dicitur
1183 4302 1262 4346 esse
1290 4302 1345 4347 res
1374 4292 1408 4345 et
1435 4292 1558 4345 natura
1585 4280 1700 4365 aliqua
1728 4280 1807 4347 licet
1835 4302 1905 4346 non
1934 4282 2063 4347 habeat
2094 4303 2173 4347 esse
2205 4281 2239 4347 in
2272 4280 2506 4368 singularibus

1031 4409 1136 4475 extra,
1161 4435 1199 4443 -
1219 4397 1288 4462 hoe
1311 4397 1416 4460 modo
1441 4397 1532 4462 bene
1557 4407 1609 4461 est
1633 4417 1765 4482 ponere
1790 4397 1976 4462 essentiam
2002 4408 2036 4462 et
2059 4409 2216 4462 naturam
2241 4410 2420 4462 creaturae
2444 4417 2503 4482 per

1031 4511 1295 4577 indifferentiam
1321 4533 1359 4576 se
1383 4513 1513 4577 habere
1537 4512 1581 4575 ad
1606 4533 1685 4577 esse
1710 4524 1743 4577 et
1766 4532 1839 4577 non
1859 4533 1947 4577 esse.
1965 4513 2046 4577 Non
2064 4514 2158 4597 quod
2175 4513 2219 4578 de
2237 4514 2329 4578 facto
2347 4523 2506 4578 neutrum

1031 4627 1062 4692 ei
1091 4627 1287 4706 conveniat,
1320 4648 1398 4691 cum
1431 4626 1499 4691 sint
1530 4627 1809 4707 contradictoria,
1839 4628 1900 4693 sed
1929 4629 2024 4712 quod
2056 4650 2127 4692 non
2158 4627 2205 4692 ita
2230 4629 2273 4694 de
2297 4640 2420 4692 natura
2444 4648 2506 4691 sua

1032 4743 1237 4809 determinat
1254 4742 1319 4807 sibi
1337 4765 1454 4822 unum,
1472 4742 1555 4827 quin
1572 4743 1684 4827 possit
1700 4744 1830 4808 habere
1847 4744 1991 4809 alterum
2006 4742 2027 4808 ⁸.
2041 4743 2203 4809 Essentia
2220 4743 2311 4809 enim
2328 4753 2507 4809 creaturae

1031 4881 1103 4924 non
1132 4859 1178 4924 ita
1206 4857 1412 4924 determinat
1443 4857 1508 4922 sibi
1539 4880 1611 4922 non
1643 4879 1723 4924 esse
1757 4859 1902 4924 actualis
1934 4859 2136 4925 existentiae
2168 4859 2250 4944 quin
2282 4858 2393 4945 possit
2424 4857 2507 4923 illud

1032 4974 1187 5059 recipere
1215 4976 1259 5039 ab
1288 4973 1355 5039 alio
1383 4972 1553 5052 effective,
1578 4994 1645 5039 nec
1668 4973 1720 5039 sic
1744 4976 1850 5039 habet
1877 4995 1955 5040 esse
1982 4978 2026 5040 ab
2054 4975 2121 5041 alio
2150 4975 2233 5059 quin
2261 4974 2418 5040 relictum
2442 4972 2507 5039 sibi

1034 5090 1173 5155 caderet
1197 5090 1232 5155 in
1256 5111 1328 5155 non
1353 5110 1441 5156 esse.

846 5158 1010 5286 foioeiisvnb
1123 5205 1291 5288 Quamvis
1328 5208 1332 5289 Ι
1368 5217 1483 5270 autem
1511 5204 1557 5269 ita
1586 5225 1647 5290 per
1674 5204 1939 5270 indifferentiam
1971 5227 2010 5271 se
2041 5207 2169 5271 habeat
2196 5207 2241 5270 ad
2269 5228 2347 5272 esse
2375 5218 2409 5271 et
2435 5227 2507 5272 non

1033 5343 1122 5401 esse,
1147 5332 1184 5387 ut
1208 5321 1338 5386 dietum
1363 5331 1425 5400 est,
1451 5321 1547 5405 quod
1572 5341 1710 5405 semper
1734 5333 1871 5406 oportet
1898 5320 2036 5406 ipsam⁷
2060 5322 2104 5387 de
2132 5322 2225 5388 facto
2253 5322 2388 5388 realiter
2412 5320 2509 5387 alteri

1033 5459 1113 5503 esse
1136 5436 1359 5503 coniunctam
1384 5449 1421 5501 ut
1445 5435 1581 5501 realiter
1605 5436 1649 5500 ab
1674 5446 1822 5520 utroque
1846 5458 1919 5502 non
1943 5437 2054 5522 possit
2071 5437 2234 5516 abstrahi,
2252 5449 2367 5503 tamen
2385 5458 2508 5504 secun·

1033 5553 1115 5617 dum
1140 5552 1265 5618 mentis
1290 5564 1500 5637 conceptum
1525 5551 1602 5637 ipsa
1626 5551 1779 5616 essentia
1802 5564 1980 5618 creaturae
2004 5554 2095 5618 bene
2112 5573 2150 5618 se
2167 5554 2273 5619 habet
2296 5575 2359 5638 per
2373 5552 2508 5618 indiffe-

1033 5667 1178 5734 rentiam
1202 5668 1350 5733 adesse
1374 5680 1407 5732 et
1431 5689 1502 5732 non
1527 5687 1615 5746 esse,
1640 5666 1675 5731 in
1700 5678 1865 5751 quantum
1887 5666 2025 5752 concipi
2042 5679 2157 5753 potest
2174 5669 2308 5752 absque
2332 5667 2508 5734 intellectu

1124 5952 1183 6006 ¹ab
1203 5959 1324 6006 aeterno
1343 5951 1442 6020 habet]
1462 5951 1551 6004 habet
1570 5952 1607 6004 ab
1628 5960 1749 6005 aeterno
1769 5951 1799 6004 P.
1820 5982 1852 5990 -
1873 5950 2036 6023 'loquendi
2055 5952 2086 6005 P.
2100 5982 2133 5990 --
2147 5952 2158 5983 ⁸
2172 5950 2283 6022 aliquid
2302 5950 2400 6020 etiam]
2420 5950 2509 6005 etiam

1034 6039 1144 6111 aliquid
1157 6039 1188 6093 P.
1204 6070 1236 6078 -
1250 6041 1261 6071 ⁴
1274 6038 1380 6110 quibus
1393 6038 1424 6094 P.
1438 6069 1471 6077 -
1485 6039 1496 6069 ⁶
1509 6055 1542 6092 se
1555 6038 1586 6090 P.
1601 6070 1633 6078 -
1649 6039 1760 6093 “alium
1780 6040 1811 6092 P.
1825 6070 1858 6078 —
1874 6040 1883 6071 ¹
1896 6038 1975 6092 illam
1988 6038 2019 6093 P.
