6700 7992
1358 1442 1509 1496 Parnon
1539 1440 1838 1512 Quouumuuuu
1867 1441 1903 1511 Q.
1931 1441 1972 1493 iv

1503 1906 1743 1990 Quaestio
1768 1908 1823 1972 iv.

970 2106 1112 2182 Utrum
1136 2105 1305 2180 oraturia
1321 2105 1460 2202 prima
1481 2110 1617 2179 creata
1631 2105 1765 2207 suerit
1782 2105 1843 2180 uel
1862 2106 1997 2180 creari
2011 2104 2190 2204 potuerit
2208 2105 2371 2179 omnino

1294 2238 1484 2340 informis
1503 2239 1586 2312 siue
1605 2264 1749 2313 carens
1769 2238 1880 2313 omni
1887 2239 2043 2340 forma.

1018 2540 1285 2624 Consequenter
1301 2539 1395 2604 circa
1410 2550 1588 2604 creaturas
1605 2541 1839 2623 quaerebatur
1862 2538 1974 2625 primo
1999 2551 2112 2604 utrum
2136 2539 2279 2605 materia
2295 2538 2405 2625 prima

925 2667 1044 2723 creata
1060 2655 1162 2720 fuerit
1177 2656 1231 2720 vel
1248 2654 1358 2721 creari
1385 2654 1537 2739 potuerit
1563 2655 1708 2720 omnino
1736 2653 1892 2720 informis
1919 2655 1993 2721 sive
2018 2675 2143 2721 carens
2164 2654 2259 2720 omni
2283 2655 2404 2720 forma.

929 2772 972 2837 Et
987 2772 1198 2859 arguebatur
1223 2770 1319 2854 quod
1340 2769 1401 2848 sic,
1419 2769 1500 2854 quia
1520 2781 1579 2834 aut
1603 2769 1666 2835 fuit
1688 2782 1804 2836 creata
1829 2772 1895 2835 sub
1919 2771 2034 2855 aliqua
2060 2770 2172 2835 forma
2197 2769 2405 2835 secundaria

928 2887 1061 2954 scilicet
1085 2885 1232 2952 alicuius
1254 2884 1411 2970 corporis
1435 2883 1539 2964 mixti,
1562 2897 1622 2950 aut
1642 2888 1709 2950 sub
1730 2885 1843 2950 forma
1868 2885 2029 2971 primaria
2055 2884 2201 2952 alicuius
2225 2884 2406 2971 corporis¹

928 3000 1103 3088 simplicis.
1122 3001 1202 3066 Non
1219 3002 1284 3066 sub
1301 3001 1413 3065 forma
1429 3000 1647 3080 secundaria,
1661 3001 1742 3084 quia
1759 3023 1831 3066 non
1848 3001 1972 3067 fuisset
1987 3013 2145 3066 servatus
2163 3000 2301 3067 debitus
2317 3001 2405 3067 ordo

929 3130 963 3184 et
979 3137 1168 3202 processus
1185 3128 1331 3182 naturae
1347 3115 1406 3199 qui
1423 3116 1529 3181 debet
1544 3136 1621 3180 esse
1646 3136 1666 3180 a
1691 3115 1865 3201 prioribus
1893 3128 1927 3182 et
1943 3115 2211 3201 simplicioribus
2228 3118 2272 3180 ad
2290 3126 2405 3202 poste·

928 3233 1019 3298 riora
1036 3244 1070 3298 et
1091 3231 1294 3316 composita.
1317 3232 1392 3297 Nec
1415 3233 1480 3296 sub
1509 3232 1619 3296 forma
1641 3230 1811 3316 primaria,
1829 3231 1911 3316 quia
1938 3253 2011 3296 non
2038 3234 2104 3297 sub
2125 3232 2236 3298 forma
2259 3231 2405 3298 alicuius

929 3347 1091 3415 elementi
1102 3345 1328 3413 determinate
1342 3367 1385 3411 eo
1399 3347 1494 3430 quod
1506 3346 1694 3431 aliquando
1709 3346 1852 3412 nomine
1865 3367 1977 3432 aquae
1989 3346 2405 3435 significatur‚aliquando

929 3464 1070 3530 nomine
1087 3463 1215 3548 abyssi,
1232 3461 1420 3546 aliquando
1437 3460 1580 3528 nomine
1596 3473 1719 3542 terrae,
1733 3463 1828 3547 quod
1841 3464 2035 3529 secundum
2053 3462 2308 3549 expositionem
2325 3463 2406 3529 doc·

843 3563 845 3568 ’
928 3591 1041 3646 torum
1059 3580 1188 3644 factum
1207 3589 1259 3644 est
1276 3586 1313 3642 ut
1329 3579 1395 3642 sub
1413 3576 1540 3642 nullius
1556 3577 1718 3643 elementi
1742 3577 1960 3644 determinati
1983 3579 2095 3643 forma
2118 3577 2261 3645 materia
2285 3577 2406 3645 intelli-

927 3707 1029 3784 gatur
1045 3695 1227 3780 producta.
1246 3693 1318 3760 Sed
1335 3693 1411 3758 illae
1428 3693 1562 3758 formae
1587 3694 1846 3774 elementorum,
1864 3705 1901 3758 ut
1925 3691 2055 3760 dictum
2079 3704 2142 3774 est,
2159 3704 2241 3759 sunt
2263 3693 2405 3779 primae.

929 3811 1024 3898 Ergo
1040 3809 1243 3894 relinquitur
1258 3808 1437 3874 materiam
1453 3810 1660 3894 productam
1677 3808 1787 3876 fuisse
1804 3809 1947 3875 omnino
1964 3811 2098 3894 absque
2115 3810 2236 3874 forma.

1018 3926 1158 3992 Contra.
1177 3925 1356 4008 Quantum
1368 3945 1440 3989 non
1454 3934 1572 4009 potest
1583 3923 1656 3990 fieri
1670 3923 1746 3990 sine
1759 3924 1961 4008 quantitate,
1973 3946 2041 3991 nec
2053 3947 2162 3990 unum
2174 3925 2250 3991 sine
2264 3924 2405 4005 unitate,

929 4053 963 4108 et
979 4040 1030 4107 sic
1047 4043 1091 4107 de
1108 4040 1192 4106 aliis.
1210 4040 1305 4128 Ergo
1321 4039 1559 4106 universaliter
1575 4039 1662 4106 nec²
1678 4050 1795 4126 potest
1811 4040 1940 4125 aliquid
1954 4062 2034 4106 esse
2053 4042 2261 4126 productum
2273 4041 2309 4105 in
2326 4050 2405 4107 actu

929 4156 1071 4224 essendi
1087 4159 1220 4241 absque
1237 4156 1353 4240 aliquo
1371 4166 1460 4221 actu.
1478 4155 1550 4222 Sed
1574 4167 1673 4222 actus
1700 4167 1733 4222 et
1756 4156 1868 4221 forma
1884 4157 2079 4222 secundum
2096 4155 2347 4242 Philosophum
2360 4157 2405 4240 ll)

838 4267 840 4272 ’
929 4284 1011 4338 sunt
1027 4272 1119 4338 idem
1138 4271 1158 4336 ³.
1176 4272 1271 4359 Ergo
1289 4270 1372 4337 nihil
1388 4283 1505 4356 potest
1521 4273 1651 4337 habere
1669 4293 1748 4338 esse
1764 4271 1800 4336 in
1817 4283 1898 4337 actu
1914 4273 2048 4356 absque
2073 4271 2188 4357 aliqua
2204 4273 2324 4352 forma,
2342 4273 2406 4338 sed

930 4399 1068 4474 oportet
1085 4388 1179 4473 quod
1195 4386 1239 4452 sit
1255 4387 1366 4452 forma
1383 4388 1556 4472 quaedam
1573 4387 1629 4452 vel
1644 4387 1792 4452 formam
1809 4387 1954 4454 habens.
1973 4387 2092 4469 Quare
2108 4397 2142 4453 et
2158 4397 2283 4454 cetera.

1017 4504 1214 4569 Dicendum
1230 4504 1325 4587 quod
1342 4501 1447 4586 aliqui
1463 4501 1658 4568 doctrinam
1685 4523 1758 4567 non
1781 4502 1958 4568 modicum
1982 4503 2197 4569 fructuosam
2224 4503 2406 4570 cuiusdam

930 4618 1083 4685 doctoris
1099 4617 1224 4683 famosi
1242 4619 1299 4701 (2),
1317 4617 1416 4682 cuius
1433 4616 1600 4682 memoria
1617 4638 1696 4683 cum
1712 4617 1876 4682 laudibus
1901 4638 1981 4683 esse
2006 4618 2120 4698 debet,
2138 4630 2176 4683 ut
2198 4617 2233 4682 in
2251 4618 2407 4704 pluribus

931 4735 1189 4822 impugnantes
1205 4733 1260 4798 vel
1283 4732 1436 4798 deinde4
1459 4731 1691 4798 contradicta
1715 4754 1779 4797 sua
1803 4733 2048 4817 procedentes
2065 4734 2110 4799 ad
2135 4732 2407 4800 diffamationem

929 4870 1103 4936 personae
1130 4847 1259 4934 pariter
1285 4859 1319 4914 et
1347 4847 1527 4913 doctrinae
1559 4847 1747 4933 opprobria
1780 4847 1893 4936 magis
1921 4870 2025 4933 quam
2058 4847 2210 4915 rationes
2240 4849 2407 4916 inducere

928 4976 1198 5032 consueverunt.
1213 4964 1433 5029 Invenientes
1450 4962 1485 5028 in
1502 4962 1660 5048 pluribus
1677 4962 1763 5029 locis
1775 4966 1822 5046 (3)
1840 4964 1935 5048 quod
1948 4963 2092 5030 materia
2108 4985 2180 5030 non
2197 4977 2407 5050 potestesse

929 5082 1004 5147 sine
1020 5081 1143 5160 forma,
1161 5080 1282 5145 dicunt
1298 5080 1392 5165 quod
1405 5081 1474 5147 hoc
1491 5101 1563 5144 non
1579 5078 1718 5144 solum⁶
1734 5089 1788 5145 est
1803 5080 1939 5159 falsum,
1957 5081 2020 5145 sed
2037 5091 2089 5146 est
2107 5101 2299 5146 erroneum.
2318 5081 2407 5147 Cum

930 5197 1021 5264 enim
1038 5197 1105 5262 aha
1121 5196 1165 5262 sit
1181 5195 1333 5262 essentia
1349 5195 1513 5262 materiae
1541 5204 1576 5260 et
1599 5194 1665 5259 alia
1689 5195 1843 5262 essentia
1865 5196 2009 5277 formae,
2032 5208 2066 5261 et
2092 5197 2204 5284 magis
2231 5197 2409 5282 dependet

1020 5483 1026 5512 ¹
1042 5479 1122 5534 Mixti
1134 5513 1158 5521 -
1178 5480 1320 5552 corporis]
1332 5497 1387 5532 om.
1400 5481 1429 5533 P.
1445 5512 1478 5518 —
1491 5481 1501 5510 ²
1512 5478 1715 5532 universaliter
1729 5483 1794 5548 nec]
1809 5496 1865 5533 nec
1876 5479 2080 5533 universaliter
2094 5481 2124 5534 P.
2139 5513 2171 5518 —
2182 5483 2193 5513 ³
2203 5481 2364 5535 secundum
2375 5514 2408 5521 -

927 5569 1015 5637 idem]
1027 5578 1094 5623 sunt
1103 5568 1181 5622 idem
1195 5568 1357 5622 secundum
1369 5567 1579 5637 Philosophum
1590 5567 1620 5620 P.
1633 5600 1665 5606 -
1677 5570 1686 5597 ⁴
1698 5559 1810 5625 d’inP2
1821 5559 1891 5620 deu
1900 5567 1924 5619 V
1934 5571 1964 5619 et
1974 5567 2077 5637 scripu
2087 5567 2119 5620 in
2131 5586 2228 5640 rmrrg.
2239 5582 2274 5621 λα
2288 5587 2367 5622 mum¹
2379 5570 2409 5623 P.

928 5689 961 5695 —
977 5658 1058 5709 ⁵non
1072 5657 1176 5725 solum]
1191 5657 1285 5710 solum
1301 5674 1360 5709 non
1376 5657 1406 5709 P.

1016 5881 1055 5945 (l)
1075 5876 1290 5931 Aristotelis
1309 5879 1354 5930 De
1372 5878 1486 5943 auimo,
1506 5877 1523 5930 l.
1539 5877 1574 5943 ll,
1594 5879 1647 5930 ol
1668 5876 1726 5941 ted.
1747 5877 1872 5943 Bekker,
1892 5877 1949 5930 vol.
1968 5877 1989 5945 1,
2008 5895 2036 5948 p.
2055 5880 2128 5937 412).
2148 5874 2219 5933 Ἐστι
2236 5877 2277 5944 δή
2297 5877 2344 5944 μὲν
2360 5876 2410 5944 ὅλη

926 5962 1044 6029 δύναμις,
1065 5964 1096 6016 τὸ
1114 5961 1206 6023 &aldor
1224 5960 1382 6034 ἐντελέχεια.
1398 5996 1431 6004 -
1443 5969 1482 6031 (2)
1496 5964 1649 6017 Thomae
1663 5964 1778 6035 Aquin
1786 5962 1863 6018 atis
1878 5996 1910 6003 —
1925 5967 1964 6030 (3)
1977 5965 2010 6018 V.
2022 5983 2064 6035 gr.
2074 5963 2216 6029 smol,
2227 5963 2248 6028 l,
2256 5981 2282 6032 q.
2292 5965 2334 6027 66,
2348 5980 2372 6015 a.
2384 5966 2414 6041 13

930 6049 1035 6118 Quorll.
1046 6051 1097 6116 lll,
1109 6069 1136 6121 q.
1149 6054 1172 6117 l,
1183 6068 1208 6105 a.
1222 6054 1244 6105 1.
