6700 7992
874 1646 939 1701 cod.
951 1648 975 1699 V

844 1717 896 1772 fol.
907 1720 960 1773 252
970 1718 1010 1771 Ra

1032 1385 1048 1433 2
1406 1378 1598 1433 MAGISTRI
1617 1377 1837 1434 GODEFRIDI
1858 1378 1909 1431 DE
1931 1377 2130 1433 FONTIBUS

1034 1560 1078 1624 de
1095 1559 1233 1625 actione
1251 1557 1326 1625 eius
1344 1569 1507 1644 respectu
1532 1557 1635 1623 unius
1652 1558 1798 1624 effectus
1815 1557 1921 1623 creati
1938 1557 2166 1623 determinate
2190 1557 2224 1621 in
2250 1557 2512 1643 comparatione

1052 1677 1056 1759 l
1093 1674 1138 1740 ad
1155 1674 1252 1740 alios.
1302 1648 1306 1663 Ι

1122 1790 1302 1873 Quantum
1330 1791 1374 1854 ad
1403 1789 1550 1875 primum
1578 1791 1811 1874 quaerebatur
1838 1790 1948 1875 primo
1977 1801 2089 1855 utrum
2115 1791 2236 1856 eadem
2262 1790 2305 1856 sit
2330 1790 2420 1856 actio
2445 1811 2514 1874 qua

1033 1907 1130 1972 Deus
1159 1905 1320 1991 producit
1336 1927 1391 1971 res
1416 1905 1451 1970 in
1476 1927 1555 1971 esse
1580 1917 1613 1971 et
1637 1889 1916 1990 qua·'qbnservat
1940 1906 2081 1971 easdem
2107 1906 2141 1970 in
2167 1927 2245 1971 esse
2271 1927 2332 1991 per
2356 1905 2513 1972 eiusdem

1033 2042 1112 2089 esse
1129 2021 1437 2087 continuationem.
1531 2036 1585 2114 ·..·²,
1682 1994 1700 2065 ⁰⁸·

1122 2137 1165 2201 Et
1182 2136 1341 2229 arguitur
1357 2119 1466 2237 qqojd·²
1477 2117 1617 2213 alia3²sit‘
1630 2112 1736 2215 actio,
1761 2137 1842 2221 quia
1867 2136 2052 2221 productio
2077 2158 2187 2202 rerum
2214 2158 2277 2221 per
2300 2137 2513 2204 creationem

1033 2265 1186 2352 nepest
1201 2241 1268 2347 n'qc
1293 2250 1383 2328 esse
1395 2232 1512 2338 polest
1536 2274 1598 2338 per
1622 2251 1907 2337 cooperationem
1932 2251 2077 2318 alicuius
2102 2252 2242 2318 alterius
2267 2253 2415 2339 agentis.
2441 2253 2513 2321 Sed

866 2455 876 2474 ο
999 2351 1254 2464 fec‘or'pisilv‘atid
1287 2369 1472 2433 multorum
1505 2368 1635 2434 entium
1667 2379 1721 2434 est
1752 2389 1814 2453 per
1845 2368 2128 2452 cooperationem
2162 2368 2294 2455 gratiae
2315 2369 2334 2447 ¹,
2367 2368 2448 2433 artis
2481 2379 2514 2434 et

875 2475 912 2531 '··'
935 2466 980 2567 ’ξῖ
997 2478 1006 2528 ·'
1017 2457 1187 2550 'iiaturae
1213 2484 1309 2571 Ergo
1334 2495 1368 2551 et
1391 2495 1517 2550 cetera.

1124 2600 1316 2679 Praeterea,
1333 2621 1405 2664 non
1423 2611 1477 2665 est
1493 2600 1616 2666 eadem
1634 2599 1726 2664 actio
1743 2621 1763 2664 a
1783 2621 1851 2683 qua
1868 2600 1966 2664 Deus
1983 2612 2098 2664 cessat
2115 2612 2148 2665 et
2165 2622 2185 2663 a
2207 2622 2276 2684 qua
2293 2622 2364 2664 non
2389 2611 2513 2665 cessat.

1033 2717 1106 2783 Sed
1134 2716 1242 2793 Deus,
1271 2726 1457 2800 postquam
1485 2737 1541 2781 res
1569 2715 1603 2780 in
1632 2714 1803 2800 principio
1831 2714 1950 2780 mundi
1975 2714 2009 2778 in
2035 2736 2114 2780 esse
2141 2716 2311 2800 produxit,
2337 2717 2381 2780 ab
2407 2737 2515 2801 opere

1034 2830 1252 2917 producendi
1277 2830 1436 2910 cessavit,
1458 2843 1495 2895 ut
1519 2830 1644 2896 dicitur
1668 2830 1820 2896 Genesis
1845 2831 2002 2896 secundo
2020 2835 2077 2913 (1),
2095 2831 2158 2896 sed
2176 2854 2248 2896 non
2274 2832 2426 2897 cessavit
2448 2852 2515 2897 nec

1032 2958 1149 3013 cessat
1173 2948 1217 3011 ab
1242 2968 1348 3031 opere
1373 2946 1616 3012 conservandi.
1641 2946 1737 3034 Ergo
1763 2957 1796 3011 et
1820 2957 1944 3011 cetera.

1123 3063 1266 3128 Contra.
1283 3063 1322 3126 In
1347 3061 1510 3127 omnibus
1534 3061 1650 3127 causis
1676 3083 1766 3145 quae
1783 3072 1864 3126 sunt
1887 3082 2018 3127 causac
2035 3083 2178 3126 suorum
2196 3063 2382 3128 effectuum
2407 3083 2515 3146 quan·

1034 3190 1106 3243 turn
1124 3179 1167 3242 ad
1185 3178 1269 3256 fieri,
1288 3189 1321 3243 et
1339 3178 1440 3243 etiam
1466 3189 1632 3261 quantum
1650 3178 1694 3242 ad
1720 3200 1809 3258 esse,
1832 3178 1954 3242 eadem
1981 3177 2119 3242 actione
2144 3178 2347 3263 producitur
2370 3180 2515 3246 effectus

1033 3296 1079 3358 ab
1096 3292 1161 3357 illis
1179 3305 1212 3358 et
1229 3293 1264 3357 in
1281 3315 1360 3359 esse
1377 3305 1625 3372 conservatur;
1642 3293 1732 3358 sicut
1755 3305 1851 3378 patet
1874 3293 1909 3357 in
1934 3292 2184 3358 illuminatione
2210 3293 2313 3358 medii
2331 3317 2351 3359 a
2368 3316 2515 3380 corpore

1034 3409 1219 3488 luminoso
1244 3431 1324 3473 nam
1350 3409 1473 3474 eadem
1497 3408 1636 3475 actione
1660 3429 1720 3473 aer
1736 3408 1944 3473 illuminatur
1968 3431 1988 3473 a
2011 3410 2087 3474 sole
2111 3421 2145 3473 et
2167 3409 2298 3475 inesse
2323 3410 2515 3477 illuminato

1033 3536 1274 3605 conservatur,
1292 3536 1325 3590 et
1342 3523 1445 3590 etiam
1464 3525 1587 3590 eadem
1605 3524 1744 3590 actione
1760 3546 1867 3611 grave
1884 3526 1918 3588 in
1943 3524 2059 3590 medio
2077 3524 2303 3609 suspenditur
2319 3537 2353 3591 et
2369 3549 2515 3612 suspen-

1035 3663 1112 3707 sum
1140 3640 1269 3705 ibidem
1297 3651 1524 3706 conservatur
1551 3641 1606 3705 vel
1634 3640 1816 3706 detinetur.
1847 3640 1917 3707 Sed
1947 3640 2044 3706 Deus
2073 3653 2126 3707 est
2155 3662 2262 3706 causa
2290 3663 2414 3721 rerum,
2442 3664 2515 3707 non

1038 3756 1151 3822 solum
1169 3767 1336 3840 quantum
1354 3756 1398 3820 ad
1415 3755 1488 3820 fieri
1505 3756 1568 3821 sed
1587 3767 1753 3839 quantum
1770 3756 1815 3819 ad
1833 3777 1921 3835 esse,
1935 3755 2016 3839 quia
2032 3757 2227 3821 secundum
2246 3755 2456 3843 Gregorium
2468 3760 2515 3840 (2)

1037 3883 1071 3939 et
1088 3871 1325 3960 Augustinum
1340 3874 1397 3954 (3),
1423 3871 1540 3936 omnia
1564 3882 1681 3937 creata
1705 3870 1738 3935 in
1764 3870 1908 3936 nihilum
1932 3871 2099 3937 caderent
2123 3872 2213 3937 sicut
2237 3894 2279 3938 ex
2303 3872 2412 3938 nihilo
2437 3894 2515 3939 esse

1032 3989 1179 4066 habent,
1204 3987 1271 4052 nisi
1295 4008 1400 4051 manu
1425 3986 1674 4071 omnipotentis
1698 3986 1733 4051 in
1758 4008 1837 4052 esse
1862 3998 2162 4053 conservarentur.
2188 3988 2306 4070 Quare
2331 3999 2366 4053 et
2389 4000 2514 4055 cetera.

1127 4103 1341 4187 Respondeo
1359 4102 1588 4168 dicendum...

1129 4391 1135 4419 ¹
1150 4396 1179 4440 et
1193 4388 1262 4440 add.
1276 4387 1306 4440 P.

1128 4659 1166 4720 (ll
1183 4656 1217 4708 ll.
1228 4659 1240 4709 l
1253 4663 1282 4708 et
1292 4660 1317 4708 2.
1331 4654 1444 4723 «Igitur
1457 4653 1581 4725 perfecti
1595 4662 1662 4707 sunt
1675 4653 1750 4707 caeli
1762 4663 1791 4707 et
1804 4663 1889 4714 terra.
1901 4664 1930 4708 et
1941 4655 2035 4707 omnis
2046 4665 2166 4707 ornatus
2177 4672 2286 4720 eorum,
2297 4654 2516 4724 complevitque

1039 4743 1119 4796 Deus
1133 4742 1181 4795 die
1201 4742 1326 4813 septimo
1341 4760 1416 4812 opus
1435 4759 1518 4795 suum
1539 4742 1617 4811 quod
1638 4740 1769 4795 fecerat:
1789 4751 1819 4795 et
1838 4742 1982 4813 requievit
2002 4742 2050 4795 die
2069 4742 2195 4812 septimo
2216 4743 2252 4794 ab
2272 4742 2409 4794 universo
2424 4759 2515 4811 opere

1038 4830 1118 4900 quod
1132 4838 1291 4900 patrarat.»
1308 4862 1340 4868 —
1356 4834 1394 4896 (2)
1416 4828 1585 4899 Gregorii
1607 4829 1722 4899 Magni
1743 4829 1916 4894 Moralium,
1937 4830 1953 4882 l.
1968 4830 2044 4893 xvl,
2059 4848 2082 4882 c.
2097 4832 2130 4882 37
2145 4829 2203 4886 ted.
2218 4829 2324 4896 Migne,
2340 4830 2369 4882 P.
2385 4829 2423 4894 1..‚
2438 4839 2457 4882 t.
2472 4833 2515 4895 75,

1038 4918 1094 4971 col.
1112 4921 1200 4975 1143).
1223 4917 1362 4970 «Cuncta
1383 4917 1492 4988 quippe
1515 4935 1550 4970 ex
1570 4915 1659 4970 nihilo
1679 4915 1758 4969 facta
1778 4925 1852 4982 sunt,
1873 4935 2032 4987 eorumque
2056 4916 2183 4969 essentia
2205 4934 2317 4969 rursum
2338 4916 2374 4969 ad
2394 4916 2514 4969 nihilum

1040 5005 1182 5071 tenderet,
1196 5003 1251 5057 nisi
1265 5022 1329 5056 earn
1344 5013 1446 5058 auctor
1459 5004 1587 5057 omnium
1598 5002 1748 5073 regiminis
1761 5022 1847 5056 manu
1861 5004 2027 5057 retineret.»
2044 5037 2074 5043 —
2087 5009 2125 5061 (31
2140 5003 2334 5071 Augustini
2349 5004 2394 5055 De
2408 5004 2518 5056 Genesi

1039 5094 1081 5145 ad
1099 5092 1240 5156 litteram,
1260 5092 1277 5144 l.
1292 5092 1339 5155 lV,
1353 5109 1377 5145 c.
1394 5095 1426 5145 12
1440 5091 1497 5158 (ed.
1511 5090 1618 5161 Migne‚
1633 5091 1662 5143 P.
1677 5091 1717 5156 L.,
1731 5099 1750 5144 t.
1764 5094 1806 5156 31,
1821 5092 1875 5155 col.
1890 5095 1962 5145 304).
1986 5114 1996 5140 r<
2014 5090 2163 5145 Creatoris
2177 5109 2303 5162 namque
2324 5091 2464 5162 potentia.
2487 5099 2516 5143 et

1038 5178 1251 5251 omnipotentis
1267 5187 1355 5249 atque
1369 5178 1575 5232 omnitenentis
1589 5178 1689 5244 virtus
1704 5196 1794 5232 causa
1807 5178 1984 5232 subsistendi
1999 5188 2043 5233 est
2058 5178 2136 5232 omni
2150 5187 2319 5232 creaturae:
2334 5196 2410 5248 quae
2424 5178 2516 5232 virtus

1041 5269 1077 5321 ab
1097 5267 1140 5321 eis
1160 5284 1235 5337 quae
1256 5275 1354 5320 creata
1374 5277 1440 5320 sunt
1454 5266 1600 5335 regendis
1614 5266 1639 5320 si
1653 5265 1811 5337 aliquando
1832 5276 1961 5320 cessaret
1975 5266 2058 5319 simul
2074 5275 2103 5319 et
2117 5265 2230 5319 illorum
2246 5274 2376 5319 cessaret
2390 5265 2515 5336 species,

1038 5354 1197 5425 omnisque
1210 5363 1314 5408 natura
1328 5353 1505 5408 concideret.
1518 5377 1529 5403 s
