6700 7992
1106 1442 1160 1493 ³42
1468 1438 1662 1494 MAGISTRI
1691 1438 1913 1495 GODEFRIDI
1941 1439 1994 1494 DE
2021 1439 2221 1497 FONTIBUS

1107 1617 1294 1673 sacerdotem
1322 1635 1398 1685 esse,
1425 1617 1451 1673 si
1479 1635 1538 1672 non
1566 1616 1604 1672 sit
1631 1625 1728 1686 notuS,
1748 1616 1828 1689 quod
1852 1616 1943 1672 debet
1970 1617 2009 1673 de
2036 1618 2093 1672 hoc
2112 1616 2227 1689 inquiri,
2257 1625 2287 1672 et
2315 1618 2446 1689 capitulo
2475 1618 2587 1674 Contra

1107 1731 1219 1769 morem
1245 1715 1283 1785 (l)
1312 1714 1392 1786 quod
1417 1713 1572 1786 allegans¹
1601 1717 1638 1767 ‘ex
1666 1711 1829 1785 privilegiis
1856 1713 1912 1767 sibi
1941 1712 2051 1784 aliquid
2082 1720 2253 1785 competere
2284 1712 2375 1769 debet
2405 1713 2514 1769 docere
2545 1713 2584 1770 de

1107 1808 1272 1882 privilegiis
1288 1809 1307 1862 ¹.

1195 1905 1233 1961 Et
1251 1921 1305 1977 per
1323 1905 1380 1960 boc
1399 1911 1482 1978 patet
1500 1903 1539 1959 ad
1558 1904 1762 1976 quaestionem
1781 1911 1811 1959 et
1830 1902 1869 1958 ad
1887 1903 2014 1959 obiecta.

1664 2294 1930 2368 Quaesmo
1967 2295 2031 2349 xv

1761 2460 1924 2518 (ml.

1109 2652 1218 2709 Utrum
1239 2652 1287 2706 illi
1304 2653 1412 2723 quibus
1430 2653 1586 2707 commissa
1605 2657 1648 2707 est
1666 2671 1687 2707 a
1705 2653 1827 2706 domino
1841 2658 1925 2724 papa
1939 2655 2072 2725 potestas
2089 2651 2238 2706 audiendi
2254 2650 2455 2721 confessiones
2469 2652 2588 2724 possint

1140 2747 1289 2802 absoluere
1316 2767 1335 2802 a
1363 2748 1480 2803 casibus
1507 2749 1630 2803 retentis
1657 2749 1803 2821 episcopis
1829 2767 1849 2803 a
1876 2749 1945 2803 iure
1971 2748 2019 2802 vel
2043 2747 2255 2802 consuetudine
2283 2747 2387 2801 linbila
2416 2747 2538 2802 licentia
2566 2766 2587 2803 o

1141 2843 1344 2898 sacerdotibus
1358 2844 1586 2917 parochialibus
1599 2848 1647 2913 (2).

1195 3111 1243 3166 Ad
1268 3111 1385 3166 tertium
1410 3111 1453 3166 sic
1478 3111 1656 3184 proceditur,
1683 3119 1713 3166 et
1737 3112 1868 3184 arguitur
1896 3111 1976 3182 quod
2002 3111 2077 3166 tales
2103 3111 2218 3183 possint
2243 3113 2400 3167 absolvere
2425 3129 2443 3165 a
2468 3112 2586 3167 casibus

1106 3206 1322 3280 episcoporum,
1347 3207 1416 3279 quia
1441 3209 1469 3261 in
1495 3208 1552 3262 hoc
1577 3208 1656 3279 quod
1678 3209 1835 3280 privilegio
1863 3207 1985 3261 fratrum
2012 3207 2250 3279 praedicatorum
2279 3216 2309 3262 et
2336 3207 2480 3262 minorum
2507 3208 2587 3280 quod

1105 3303 1215 3358 habent
1239 3304 1294 3357 sub
1318 3303 1471 3374 praedicta
1496 3303 1599 3370 forma,
1624 3302 1810 3374 excipiuntur
1831 3303 1886 3356 soli
1910 3320 1997 3357 casus
2019 3303 2151 3374 papales
2171 3303 2308 3357 videntur
2326 3321 2430 3358 omnes
2449 3302 2497 3358 alii
2517 3321 2586 3358 con·

1106 3400 1181 3468 cedi,
1202 3408 1231 3454 et
1249 3400 1292 3453 sic
1311 3399 1448 3453 videntur
1467 3399 1591 3453 concedi
1611 3416 1698 3453 casus
1717 3398 1932 3470 episcoporum.

1194 3496 1227 3549 In
1247 3494 1423 3549 contrarium
1442 3503 1487 3550 est
1507 3495 1585 3566 quod
1605 3494 1728 3567 praelati
1748 3496 1822 3548 tales
1841 3495 2005 3565 impediunt
2023 3512 2060 3549 ne
2080 3495 2235 3549 absolvant
2255 3513 2271 3548 a
2292 3495 2410 3550 casibus
2429 3495 2498 3550 suis.

816 3612 820 3621 ·
915 3585 1085 3711 flcolddOCRa
1194 3591 1372 3661 Respondeo
1398 3593 1425 3660 Ι.
1454 3591 1504 3644 Sic
1530 3590 1624 3644 estin
1651 3590 1827 3662 privilegio:
1855 3591 1940 3644 vobis
1968 3591 2159 3645 concedimus
2185 3590 2360 3645 auctoritate
2385 3590 2583 3662 praesentium

927 3674 964 3710 o.

949 3727 1051 3781 ΜΡ
1105 3695 1138 3740 ut
1165 3685 1286 3740 fratrum
1316 3704 1351 3740 ac
1378 3685 1564 3739 familiarium
1592 3686 1721 3739 virorum
1756 3703 1791 3739 ac
1820 3685 1942 3739 aliorum
1977 3686 2109 3739 fidelium
2139 3703 2228 3740 causa
2260 3685 2427 3742 devotionis
2459 3685 2496 3740 ad
2528 3703 2582 3739 vos

914 3768 1340 3854 f01‚15'ssx*arecurrentium⁸
1371 3781 1408 3834 de
1439 3798 1558 3834 suorum
1590 3781 1709 3835 licentia
1740 3781 1938 3852 praelatorum
1970 3780 2173 3836 confessiones
2205 3781 2306 3835 audire
2337 3799 2373 3835 ac
2406 3782 2451 3835 eis
2481 3799 2535 3853 pro
2564 3789 2568 3851 Ι

1106 3877 1270 3932 commissis
1295 3877 1507 3949 poenitentiam
1528 3877 1681 3947 iniungere
1701 3877 1825 3931 valeatis
1839 3881 1858 3941 ⁴,
1877 3877 1957 3930 nisi⁵
1982 3876 2057 3931 forte
2077 3878 2132 3948 ipsi
2154 3877 2224 3931 talia
2244 3877 2443 3931 commiserint
2462 3886 2584 3949 propter

1106 3990 1182 4044 quae
1201 3973 1288 4026 sedes
1307 3972 1472 4043 apostolica
1496 3972 1533 4026 sit
1562 3972 1665 4025 merito
1695 3972 1883 4027 consulenda.
1910 3973 2075 4027 Dicendum
2102 3991 2174 4043 ergo
2204 3972 2283 4043 quod
2311 3973 2381 4027 licet
2409 3972 2438 4026 in
2458 3972 2584 4045 simplici

1105 4068 1313 4123 commissione
1344 4068 1544 4140 intelligantur
1574 4068 1691 4138 excepti
1723 4077 1782 4122 tam
1814 4085 1900 4122 casus
1938 4086 2034 4140 papae
2066 4085 2154 4140 quarn
2187 4086 2273 4122 casus
2304 4069 2523 4141 episcoporum,
2553 4068 2583 4122 in

1105 4164 1155 4218 tali
1184 4173 1281 4237 tamen
1310 4164 1516 4218 commissione
1543 4163 1594 4216 ubi
1618 4181 1760 4234 expresse
1785 4163 1976 4217 committitur
2001 4172 2094 4217 totum
2120 4163 2253 4236 exceptis
2273 4163 2391 4217 casibus
2417 4164 2583 4236 papalibus,

1104 4261 1241 4314 videntur
1271 4259 1395 4313 concedi
1426 4276 1512 4312 casus
1544 4259 1740 4331 episcopales,
1771 4259 1868 4313 Primo
1906 4259 1975 4331 quia
2007 4259 2086 4330 quod
2115 4260 2152 4313 de
2184 4277 2242 4313 uno
2279 4267 2413 4331 negatur,
2450 4260 2487 4313 de
2525 4260 2583 4313 alio

1104 4355 1220 4410 videtur
1244 4355 1367 4410 concedi
1401 4364 1431 4409 ut
1462 4356 1586 4409 habetur
1617 4355 1761 4424 vigesima
1793 4355 1893 4426 quinta
1925 4355 2122 4422 distinctione,
2152 4355 2256 4425 Qualis
2271 4360 2318 4422 (3).
2343 4355 2482 4409 Secundo
2514 4355 2582 4427 quia

1105 4453 1196 4506 cum⁰
1227 4452 1254 4505 in
1292 4451 1498 4505 commissione
1529 4452 1660 4522 generali
1692 4452 1755 4505 sine
1793 4469 1978 4521 quacumque
2015 4453 2204 4523 expressione
2237 4452 2460 4522 intelligantur²
2496 4468 2583 4505 casus

1025 4546 1027 4550 ’
1104 4548 1252 4619 papales⁸
1279 4547 1375 4619 excipi
1394 4556 1425 4600 ut
1453 4547 1551 4611 Extra,
1571 4546 1607 4601 de
1627 4545 1727 4600 officio
1748 4548 1836 4617 legati
1852 4550 1870 4613 ⁰,
1890 4547 1979 4616 Quod
1999 4548 2219 4601 translationem
2235 4551 2283 4614 (4),
2303 4547 2339 4600 de
2359 4547 2439 4601 nullo
2459 4546 2582 4601 serviret

1104 4645 1152 4697 illa
1183 4644 1319 4714 exceptio
1351 4643 1376 4696 si
1407 4660 1493 4696 casus
1525 4642 1713 4714 episcopales
1744 4661 1801 4695 non
1834 4642 2066 4715 intelligerentur
2097 4643 2229 4697 concedi.
2261 4643 2321 4696 Sed
2353 4642 2421 4713 quia
2458 4641 2582 4715 praelati

1104 4739 1213 4793 habent
1232 4757 1284 4810 per
1304 4739 1450 4792 licentiam
1479 4738 1644 4792 concedere
1670 4738 1821 4791 materiam
1851 4738 1915 4793 istis
1940 4740 1986 4793 cui
2013 4739 2163 4811 applicent
2188 4747 2367 4810 potestatem
2393 4737 2580 4793 commissam

1104 4851 1121 4886 a
1141 4834 1260 4888 domino
1280 4851 1366 4905 papa,
1386 4834 1409 4886 si
1430 4833 1554 4904 praelati
1577 4841 1647 4903 puta
1670 4833 1804 4906 episcopi
1826 4835 1960 4888 absolute
1984 4835 2053 4889 dant
2076 4834 2224 4889 licentiam
2248 4835 2317 4888 nibil
2348 4832 2581 4900 determinando,

1103 4929 1178 4982 tales
1209 4938 1332 5000 possunt
1364 4929 1519 4983 absolvere
1552 4947 1568 4982 a
1601 4929 1720 4983 casibus
1745 4930 1974 5001 episcopalibus.
2003 4930 2035 4983 Si
2067 4938 2165 4984 autem
2195 4930 2237 4983 sic
2257 4929 2328 4984 dent
2347 4929 2513 4983 licentiam:
2542 4927 2582 4981 do

945 5016 1057 5101 cod-S,
1104 5024 1250 5079 licentiam
1282 5027 1285 5091 Ι
1314 5024 1440 5078 subditis
1468 5023 1541 5077 meis
1566 5023 1727 5078 confitendi
1749 5026 1769 5056 ¹⁰
1797 5025 1839 5079 sic
1865 5025 1945 5096 quod
1973 5025 2088 5097 possint
2117 5043 2169 5078 eos
2198 5025 2354 5078 absolvere
2382 5024 2419 5077 ab
2445 5022 2582 5077 omnibus

922 5088 971 5142 Μ·
985 5090 1018 5142 5¹
1034 5087 1075 5142 Kb
1103 5120 1235 5192 exceptis
1254 5119 1372 5174 casibus
1387 5122 1406 5151 ¹¹
1426 5120 1548 5173 retentis
1567 5120 1728 5191 episcopis,
1746 5128 1775 5173 et
1794 5119 1819 5173 si
1833 5137 1891 5173 non
1910 5129 2067 5192 acceptant
2087 5121 2144 5174 hoc
2157 5138 2194 5174 ex
2213 5137 2289 5174 nunc
2309 5119 2428 5174 licentia
2441 5118 2479 5172 sit
2491 5119 2582 5183 nulla,

1102 5224 1224 5270 —tunc
1244 5216 1268 5269 si
1288 5224 1444 5288 acceptant
1464 5215 1551 5269 talem
1571 5215 1728 5281 licentiam,
1749 5233 1805 5269 non
1834 5224 1956 5287 possunt
1976 5215 2168 5269 absolverea
2197 5216 2315 5270 casibus
2344 5214 2581 5287 episcopalibus3

1102 5312 1125 5365 si
1147 5319 1244 5366 autern
1263 5329 1321 5365 non
1341 5318 1506 5384 acceptant,
1527 5310 1642 5365 anullo
1662 5319 1786 5382 possunt
1805 5310 1959 5365 absolvere
1980 5310 2048 5381 quia
2067 5310 2186 5365 licentia
2206 5311 2379 5365 annullatur.
2400 5309 2580 5365 Sacerdotes

1193 5579 1344 5653 ¹allegant
1362 5578 1416 5634 SP.
1435 5609 1469 5618 —
1489 5577 1666 5650 'privilegio
1688 5576 1721 5631 C.
1741 5608 1775 5617 —
1794 5577 2025 5632 'recurrendum
2045 5576 2078 5631 C.
2095 5609 2128 5616 -
2148 5576 2384 5648 ‘poenitentiam
2398 5608 2431 5616 -
2445 5576 2579 5647 valeatis]

1100 5668 1299 5740 poenitentias
1318 5667 1439 5739 iungere
1453 5665 1486 5722 C.
1506 5697 1539 5706 -
1560 5665 1607 5719 ‘si
1627 5665 1681 5719 SP.
1695 5696 1729 5704 -
1749 5665 1760 5696 ⁸
1781 5682 1835 5718 om.
1856 5664 1889 5719 C.
1909 5697 1943 5704 —
1964 5664 2187 5736 'intelliguntur
2202 5664 2236 5720 C.
2256 5697 2289 5705 -
2310 5665 2321 5698 ⁸
2338 5663 2527 5737 episcopales
2546 5664 2579 5721 C.

1100 5786 1134 5795 —
1154 5757 1166 5787 ⁹
1184 5756 1251 5828 lege
1269 5755 1340 5827 (sic)
1359 5754 1392 5809 C.
1412 5786 1445 5795 -
1467 5755 1488 5786 ¹⁰
1503 5751 1588 5807 vobis
1607 5752 1677 5808 add.
1691 5752 1724 5807 C.
1745 5783 1777 5792 —
1801 5754 1820 5784 ¹¹
1839 5751 1947 5806 talibus
1967 5750 2000 5806 C.

1190 5960 1228 6025 (ll
1250 5956 1309 6012 Cfr.
1328 5974 1356 6028 p.
1374 5959 1435 6023 277,
1454 5973 1481 6010 n.
1502 5959 1551 6024 (3).
1573 5988 1605 5996 -
1626 5957 1663 6025 (2)
1684 5953 1744 6009 Cfr.
1764 5971 1812 6026 pp.
1832 5956 1959 6009 ara-279.
1978 5983 2012 5995 —
2031 5955 2070 6023 (3)
2084 5952 2143 6008 Cfr.
2157 5971 2185 6025 p.
2205 5956 2267 6021 279,
2286 5971 2313 6007 n.
2326 5957 2374 6021 (2).
2394 5985 2427 5993 —
2448 5956 2487 6021 (l)
2508 5969 2533 6008 c.
2552 5953 2579 6006 4.

1099 6047 1135 6100 Χ.
1156 6046 1192 6101 de
1212 6045 1261 6100 oti.
1282 6043 1380 6116 legati.
1402 6043 1423 6098 l.
1442 6046 1485 6098 30.
