6700 7992
1090 1407 1153 1456 ·336
1457 1402 1648 1456 MAGISTRI
1686 1402 1915 1458 GODEFRlDl.
1936 1403 1987 1456 DE
2015 1402 2213 1457 FONTlBUS

1102 1581 1264 1635 alternatae
1283 1599 1341 1635 non
1361 1588 1428 1635 sunt
1447 1589 1558 1634 tantum
1579 1580 1690 1634 credita
1710 1579 1763 1634 sed
1789 1580 1941 1634 evidenter
1963 1579 1991 1633 in
2017 1597 2049 1634 se
2078 1588 2157 1647 nota,
2177 1598 2236 1634 non
2261 1581 2380 1652 quidem
2408 1580 2579 1652 cognitione

1101 1685 1222 1749 propter
1240 1679 1247 1709 ¹
1268 1677 1338 1747 quid
1364 1676 1417 1730 sed
1443 1676 1519 1747 quia.
1546 1676 1581 1730 Et
1606 1676 1724 1747 quando
1749 1675 1856 1730 dicitur
1878 1676 1957 1747 quod
1982 1695 2050 1742 non,
2078 1675 2145 1747 quia
2168 1678 2336 1730 non'sunt
2359 1676 2458 1748 aliqua
2481 1677 2580 1749 priora>

1101 1790 1154 1845 per
1179 1789 1255 1844 quae
1280 1773 1449 1844 probentur,
1478 1771 1633 1825 dicendum
1663 1772 1742 1843 qnod
1770 1772 1902 1842 cognitio
1922 1771 2015 1842 quia³
2033 1789 2091 1824 non
2112 1780 2229 1842 oportet
2254 1771 2334 1843 quod
2366 1772 2404 1826 sit
2429 1790 2446 1826 a
2471 1773 2578 1844 priore,

1101 1868 1154 1922 sed
1173 1868 1283 1922 sufficit
1311 1868 1390 1939 quod
1415 1868 1452 1922 sit
1478 1885 1494 1921 a
1522 1867 1686 1939 posteriore
1711 1875 1741 1920 et
1766 1884 1818 1938 per
1842 1867 1980 1921 ellectum
2006 1876 2106 1920 notum
2134 1867 2171 1920 ad
2196 1884 2323 1921 sensum.
2343 1868 2429 1923 Unde
2455 1867 2578 1923 scientia

1100 1964 1300 2018 subalternam
1327 1982 1386 2017 non
1418 1963 1527 2034 accipit
1555 1963 1622 2034 quia
1655 1962 1692 2016 de
1717 1962 1777 2016 suis
1803 1962 1954 2034 principiis
1979 1981 1996 2016 a
2021 1962 2249 2029 subalternam,
2281 1963 2333 2017 sed
2360 1981 2376 2017 a
2405 1982 2502 2031 sensu,
2530 1964 2577 2018 via

1101 2059 1215 2112 scilicet
1243 2076 1355 2124 sensuS,
1387 2059 1545 2113 memoriae
1571 2067 1600 2112 et
1626 2058 1834 2129 experientiae.
1861 2058 1921 2111 Sed
1947 2076 2047 2111 verum
2074 2067 2118 2112 est
2144 2058 2223 2128 quod
2248 2058 2273 2111 si
2299 2058 2408 2113 debeat
2440 2059 2515 2114 scire
2541 2060 2578 2114 de

1101 2155 1161 2209 suis
1193 2154 1344 2226 principiis
1375 2162 1496 2226 propter
1528 2154 1606 2225 quid,
1638 2162 1756 2224 oportet
1784 2154 1863 2224 quod
1895 2155 1951 2207 hoc
1983 2154 2034 2207 fiat
2065 2172 2116 2224 per
2145 2154 2297 2208 scientiam
2326 2154 2516 2225 superiorem.
2542 2156 2579 2210 Et

1101 2252 1192 2306 ideo‘
1222 2269 1277 2305 non
1309 2251 1398 2304 habet
1424 2251 1464 2304 ita
1493 2253 1496 2319 Ι
1525 2248 1687 2322 perfectam
1717 2249 1915 2320 cognitionem
1944 2250 2149 2320 perspectivas
2178 2251 2225 2320 qui
2252 2268 2311 2304 non
2342 2259 2387 2305 est
2419 2250 2578 2306 instructus

1101 2347 1130 2400 in
1149 2346 1312 2418 geometria
1332 2347 1407 2400 sicut
1426 2347 1475 2400 ille
1495 2347 1543 2417 qui
1564 2355 1608 2399 est
1628 2346 1794 2399 instructus,
1814 2346 1874 2399 Sed
1888 2355 2027 2416 quantum
2051 2345 2088 2398 ad
2109 2345 2307 2416 cognitionem
2331 2348 2399 2416 quia
2421 2357 2467 2401 est
2489 2348 2577 2402 habet

1100 2442 1223 2497 scientia
1245 2444 1445 2496 subalternata
1464 2442 1643 2495 evidentiam
1669 2441 1706 2494 cle
1726 2440 1877 2513 principiis
1908 2442 1968 2494 suis
2000 2440 2027 2494 in
2062 2452 2200 2513 quantum
2232 2442 2420 2514 distinguitur
2440 2446 2481 2497 a⁵
2510 2446 2578 2498 sub·

1101 2538 1271 2602 alternante,
1285 2556 1342 2591 non
1357 2539 1393 2591 ab
1407 2538 1471 2608 ipsa
1485 2537 1608 2591 scientia
1631 2542 1634 2605 l
1656 2538 1875 2590 subalternante
1890 2537 1942 2590 scd
1956 2537 2001 2590 via
2016 2555 2128 2604 sensus,
2142 2538 2301 2591 memoriae
2320 2545 2350 2592 et
2369 2539 2577 2610 experientiae.

1190 2635 1237 2687 ad
1263 2634 1423 2687 secundum
1447 2633 1602 2686 dicendum
1627 2633 1707 2703 qnod
1728 2633 1886 2703 theologia,
1912 2633 1936 2685 si
1962 2642 2041 2687 esset
2065 2634 2184 2704 proprie
2210 2633 2410 2688 subalternata
2436 2635 2577 2690 scientiae

1100 2732 1263 2797 beatorum,
1277 2738 1427 2800 oporteret
1447 2747 1562 2782 sumere
1581 2729 1609 2781 in
1630 2729 1678 2782 via
1697 2728 1900 2782 evidentiam⁰
1919 2746 2018 2782 eorum
2040 2738 2196 2800 quaesunt
2215 2729 2359 2801 principia
2379 2730 2406 2784 in
2427 2732 2577 2803 theologia

1101 2835 1240 2898 quantum
1270 2825 1307 2878 ad
1334 2826 1402 2896 quia
1428 2833 1480 2891 est,
1509 2825 1545 2878 de
1571 2825 1677 2895 quibus
1704 2825 1783 2878 beati
1811 2825 1954 2878 haberent
1978 2825 2111 2878 notitiam
2137 2834 2258 2897 propter
2284 2825 2354 2897 quid
2379 2835 2518 2897 quantum
2540 2828 2577 2882 ad

1101 2940 1136 2975 ea
1158 2939 1231 2993 quae
1254 2922 1395 2974 haberent
1411 2922 1419 2951 ⁷
1437 2929 1558 2992 propter
1577 2920 1655 2990 quid.
1681 2919 1766 2974 Unde
1786 2920 1935 2990 theologia
1954 2938 2013 2973 non
2032 2928 2077 2973 est
2096 2921 2215 2992 proprie
2234 2921 2358 2975 scientia
2378 2922 2579 2978 subaltemata

1100 3018 1242 3072 scientiae
1267 3019 1430 3083 beatorum,
1456 3017 1524 3070 licet
1551 3017 1632 3086 large
1665 3016 1779 3069 dicatur
1807 3016 1930 3069 scientia
1956 3017 2157 3070 subalternata
2184 3025 2214 3070 et
2245 3017 2368 3070 scientia
2399 3017 2477 3085 fidei,
2509 3020 2578 3090 quia

1101 3112 1234 3167 instructi
1259 3113 1288 3166 in
1308 3112 1460 3183 theologia
1481 3112 1571 3165 adiuti
1597 3110 1706 3165 lumine
1732 3111 1801 3165 fidei
1827 3120 1857 3165 et
1882 3111 2022 3165 exercitio
2042 3112 2130 3165 studii
2154 3112 2263 3167 habent
2284 3113 2436 3167 scientiam
2458 3115 2577 3186 proprie

1101 3209 1209 3263 dictam
1236 3209 1272 3262 de
1298 3209 1517 3279 consequentia,
1542 3216 1574 3261 ut
1594 3208 1673 3279 quod
1693 3208 1718 3260 si
1741 3207 1874 3261 Christus
1894 3216 1938 3261 est
1952 3208 2050 3270 homo,
2071 3208 2205 3262 Christus
2226 3209 2316 3262 habet
2340 3210 2465 3263 animam
2489 3212 2579 3265 ratio·

1100 3304 1205 3359 nalem.
1226 3305 1286 3358 Sed
1309 3305 1384 3358 sicut
1405 3323 1464 3357 non
1490 3305 1599 3357 habent
1624 3303 1661 3357 de
1681 3303 1876 3357 antecedente
1895 3303 1951 3357 nisi
1971 3304 2068 3369 fidem,
2088 3303 2128 3357 ita
2147 3322 2202 3357 nec
2222 3304 2258 3357 de
2279 3315 2489 3376 consequente,
2510 3308 2577 3377 qnia

1100 3401 1195 3472 qualis
1215 3410 1260 3454 est
1275 3400 1423 3454 evidentia
1446 3400 1656 3459 antecedentis,
1678 3400 1744 3453 talis
1768 3399 1856 3453 debet
1880 3418 1945 3453 esse
1969 3400 2117 3453 evidentia
2141 3400 2356 3470 consequentis.
2377 3402 2413 3455 Et
2436 3403 2576 3457 maiorem

1101 3497 1213 3549 etiarn⁸
1238 3496 1416 3550 evidentiam
1439 3497 1548 3550 habent
1570 3497 1644 3549 tales
1667 3496 1799 3549 instructi
1826 3496 1975 3566 quomodo
1999 3496 2093 3548 Deum
2114 3495 2258 3549 incarnari
2281 3505 2311 3549 et
2333 3498 2576 3552 resurrectionem

1101 3610 1167 3646 esse
1190 3595 1228 3646 sit
1250 3592 1391 3663 possibile
1412 3609 1498 3663 quam
1519 3592 1668 3661 simplices
1691 3591 1757 3645 laici
1780 3592 1898 3657 tideles,
1918 3592 1970 3644 sed
1991 3610 2048 3644 non
2069 3592 2178 3645 habent
2192 3593 2280 3645 talem
2302 3591 2480 3647 evidentiam
2501 3612 2577 3664 quae

1100 3688 1229 3742 sufficiat
1260 3688 1296 3740 ad
1323 3688 1476 3741 scientiam
1505 3687 1622 3757 proprie
1649 3687 1766 3740 dictam.
1792 3689 1828 3740 Et
1852 3687 1918 3740 ideo
1945 3687 2032 3740 etiam
2062 3688 2211 3759 theologia
2240 3707 2298 3742 non
2325 3698 2450 3743 evacuat
2480 3690 2577 3756 iidem,

1100 3794 1129 3838 et
1160 3783 1320 3837 secundum
1367 3784 1455 3837 talem
1488 3783 1607 3836 modurn
1646 3783 1772 3836 vocandi
1813 3783 1974 3847 scientiam,
2006 3794 2051 3837 est
2088 3784 2309 3854 intelligendum
2351 3785 2422 3838 illud
2454 3786 2576 3839 verbum

1101 3879 1256 3951 Augustini
1283 3883 1331 3945 (l),
1360 3879 1475 3932 decimo
1505 3878 1590 3931 tertio
1617 3878 1653 3931 de
1682 3879 1841 3932 Trinitate:
1872 3881 1926 3932 hac
1952 3880 2075 3933 scientia
2101 3898 2158 3933 non
2187 3882 2299 3952 pollent
2325 3881 2440 3952 plurimi
2474 3881 2577 3936 fideles

1100 3974 1234 4046 quamvis
1254 3975 1385 4046 polleant
1403 3974 1462 4027 fide
1483 3973 1645 4045 plurimum,
1665 3987 1695 4026 et
1714 3982 1812 4028 cetera
1833 3993 1909 4045 quae
1928 3984 2096 4045 sequuntur.

1660 4393 1923 4465 Quaestio
1955 4395 2004 4448 xi

1753 4552 1915 4606 ramme).

1257 4745 1366 4799 Utrum
1386 4744 1464 4797 illud
1482 4746 1561 4814 quoti
1579 4745 1740 4798 secundum
1760 4763 1790 4797 se
1809 4750 1850 4797 est
1870 4747 1983 4798 rnatum
2005 4749 2034 4797 et
2051 4744 2190 4797 illicitum
2205 4744 2303 4814 possit
2320 4743 2421 4813 aliquo

1570 4841 1655 4892 modo
1673 4858 1733 4893 esse.
1753 4840 1860 4892 bouum
1880 4844 1907 4892 et
1926 4839 2041 4892 licitrtm
2057 4845 2104 4906 (2).

1187 5107 1235 5160 Ad
1263 5105 1424 5160 secundum
1452 5105 1495 5160 sic
1523 5105 1701 5176 proceditur,
1721 5114 1750 5160 et
1778 5106 1909 5177 arguitur
1928 5106 2008 5177 quod
2033 5106 2129 5159 illud⁹
2156 5106 2235 5177 quod
2258 5114 2303 5160 est
2319 5107 2339 5137 ¹⁰
2360 5106 2521 5160 secundum
2543 5122 2576 5159 se

1098 5203 1206 5256 malurn
1225 5201 1320 5273 possit
1339 5218 1405 5255 esse
1424 5200 1535 5255 licitum
1563 5219 1616 5272 per
1635 5200 1895 5272 dispensationem,
1915 5201 1983 5273 quia
2005 5203 2114 5256 habere
2140 5202 2223 5274 plura
2242 5201 2388 5256 beneficia
2407 5210 2452 5256 est
2474 5219 2577 5256 secun·

1098 5297 1167 5352 dum
1199 5315 1231 5352 se
1262 5297 1379 5352 malum.
1410 5297 1470 5351 Sed
1498 5298 1555 5351 hoe
1589 5297 1622 5350 fit
1647 5296 1758 5351 licitum
1790 5315 1843 5369 per
1882 5296 2143 5369 dispensationem.
2175 5298 2254 5369 Ergo
2285 5306 2315 5351 et
2346 5305 2453 5352 cetera.
2482 5297 2577 5352 Minor

1189 5595 1196 5623 ¹
1216 5591 1334 5663 proprie
1355 5592 1387 5645 C.
1408 5623 1440 5631 -
1461 5591 1472 5622 ²
1490 5609 1545 5644 om.
1566 5591 1619 5644 SP.
1640 5623 1672 5630 —
1692 5592 1703 5623 ³
1723 5592 1801 5661 quod
1821 5623 1854 5630 —-
1874 5593 1951 5661 quia]
1973 5591 2010 5644 de
2029 5591 2199 5661 cognitione
2222 5591 2292 5662 quid
2312 5592 2344 5646 C.
2365 5624 2398 5631 -
2419 5595 2427 5624 ¹
2447 5600 2477 5645 et
2495 5591 2574 5661 ideo]

1097 5689 1219 5751 propter
1238 5679 1317 5750 quod
1337 5678 1370 5732 C.
1389 5710 1423 5718 —
1444 5680 1521 5731 ⁵om.
1542 5678 1575 5732 C.
1595 5711 1628 5718 —
1648 5680 1787 5732 “sumere
1802 5711 1833 5717 —
1848 5679 2038 5747 evidentiam]
2059 5680 2167 5733 habere
2187 5680 2364 5734 evidentiam
2384 5681 2413 5734 in
2432 5682 2480 5734 via
2494 5681 2527 5735 C.
2542 5712 2575 5720 -

1086 5767 1254 5822 ''notitia'm
1274 5768 1343 5821 add.
1364 5767 1397 5822 C.
1416 5799 1449 5806 —
1471 5768 1481 5798 ⁸
1500 5775 1581 5821 et-
1602 5765 1700 5834 etiarn]
1722 5767 1809 5820 etiarn
1830 5766 1971 5820 maiorem
1991 5766 2024 5821 C.
2044 5799 2077 5807 —
2098 5770 2108 5798 ⁰
2127 5767 2157 5820 id
2177 5767 2210 5821 C.
2231 5799 2262 5806 -
2286 5769 2306 5799 ¹⁰
2328 5767 2432 5822 salsum
2452 5769 2522 5823 adet.
2542 5768 2575 5824 C.

1186 5999 1225 6062 (l)
1246 5994 1306 6049 ctr.
1326 6014 1353 6067 p.
1373 5998 1434 6058 261,
1453 6012 1479 6047 n.
1501 5998 1550 6060 (2).
1570 6025 1603 6033 —
1621 5997 1661 6061 (2)
1683 5992 1743 6048 Cfr.
1762 6012 1811 6066 pp.
1830 5996 1958 6048 aot-272.
