6700 7992
1330 1440 1547 1496 SECUNDUM
1579 1439 1878 1511 QUODLIBETUM,
1907 1441 1942 1510 Q.
1969 1439 2010 1493 111
2373 1443 2402 1492 ’11

928 1646 1000 1689 nun
1026 1626 1136 1689 solum
1163 1623 1356 1687 secundum
1382 1643 1460 1685 esse
1485 1621 1658 1686 essentiae
1683 1620 1744 1684 sed
1764 1620 1957 1684 secundum
1984 1641 2062 1684 esse
2087 1619 2301 1699 existentiae,
2327 1618 2407 1704 quia

928 1760 995 1806 ηερ
1020 1750 1122 1804 natae
1151 1751 1232 1802 sunt
1256 1759 1334 1802 esse
1359 1738 1552 1802 secundum
1585 1758 1663 1801 esse
1689 1735 1862 1801 essentiae
1891 1735 1957 1800 nisi
1985 1736 2053 1800 sint
2081 1747 2184 1800 natae
2211 1736 2406 1800 secundum

929 1878 1007 1922 esse
1037 1854 1260 1931 existentiae3
1289 1874 1356 1918 ηερ
1388 1864 1554 1936 quantum
1584 1853 1627 1916 ad
1656 1875 1757 1915 suum
1782 1854 1876 1936 <prud
1901 1851 1984 1936 quid
2013 1865 2074 1930 est,
2100 1864 2134 1916 et
2162 1862 2328 1936 quantum
2362 1853 2406 1916 ad

929 1993 1008 2037 esse
1036 1970 1210 2036 essentiae
1236 1980 1384 2053 possunt
1412 1970 1528 2032 abstra
1560 1971 1563 2050 Ι
1596 1968 1630 2031 hi
1655 1967 1793 2052 species
1819 1979 2053 2032 creaturarum
2079 1969 2122 2031 ab
2147 1967 2230 2032 hic¹
2255 1980 2288 2033 et
2312 1989 2406 2033 nunc

929 2099 962 2154 et
979 2087 1030 2152 sic
1047 2088 1177 2150 habere
1194 2083 1459 2170 perpetuitatem
1478 2089 1528 2157 tut
1552 2083 1692 2167 quidam
1718 2088 1764 2166 (ll
1790 2082 2017 2148 ροηρερίηηῐ2
2041 2094 2213 2168 negantes
2238 2084 2405 2148 mundum

928 2202 1085 2290 potuisse
1117 2223 1195 2266 esse
1228 2203 1271 2264 ah
1297 2204 1452 2281 aeterno)
1478 2199 1544 2263 nisi
1577 2200 1678 2264 etiarn
1708 2215 1874 2283 quantum
1903 2200 1947 2263 ad
1976 2221 2073 2263 suam
2107 2199 2325 2265 existentiam
2353 2200 2407 2265 vel

929 2330 1094 2403 quantum
1116 2318 1161 2381 ad
1186 2338 1285 2380 suum
1312 2336 1390 2380 esse
1415 2317 1618 2378 abstrahant
1642 2316 1686 2378 ab
1703 2314 1902 2393 hicetnunc,
1921 2354 1961 2361 —
1980 2314 2069 2394 idea,
2088 2314 2177 2379 sicut
2201 2315 2341 2399 quidam
2359 2319 2405 2399 (1)

928 2435 1139 2511 concedunt,
1169 2432 1263 2516 (ruod
1288 2431 1371 2514 quid
1401 2442 1453 2495 est
1482 2430 1620 2514 eclipsis
1644 2432 1748 2495 lunae
1776 2430 1943 2495 abstrahit
1967 2432 2010 2494 ab
2039 2430 2097 2494 hic
2124 2444 2158 2495 et
2181 2452 2275 2496 nunc
2293 2442 2329 2497 ut
2356 2430 2407 2496 sic

928 2549 1127 2634 simpliciter
1143 2559 1326 2631 acceptum
1344 2568 1414 2609 nun
1433 2548 1544 2630 possit
1561 2546 1710 2630 probari,
1720 2556 1754 2610 et
1771 2545 1924 2610 similiter
1942 2546 2020 2610 licet
2037 2548 2207 2630 quaedam
2226 2546 2407 2613 existentia

928 2666 1003 2732 eius
1020 2663 1164 2729 actualis
1189 2686 1251 2747 pru
1277 2662 1392 2745 aliquo
1410 2674 1566 2746 tempore
1592 2661 1821 2726 determinato
1839 2674 1872 2727 et
1896 2684 1967 2727 non
1993 2664 2199 2727 abstrahens
2216 2685 2236 2727 a
2253 2664 2407 2748 quolibet

928 2795 1085 2866 tempore
1110 2780 1164 2844 vel
1189 2799 1283 2844 nunc
1301 2779 1353 2843 vel
1380 2801 1399 2841 a
1423 2777 1579 2861 quolibet
1596 2779 1666 2857 ubi,
1684 2777 1774 2843 sicut
1791 2799 1857 2842 nec
1882 2779 2033 2843 essentia
2057 2778 2196 2864 eclipsis
2221 2780 2265 2843 ad
2290 2779 2406 2845 huius·

928 2897 1023 2964 modi
1051 2895 1206 2980 eclipsim
1236 2905 1424 2971 contracta,
1451 2893 1588 2978 probari
1616 2893 1726 2978 possit
1744 2894 1799 2958 hic
1825 2907 1858 2958 et
1875 2916 1969 2958 nunc
1986 2917 2075 2973 esse,
2092 2906 2208 2959 tamen
2227 2896 2407 2962 existentia

928 3012 1069 3098 eclipsis
1087 3013 1191 3076 lunae
1209 3009 1448 3074 universaliter
1464 3009 1537 3073 sive
1563 3009 1763 3093 simpliciter
1787 3009 1980 3074 abstrahit³
2004 3012 2047 3074 ab
2073 3010 2129 3075 hic
2154 3023 2188 3076 et
2203 3033 2298 3076 nunc
2318 3011 2407 3077 sicut

931 3129 1055 3195 eteius
1073 3126 1224 3192 essentia
1242 3125 1460 3210 simpliciter:
1486 3138 1519 3189 et
1535 3124 1615 3189 ideo
1640 3125 1731 3189 sicut
1756 3147 1861 3189 unum
1887 3147 1958 3190 non
1977 3139 2091 3211 potest
2116 3127 2253 3211 probari
2270 3127 2316 3192 ita
2341 3149 2406 3193 nec

930 3247 1084 3310 alterum.
1111 3242 1208 3309 Sicut
1233 3263 1317 3328 ergo
1342 3240 1371 3304 si
1396 3242 1520 3306 domus
1538 3241 1571 3304 in
1597 3253 1713 3320 mente
1738 3240 1886 3319 artificis,
1912 3264 2001 3325 quae
2026 3242 2150 3307 dicitur
2166 3265 2221 3307 ars
2238 3253 2272 3308 et
2295 3244 2407 3309 forma

929 3359 1136 3445 exemplaris
1161 3359 1286 3422 domus
1311 3367 1415 3436 extra,
1430 3378 1499 3420 una
1516 3377 1594 3421 curn
1620 3358 1797 3421 voluntate
1822 3356 1961 3421 artificis
1987 3368 2079 3422 esset
2103 3378 2210 3423 causa
2227 3358 2406 3425 sufficiens

929 3475 1103 3542 essentiae
1121 3486 1154 3539 et
1171 3473 1375 3538 existentiae
1393 3474 1517 3537 domus
1540 3482 1644 3550 extra,
1667 3483 1701 3536 et
1717 3473 1829 3536 statim
1846 3494 1925 3537 cum
1951 3472 2072 3538 notitia
2090 3472 2215 3539 domus
2231 3474 2267 3538 in
2291 3485 2407 3540 mente

927 3605 965 3658 ut
993 3613 1099 3658 causa
1128 3589 1314 3673 exemplari
1344 3588 1477 3653 formali
1505 3600 1627 3673 posset
1655 3589 1780 3653 adesse
1809 3588 1884 3672 ipsa
1917 3589 2090 3672 placentia
2122 3590 2325 3656 existentiae
2352 3591 2406 3657 vel

929 3706 1100 3775 existendi
1125 3705 1268 3770 domus⁴
1293 3716 1330 3769 ut
1353 3703 1485 3769 causa⁵
1509 3703 1683 3768 efficiente
1707 3703 1742 3766 in
1767 3703 1843 3788 ipsa
1867 3706 2054 3784 voluntate,
2072 3705 2245 3771 diceretur
2268 3708 2364 3790 quod
2388 3729 2408 3772 a

928 3836 1084 3908 tempore
1113 3820 1210 3906 quol
1240 3820 1353 3905 potuit
1384 3841 1462 3884 esse
1495 3819 1615 3883 notitia
1647 3821 1784 3899 domus
1817 3819 1928 3904 potuit
1961 3820 2060 3885 etiam
2093 3843 2172 3886 esse
2203 3833 2326 3887 natura
2355 3823 2406 3888 vel

928 3937 1081 4005 essentia
1097 3939 1222 4002 dumus
1244 3936 1318 4001 sive
1342 3936 1418 4020 ipsa
1442 3935 1617 4000 demusin
1644 3935 1825 4000 existentia
1849 3935 1883 3999 in
1909 3957 1944 4000 re
1969 3948 2078 4015 extra;
2097 3950 2130 4003 et
2155 3937 2183 4001 si
2207 3938 2406 4004 huiusmodi

928 4053 1073 4120 notitia⁷
1091 4053 1203 4138 putuit
1230 4073 1308 4117 esse
1327 4053 1370 4116 ab
1388 4063 1541 4129 aeterno,
1559 4050 1706 4115 existere
1732 4051 1833 4116 etiam
1852 4051 2023 4136 potuisset
2048 4054 2173 4117 domus
2191 4055 2234 4117 ab
2252 4065 2405 4119 aetern0.

928 4171 977 4235 lta
1000 4170 1136 4235 videtur
1172 4190 1282 4253 posse·
1314 4167 1381 4231 dici
1417 4167 1451 4230 in
1489 4165 1680 4251 proposim,
1707 4179 1740 4230 et
1774 4167 1936 4232 videtur⁸
1963 4169 2032 4233 hoe
2057 4168 2229 4254 pertinere
2254 4171 2298 4234 ad
2326 4170 2407 4236 emi·

884 4348 902 4361 „
928 4284 1108 4351 nentiam⁹
1132 4297 1165 4350 et
1189 4283 1348 4347 virtutem
1373 4281 1511 4346 divinae
1528 4283 1551 4316 ¹⁰
1573 4282 1761 4367 potentiae.

1018 4401 1220 4466 Secundum
1246 4401 1315 4463 hbe
1343 4420 1427 4485 ergo
1454 4400 1498 4462 de
1525 4398 1658 4462 ratione
1685 4409 1862 4462 creaturae
1891 4400 2111 4464 solummodo
2140 4413 2192 4466 est
2221 4413 2256 4466 ut
2280 4404 2407 4468 habeat

929 4538 1009 4582 esse
1033 4538 1133 4580 suum
1160 4516 1203 4578 ab
1233 4513 1300 4577 aliu
1331 4535 1372 4577 ex
1390 4514 1411 4548 ¹¹
1442 4513 1558 4589 nihilo,
1585 4513 1617 4576 id
1647 4525 1700 4577 est
1728 4534 1798 4576 non
1829 4515 1872 4578 de
1897 4515 2012 4598 aliquo
2031 4515 2074 4593 ¹²3
2100 4527 2133 4580 et
2161 4518 2256 4600 quud
2280 4518 2408 4582 habeat

929 4653 1008 4698 esse
1035 4642 1114 4716 post
1141 4651 1212 4694 n0n
1242 4651 1320 4693 esse
1349 4640 1480 4707 natura,
1507 4628 1655 4712 quiade
1684 4650 1722 4693 se
1751 4651 1821 4693 non
1851 4631 1956 4693 habet
1983 4652 2072 4708 esse,
2101 4632 2164 4695 sed
2192 4631 2303 4719 magis
2334 4654 2406 4698 non

929 4769 1017 4813 esse.
1047 4747 1135 4811 Esse
1164 4755 1279 4810 autem
1308 4746 1413 4809 habet
1447 4746 1489 4808 ab
1519 4744 1587 4807 aliu
1616 4743 1650 4807 in
1679 4756 1845 4827 quantum
1874 4744 2006 4810 scilicet
2038 4758 2090 4810 est
2119 4748 2263 4812 effectus
2295 4748 2405 4832 primi.

930 4865 996 4928 Per
1024 4863 1119 4948 prius
1152 4873 1266 4926 autem
1300 4862 1405 4924 hahet
1437 4881 1490 4923 res
1527 4860 1621 4942 quod
1654 4859 1855 4924 naturaliter
1886 4859 1951 4924 sihi
1984 4862 2130 4926 debetur
2162 4885 2203 4927 cx
2235 4885 2273 4927 se
2302 4886 2404 4948 quarn

929 4978 1024 5062 quod
1041 4977 1107 5042 sibi
1132 4978 1279 5042 debetur
1303 4978 1347 5039 ah
1373 4975 1449 5039 alio.
1476 4976 1567 5039 Dato
1586 4996 1670 5062 ergo
1693 4975 1717 5009 ¹³
1741 4975 1836 5059 quod
1865 4988 2022 5040 creatura
2047 4999 2223 5062 nunquam
2248 4980 2406 5045 habuerit

929 5103 1009 5159 actu
1031 5116 1102 5158 nun
1130 5115 1209 5158 esse
1233 5093 1294 5156 sed
1324 5113 1463 5175 semper
1491 5090 1602 5168 suerit,
1621 5102 1736 5155 tamen
1758 5091 1833 5175 ipsa
1858 5093 2001 5157 haberet
2025 5115 2103 5158 esse
2128 5104 2207 5178 post
2231 5117 2303 5160 non
2328 5118 2407 5162 esse

929 5220 1062 5289 natura,
1092 5209 1187 5293 quod
1216 5207 1345 5271 suflicit
1373 5208 1418 5270 ad
1447 5206 1613 5271 rationem
1643 5220 1833 5286 creaturae,
1852 5221 1885 5272 et
1913 5209 1962 5272 sic
1988 5220 2143 5274 creatura
2168 5212 2303 5276 habens
2328 5234 2407 5278 esse

929 5327 973 5390 ab
1002 5336 1145 5390 aeterno
1174 5324 1347 5389 diceretur
1375 5344 1453 5388 esse
1482 5323 1573 5386 facta
1603 5343 1645 5386 ex
1672 5322 1780 5386 nihilo
1810 5325 1861 5389 vel
1886 5346 1956 5388 n0n
1987 5324 2030 5389 de
2056 5325 2181 5409 aliqu0,
2207 5326 2287 5411 quia
2311 5328 2406 5412 prius

929 5440 1129 5506 naturaliter
1167 5441 1311 5505 haberet
1332 5438 1355 5474 ¹⁴
1394 5460 1466 5502 nun
1507 5459 1585 5502 esse
1625 5448 1746 5522 utpute
1786 5460 1828 5502 ex
1867 5460 1905 5503 se
1949 5418 2051 5523 quani
2089 5463 2167 5507 esse
2206 5452 2328 5528 utpote
2365 5465 2407 5509 ex

1020 5687 1108 5741 lhinc
1124 5688 1153 5741 P.
1168 5720 1200 5726 —
1221 5691 1290 5740 ¹um
1309 5688 1339 5740 P.
1355 5717 1386 5724 -
1412 5685 1607 5756 ³simpliciter
1627 5684 1779 5752 abstrahit]
1803 5686 1945 5739 abstrahit
1967 5687 2140 5759 simpliciter
2161 5690 2192 5744 P.
2206 5722 2239 5730 -
2262 5691 2406 5745 ¹domum

929 5777 986 5830 PV.
1001 5809 1033 5816 —
1049 5778 1058 5808 ³
1072 5794 1107 5829 ea
1126 5777 1229 5846 scrips.
1244 5793 1342 5845 nrurg.
1359 5775 1387 5826 P.
1403 5806 1435 5811 -
1450 5774 1460 5804 ⁰
1474 5773 1552 5842 rpurd
1568 5774 1597 5826 P.
1614 5805 1646 5827 -,
1663 5774 1671 5802 ⁷
1685 5772 1817 5842 putentia
1833 5774 1862 5826 P.
1926 5773 2097 5828 ¹⁴videretur
2110 5777 2142 5830 P.
2156 5809 2189 5815 -
2203 5779 2214 5808 ⁰
2227 5777 2406 5832 evidentiam

930 5882 1028 5936 niarg.
1042 5878 1076 5916 2⁰
1092 5882 1171 5916 num.
1187 5863 1217 5916 P.
1234 5896 1264 5901 -
1282 5866 1301 5894 ¹⁰
1315 5880 1369 5915 οηι.
1387 5862 1415 5915 l'.
1431 5894 1462 5900 —
1481 5864 1498 5892 ¹¹
1514 5869 1542 5912 et
1556 5861 1587 5913 P.
1603 5892 1634 5897 --
1652 5860 1671 5890 ¹²
1685 5859 1743 5912 aliu
1761 5861 1789 5913 P.
1805 5894 1836 5899 -
1854 5863 1874 5892 ¹³
1887 5871 1983 5914 autem
2000 5864 2030 5916 P.
2047 5896 2078 5901 -
2097 5867 2115 5894 ¹¹
2130 5865 2219 5918 habet
2233 5866 2263 5918 P.

964 6045 1004 6112 (l)
1023 6043 1056 6095 V.
1077 6041 1252 6097 Henricus
1267 6041 1308 6094 de
1324 6040 1511 6104 Gandavo,
1526 6038 1632 6109 Quadi.
1647 6039 1667 6101 l,
1684 6057 1710 6108 q.
1725 6041 1740 6092 7
1754 6047 1784 6092 et
1797 6042 1813 6091 8
1827 6048 1857 6104 it.
1874 6039 1894 6103 1,
1908 6058 1935 6115 p.
1949 6043 1974 6107 8,
1990 6041 2049 6103 Ra).

2542 3690 2559 3720 δ
