6700 7992
1127 1461 1322 1533 QUARTUM
1352 1461 1651 1532 Quonmas‘ruu,
1680 1460 1716 1532 Q.
1746 1461 1773 1514 11
2134 1465 2188 1517 aas

707 1644 752 1710 ad
790 1655 949 1710 naturam
991 1641 1122 1729 speciei
1160 1642 1241 1728 quia
1281 1653 1315 1708 et
1349 1640 1384 1707 in
1423 1640 1500 1727 ipsa
1535 1640 1702 1708 uniuntur
1738 1640 1969 1707 essentialiter
2003 1652 2037 1707 et
2073 1642 2185 1728 ipsam

707 1759 866 1825 dividunt
904 1758 1173 1837 accidentaliter,
1205 1779 1277 1823 non
1308 1770 1422 1824 autem
1458 1768 1734 1845 cognosceretur
1764 1758 1920 1843 perfecte
1960 1757 2038 1822 talis
2062 1769 2185 1823 natura

705 1875 773 1941 nisi
796 1874 900 1942 etiam
924 1886 1199 1963 cognosceretur
1222 1873 1337 1940 omnis
1361 1873 1561 1940 huiusmodi
1584 1873 1753 1938 habitudo
1778 1884 1813 1938 et
1829 1874 1916 1939 ordo
1934 1874 1979 1938 ad
2003 1874 2125 1959 ipsam,
2143 1914 2184 1921 —

705 1992 786 2058 ideo
824 1992 1079 2079 cognoscendo
1125 2001 1285 2056 naturam
1324 1990 1509 2078 cognoscit
1547 1988 1727 2054 individua
1766 1990 1960 2055 secundum
2003 2001 2184 2074 utramque

705 2107 945 2174 habitudinem
988 2108 1033 2172 ad
1072 2105 1193 2192 ipsam.
1232 2107 1313 2172 Hoc
1350 2116 1465 2171 autem
1504 2127 1576 2170 non
1616 2116 1709 2171 esset
1748 2104 1815 2169 nisi
1854 2118 2088 2192 cognosceret
2127 2106 2183 2171 illa

705 2222 868 2290 distincte
899 2234 934 2289 et
965 2223 1159 2289 secundum
1190 2223 1285 2307 quod
1320 2221 1479 2287 dividunt
1511 2243 1587 2287 eam
1619 2220 1713 2286 dicto
1743 2222 1857 2287 modo.
1887 2221 2050 2288 Similiter
2078 2221 2182 2287 immo

704 2340 813 2405 multo
837 2337 949 2427 magis
973 2340 1082 2419 DeuS,
1107 2360 1169 2423 per
1192 2338 1306 2403 ideam
1330 2338 1485 2423 perfecte
1502 2348 1823 2423 repraesentantem
1842 2348 2001 2402 naturam
2019 2337 2182 2423 aliquam,

704 2454 755 2520 sic
779 2455 933 2541 perfecte
957 2453 1116 2541 intelligit
1140 2454 1231 2519 illam
1257 2465 1294 2517 ut
1324 2452 1494 2541 intelligat
1528 2452 1646 2518 omnia
1681 2452 1737 2517 illa
1772 2475 1863 2538 quae
1898 2454 2030 2519 hahent
2065 2455 2182 2540 aliquo

705 2571 811 2636 modo
836 2569 995 2636 ordinem
1019 2581 1053 2636 et
1076 2570 1317 2635 habitudinem
1342 2570 1387 2634 ad
1411 2581 1569 2634 naturam
1594 2568 1697 2633 illam.

792 2686 864 2752 Sed
889 2685 1055 2769 quicquid
1079 2684 1122 2750 sit
1150 2686 1296 2765 dehoc,
1331 2684 1517 2750 dicendum
1544 2694 1581 2749 ut
1604 2684 1711 2770 prius,
1736 2685 1907 2750 salvando
1932 2685 2122 2771 perfectam
2148 2697 2182 2752 et

702 2801 901 2868 distinctam
934 2801 1173 2889 cognitionem
1204 2801 1239 2866 in
1272 2802 1349 2866 Deo
1375 2800 1530 2866 omnium
1560 2811 1630 2865 tam
1654 2800 1881 2887 singularium
1914 2823 2018 2885 quam
2046 2802 2182 2867 univer·

702 2917 825 2983 salium
854 2928 889 2983 et
922 2918 1090 3004 ponendo
1115 2916 1291 2982 minimam
1315 2915 1575 2982 distinctionem
1611 2927 1644 2981 et
1680 2916 1933 2982 multitudinem
1965 2917 2121 2983 idearum
2147 2918 2180 2983 in

701 3033 789 3118 ipso.
807 3034 947 3121 Negare
971 3032 1062 3099 enim
1087 3034 1200 3097 Deum
1219 3053 1437 3119 cognoscere
1453 3031 1642 3120 singularia
1658 3032 1818 3098 distincte
1841 3046 1892 3098 est
1916 3032 2179 3115 inconveniens,

701 3150 764 3215 sed
788 3171 921 3235 ponere
945 3150 1040 3233 quod
1063 3151 1133 3215 hoc
1156 3149 1216 3213 liat
1239 3169 1302 3234 per
1325 3170 1430 3212 unam
1455 3148 1569 3213 ideam
1593 3148 1762 3213 rationale
1786 3147 1930 3214 videtur.

790 3266 848 3330 Ad
893 3264 1062 3330 rationem
1109 3264 1212 3352 igitur
1252 3264 1285 3330 in
1326 3263 1527 3349 oppositum
1574 3263 1762 3329 dicendum
1800 3266 1896 3349 quod
1942 3266 2042 3351 plura
2089 3288 2179 3350 quae

700 3380 930 3446 essentialiter
965 3402 1026 3465 per
1060 3399 1099 3445 se
1135 3391 1168 3446 et
1200 3379 1387 3446 formaliter
1411 3391 1493 3445 sunt
1516 3381 1615 3465 plura
1644 3391 1678 3445 et
1708 3380 1879 3461 distincta,
1909 3394 1945 3446 ut
1978 3383 2077 3467 plura
2105 3382 2179 3448 sive

700 3495 863 3562 distincte
887 3518 959 3561 non
984 3505 1247 3582 cognoscuntur
1261 3495 1328 3561 nisi
1352 3517 1415 3581 per
1438 3496 1547 3580 plura,
1572 3497 1768 3562 secundum
1791 3518 1862 3562 rem
1888 3508 1924 3561 ut
1944 3497 1978 3561 in
2001 3498 2178 3579 creaturis,

699 3613 754 3677 vel
771 3612 966 3678 seeundum
991 3612 1159 3678 rationem
1185 3623 1222 3677 ut
1246 3611 1280 3675 in
1310 3612 1397 3677 Deo.
1423 3611 1495 3677 Sed
1520 3612 1616 3697 plura
1641 3633 1713 3678 non
1742 3612 1973 3679 essentialiter
1996 3626 2030 3680 et
2054 3614 2178 3679 forma-

698 3727 774 3793 liter
805 3729 999 3793 secundum
1038 3749 1077 3793 se
1108 3728 1171 3793 sed
1204 3727 1462 3793 accidentaliter
1494 3728 1627 3793 ratione
1664 3727 1873 3794 diversitatis
1906 3728 2079 3809 materiae,
2124 3730 2177 3795 vel

698 3842 832 3909 ratione
871 3844 1008 3931 agentis
1033 3843 1132 3909 cuius
1165 3843 1256 3911 actio
1289 3844 1333 3908 ad
1363 3844 1462 3929 plura
1491 3845 1557 3908 sub
1592 3865 1663 3909 una
1702 3844 1822 3930 specie
1860 3844 2073 3926 terminatur,
2105 3867 2177 3911 non

697 3969 836 4045 oportet
874 3960 968 4043 quod
1008 3961 1052 4024 ab
1089 3958 1144 4023 his
1179 3980 1270 4044 quae
1309 3980 1382 4024 non
1419 3957 1591 4044 recipiunt
1625 3959 1910 4048 cognitionema
1947 3962 2053 4026 rebus
2090 3961 2177 4048 ipsis

697 4073 842 4140 diversis
881 4076 1076 4140 secundum
1115 4096 1187 4140 rem
1227 4074 1261 4139 in
1300 4075 1427 4157 angelo
1467 4076 1663 4155 secundum
1701 4075 1836 4160 aliquos
1880 4077 1933 4141 vel
1980 4080 2175 4143 secundum

696 4188 865 4255 rationem
889 4189 924 4255 in
953 4191 1030 4255 Deo
1063 4202 1346 4277 cognoscantur;
1380 4192 1443 4256 sed
1478 4190 1673 4255 secundum
1709 4212 1817 4256 unum
1853 4202 1886 4257 et
1921 4191 2012 4257 idem
2045 4214 2176 4280 cogno·

696 4316 841 4371 scuntur
864 4305 959 4391 quod
979 4317 1032 4371 est
1049 4306 1160 4392 primo
1185 4316 1219 4372 et
1244 4328 1305 4391 per
1328 4327 1367 4372 se
1391 4305 1479 4371 ratio
1503 4306 1644 4391 speciei,
1670 4316 1705 4372 et
1729 4307 1938 4373 secundario
1955 4319 1989 4374 et
2009 4310 2109 4394 quasi
2133 4331 2176 4375 ex

695 4421 926 4506 consequenti
951 4421 1084 4487 sivein
1120 4422 1196 4508 ipsa
1232 4422 1351 4508 specie
1376 4422 1530 4487 omnium
1559 4416 1818 4488 individuorum
1853 4425 2056 4489 habentium
2081 4427 2175 4491 hunc

695 4536 853 4602 ordinem
876 4539 932 4603 vel
955 4536 1196 4603 habitudinem
1220 4539 1265 4602 ad
1289 4537 1400 4623 ipsam
1425 4538 1580 4623 speciem
1604 4540 1699 4622 quod
1735 4538 1872 4624 species
1905 4540 2174 4626 multiplicabilis

695 4663 748 4719 est
772 4651 807 4717 in
831 4653 927 4739 ipsis.

1246 4939 1540 5022 Quaestio
1587 4940 1621 5004 11

1339 5123 1523 5192 (LONGA).

712 5358 856 5435 Utrum
886 5367 1037 5457 ponere
1072 5386 1135 5434 res
1165 5360 1557 5459 praedicarnerrfales
1592 5388 1675 5437 esse
1710 5368 1897 5438 aeternas
1919 5367 2150 5455 ⁸secundum

798 5518 881 5566 esse
909 5493 1220 5594 quiddifalr'rurm
1250 5493 1303 5567 sil
1325 5501 1475 5592 ponere
1504 5497 1703 5570 niun-dum
1733 5523 1815 5572 esse
1843 5504 2062 5574 ueternum.

778 5820 916 5887 Deinde
941 5821 1034 5886 circa
1058 5832 1233 5886 creaturas
1259 5822 1293 5886 in
1317 5823 1472 5908 generali
1506 5827 1739 5908 quaerebatur
1774 5848 1880 5891 unum
1906 5828 2068 5895 videlicet
2093 5852 2168 5915 per·

687 5936 803 6002 tinens
828 5938 873 6002 ad
898 5937 1075 6003 entitatem
1107 5937 1369 6021 quidditativam
1393 5941 1447 6003 vel
1485 5940 1707 6007 essentialem
1743 5944 1938 6008 secundum
1969 5966 2048 6010 esse
2073 5918 2168 6030 quod

688 6053 820 6136 habent
865 6052 899 6117 in
938 6073 1079 6146 genere,
1120 6052 1251 6119 scilieet
1290 6067 1404 6119 utrum
1443 6076 1575 6141 ponere
1617 6078 1674 6123 res
1713 6058 2050 6147 praedicamentales
2088 6083 2168 6151 esse
