6700 7992
1333 1466 1550 1523 SECUNDUM
1579 1465 1878 1536 QUODLIBETUM,
1907 1466 1944 1535 Q.
1973 1465 1998 1519 V
2374 1466 2408 1515 87

929 1673 1015 1739 ergo
1039 1651 1134 1735 quod
1159 1645 1803 1734 quaelibetsubstantiaintellectualis
1828 1645 1861 1710 in
1880 1644 2107 1732 intelligendo
2130 1643 2337 1709 assimiletur
2360 1641 2409 1708 rei

929 1767 1123 1833 intellectae
1140 1787 1202 1851 per
1217 1763 1347 1848 aliquid
1373 1763 1527 1828 additum
1552 1783 1638 1826 suae
1663 1761 1837 1827 essentiae
1853 1762 1907 1826 vel
1924 1773 2078 1826 naturae.
2096 1760 2139 1824 Et
2158 1759 2216 1824 in¹
2232 1759 2409 1825 intellectu

927 1885 1082 1949 humano
1102 1879 1206 1966 aliqui
1227 1879 1347 1946 dicunt
1364 1879 1481 1963 qu0d²
1497 1900 1559 1964 per
1576 1877 1658 1942 nihil
1677 1877 1885 1942 assimilatur
1909 1877 2103 1942 intellectus
2120 1874 2297 1962 possibilis
2321 1877 2410 1941 ultra

928 2021 1027 2064 suam
1052 1997 1206 2083 speciem
1223 2008 1257 2061 et
1274 1995 1464 2081 potentiam
1489 1994 1680 2059 naturalem
1698 1993 1747 2059 rei
1764 1993 1970 2072 intellectae,
1989 1992 2054 2057 nisi
2072 2014 2134 2078 per
2155 1992 2270 2078 ipsum
2286 1991 2298 2027 ³
2313 1991 2409 2058 intel·

929 2114 1047 2203 ligere,
1064 2113 1159 2198 quod
1184 2123 1236 2177 est
1261 2110 1354 2176 aliud
1377 2122 1410 2177 et
1435 2110 1526 2175 aliud
1551 2110 1745 2176 seeundum
1774 2109 1840 2174 alia
1864 2121 1898 2174 et
1922 2108 1987 2173 alia
2012 2108 2149 2174 obiecta
2173 2107 2409 2196 intelligibilia.

929 2232 1004 2297 Nec
1021 2240 1158 2315 ponunt
1181 2227 1331 2312 aliquam
1356 2227 1509 2312 speciem
1536 2225 1783 2290 assimilantem
1807 2227 1862 2290 vel
1886 2225 2173 2291 determinantem
2198 2223 2409 2290 intellectum

930 2346 974 2411 ad
998 2345 1248 2431 quodcumque
1272 2341 1486 2429 intelligibile
1512 2340 1612 2406 aliani
1639 2363 1741 2425 qnam
1771 2340 1883 2425 ipsum
1908 2340 2100 2428 intelligere
2129 2339 2176 2405 rei
2204 2339 2410 2420 intellectae,

930 2462 1025 2547 quod
1049 2459 1153 2526 efficit
1177 2459 1372 2524 intellectus
1397 2479 1507 2545 agens
1533 2457 1708 2522 mediante
1733 2459 1976 2541 phantasmate
2000 2454 2164 2522 sensibili.
2189 2457 2268 2520 Hoc
2295 2464 2410 2520 autem

931 2600 1003 2643 non
1028 2587 1144 2662 potest
1168 2574 1253 2660 poni
1269 2574 1305 2638 in
1323 2573 1455 2660 angelis
1474 2572 1531 2657 qui
1557 2572 1650 2638 non4
1670 2571 1868 2658 intelligunt
1885 2572 1950 2636 alia
1967 2595 1987 2636 a
2004 2594 2041 2638 se
2062 2571 2264 2657 recipiendo
2282 2570 2411 2656 aliquid

930 2695 975 2758 ab
999 2693 1049 2759 eis
1074 2691 1199 2756 virtute
1227 2689 1422 2755 intellectus
1452 2688 1589 2772 agentis
1623 2689 1744 2752 saltem
1770 2699 1937 2772 quantum
1969 2690 2014 2753 ad
2042 2688 2252 2753 intellectum
2281 2686 2412 2753 entium

932 2807 1188 2895 specificorum,
1218 2804 1283 2870 ut5
1306 2805 1501 2870 secundum
1527 2803 1760 2869 diversitatem
1790 2802 2081 2891 cognoscibilinm
2105 2804 2156 2870 sic
2180 2804 2412 2869 diversimode

931 2923 1165 2991 assimilentur
1188 2921 1247 2987 eis.

1019 3039 1062 3105 Et
1086 3039 1166 3103 ideo
1192 3037 1317 3103 dicitur
1340 3037 1434 3121 quod
1460 3047 1596 3122 oportet
1632 3037 1735 3101 etiam
1768 3048 1905 3121 praeter
1939 3036 2130 3124 intelligere
2164 3058 2233 3121 quo
2266 3037 2413 3124 angelus

930 3155 1138 3221 assimilatur
1170 3154 1218 3219 rei
1250 3153 1455 3231 intellectae,
1487 3173 1564 3217 esse
1594 3151 1628 3216 in
1660 3152 1738 3237 ipso
1770 3152 1923 3237 speciem
1960 3152 2032 3218 sive
2065 3153 2219 3217 habiturn
2252 3153 2438 3237 aliquem„

932 3309 972 3319 —-
985 3269 1113 3357 prout⁶
1129 3269 1232 3335 etiarn
1250 3269 1284 3334 in
1302 3268 1404 3333 nobis
1421 3269 1616 3332 secundum
1641 3268 1768 3331 multos
1786 3267 1927 3352 ponitur
1944 3282 2081 3353 praeter
2094 3268 2207 3353 ipsum
2221 3268 2413 3357 intelligere

932 3387 1046 3472 aliqua
1063 3385 1202 3472 species
1222 3385 1270 3449 rei
1288 3383 1510 3472 intelligibilis
1536 3383 1648 3469 ipsum
1666 3383 1877 3448 intellectum
1895 3383 2090 3449 assimilans
2115 3396 2149 3449 et
2165 3384 2412 3466 determinans,

932 3525 1001 3589 qua
1029 3501 1237 3567 assimiletur
1265 3513 1299 3566 et
1326 3500 1361 3564 in
1389 3499 1514 3564 virtute
1547 3500 1601 3564 vel
1633 3498 1856 3564 similitudine
1891 3521 1947 3565 res
1982 3500 2156 3567 intellecta
2188 3504 2414 3587 comprehen-

933 3622 1042 3699 datur,
1061 3658 1102 3666 -
1120 3629 1166 3697 ut,
1196 3617 1286 3683 sieut
1303 3617 1399 3681 Dens
1417 3615 1452 3680 in
1477 3615 1704 3702 intelligendo
1729 3637 1827 3679 suam
1853 3615 2040 3681 essentiam
2062 3639 2152 3701 quae
2169 3628 2221 3682 est
2237 3617 2414 3683 sufficiens

932 3734 1086 3801 omniurn
1119 3733 1307 3798 similitudo
1336 3731 1493 3818 intelligit
1521 3730 1638 3795 omnia
1665 3730 1762 3795 alin⁷
1789 3753 1809 3795 a
1837 3753 1885 3810 se,
1914 3742 1948 3797 et
1976 3733 2077 3798 etiarn
2106 3733 2301 3799 secundum
2329 3733 2415 3798 alios

932 3851 1164 3938 philosophos
1182 3849 1270 3914 aliae
1294 3847 1509 3913 substantiae
1534 3857 1715 3932 separatae
1735 3847 1770 3912 in
1796 3847 2021 3935 intelligendo
2043 3871 2081 3914 se
2098 3849 2293 3938 intelligunt
2315 3850 2381 3915 alia
2394 3849 2416 3934 ⁸,

934 3967 981 4033 ita
1020 3966 1122 4032 etiam
1162 3965 1357 4030 secundum
1396 3985 1462 4029 nos
1498 3964 1644 4049 angelus
1677 3962 1711 4027 in
1747 3963 1973 4048 intelligendo
2013 3987 2052 4031 se
2090 3977 2127 4030 ut
2166 3965 2418 4033 informatum⁰

932 4082 1052 4169 specie
1083 4081 1229 4147 alieuius
1261 4079 1485 4164 intelligibilis
1518 4090 1551 4144 et
1583 4100 1645 4164 per
1677 4078 1767 4143 illam
1798 4079 1843 4143 illi
1879 4079 2102 4145 assimilatum
2134 4080 2303 4170 intelligat
2333 4083 2416 4148 illud

933 4198 1033 4266 cuius
1065 4208 1118 4264 est
1157 4196 1295 4282 speeies
1328 4196 1382 4261 vel
1417 4194 1614 4259 similitudo.
1649 4194 1692 4258 Et
1724 4205 1854 4279 quanto
1886 4197 2033 4282 angelus
2073 4208 2126 4262 est
2164 4198 2351 4284 perfectior
2382 4199 2417 4264 in

934 4313 1087 4381 essentia
1110 4314 1164 4378 vel
1182 4323 1305 4377 natura
1326 4312 1359 4391 ¹⁰,
1384 4321 1480 4375 tanto
1508 4310 1611 4376 etiarn
1635 4310 1825 4394 perfectius
1843 4311 1866 4345 ¹¹
1892 4313 2022 4377 habent
2039 4334 2117 4378 esse
2146 4314 2180 4378 in
2204 4314 2282 4399 ipso
2299 4315 2417 4380 huius·

935 4429 1030 4496 modi
1046 4428 1286 4494 similitudines
1305 4427 1464 4505 aliorum3
1483 4437 1517 4491 et
1534 4425 1614 4510 quia
1632 4438 1763 4510 quanto
1781 4426 1910 4511 aliquid
1928 4439 1981 4493 est
1997 4428 2184 4513 perfectius
2202 4441 2236 4495 et
2249 4431 2417 4497 actualins

935 4558 970 4612 et
1007 4567 1143 4610 summo
1180 4544 1272 4609 actui
1312 4542 1567 4628 perfectissimo
1609 4541 1838 4626 propinquius
1862 4542 1894 4621 ¹²,
1935 4555 2031 4609 tanto
2070 4546 2332 4629 quodammodo
2365 4558 2418 4612 est

934 4661 1121 4727 virtuosius
1150 4672 1184 4726 et
1212 4658 1462 4738 universalius;
1492 4657 1582 4723 sicut
1611 4659 1708 4722 Deus
1736 4657 1890 4723 existens
1919 4659 2194 4745 simplicissimus
2222 4663 2417 4729 secundum

934 4800 1005 4844 rem
1022 4789 1074 4843 est
1091 4775 1408 4842 universalissimus
1426 4786 1459 4839 et
1477 4773 1748 4838 virtuosissimos
1765 4775 1960 4840 secundum
1988 4776 2179 4861 potentiam
2197 4789 2231 4843 et
2248 4777 2417 4845 virtutem.

935 4894 977 4959 Et
1010 4893 1090 4959 ideo
1126 4892 1312 4978 ponendae
1345 4902 1426 4956 sunt
1461 4889 1660 4955 huiusmodi
1696 4890 1833 4975 species
1865 4891 1981 4976 aliquo
2014 4894 2118 4958 modo
2150 4893 2417 4962 universaliores

936 5022 969 5076 et
993 5008 1221 5094 simpliciores
1247 5007 1281 5071 in
1305 5006 1545 5093 superioribus
1570 5027 1673 5090 quam
1698 5005 1929 5072 inferioribus

1024 5125 1095 5190 Sed
1120 5135 1231 5188 utrum
1250 5123 1318 5188 sint
1343 5121 1610 5187 universaliores
1635 5133 1668 5186 et
1687 5122 1871 5208 panciores
1896 5123 1977 5208 quia
2001 5126 2045 5190 ad
2070 5127 2168 5210 plura
2192 5149 2230 5193 se
2255 5130 2419 5195 extendat

937 5262 1007 5306 una
1023 5240 1160 5326 species
1186 5239 1219 5303 in
1244 5239 1424 5324 superiore
1449 5260 1552 5322 quarn
1577 5238 1612 5301 in
1637 5237 1810 5318 inferiore,
1840 5241 1884 5305 de
1908 5242 1975 5305 hoc
2004 5257 2085 5307 sunt
2109 5243 2303 5328 opiniones.
2329 5247 2418 5310 Nam

937 5378 1016 5423 cum
1040 5356 1075 5421 in
1101 5377 1223 5421 unare
1256 5360 1259 5439 l
1292 5354 1440 5440 simplici
1465 5354 1581 5418 divina
1598 5353 1641 5418 sit
1658 5353 1775 5438 aliquo
1800 5356 1904 5421 modo
1929 5378 2062 5442 ponere
2086 5358 2241 5426 diversas
2265 5361 2418 5429 rationes

937 5472 1068 5539 ideales
1107 5470 1360 5560 cognoscendi,
1401 5470 1447 5535 ita
1493 5470 1587 5554 quod
1628 5480 1765 5555 oportet
1813 5485 1975 5556 respectu
2015 5474 2290 5562 uniuscuiusque
2329 5478 2418 5544 entis

937 5588 1092 5675 specifici
1117 5609 1248 5674 ponere
1281 5590 1285 5671 l
1318 5585 1493 5674 propriam
1518 5585 1688 5652 rationem
1714 5587 1767 5651 vel
1787 5586 1911 5668 ideam,
1937 5599 1971 5654 et
1987 5590 2109 5656 saltem
2133 5602 2184 5658 tot
2207 5605 2291 5678 quot
2315 5605 2418 5661 natae

1030 5902 1037 5931 ¹
1051 5918 1106 5954 om.
1126 5901 1157 5954 P.
1171 5933 1204 5939 —
1220 5900 1230 5931 ⁹
1244 5909 1366 5970 propter
1385 5900 1487 5971 scre‘ps.
1506 5918 1602 5970 rrrurg.
1624 5914 1657 5952 21¹
1671 5917 1709 5952 m.
1724 5900 1755 5953 P.
1769 5933 1801 5939 —
1816 5902 1826 5932 ³
1840 5901 1932 5971 ipsam
1947 5903 2008 5957 PV.
2023 5935 2055 5941 —
2076 5906 2087 5935 ⁴
2100 5922 2154 5957 om.
2170 5905 2199 5958 P.
2220 5937 2252 5944 —
2274 5907 2284 5936 ⁵
2297 5914 2326 5960 et
2339 5907 2370 5961 P.
2385 5939 2417 5945 —-

940 5989 995 6041 ⁰ut
1007 5987 1038 6041 P.
1058 6021 1090 6027 -
1113 5990 1121 6019 ⁷
1135 6007 1189 6042 orn.
1204 5990 1233 6042 Ρ.
1247 5991 1308 6028 -⁸
1328 5988 1495 6059 intelligunt
1510 5988 1575 6056 aliu]
1596 5987 1653 6041 alia
1672 5987 1839 6057 intelligunt
1853 5989 1883 6043 P.
1896 6022 1929 6028 —
1950 5989 2130 6044 “formatum
2144 5992 2174 6044 P.
2195 6025 2227 6031 —
2244 5995 2264 6024 ¹⁰
2279 5994 2323 6047 vel
2342 5993 2418 6059 sinri-

940 6076 1033 6141 litudo
1044 6108 1077 6115 -
1089 6080 1202 6149 natura]
1222 6095 1277 6132 om.
1293 6078 1323 6131 P.
1337 6109 1370 6116 —
1393 6079 1411 6109 ¹¹
1426 6094 1481 6129 om.
1495 6077 1525 6130 P.
1546 6108 1579 6115 -
1601 6077 1621 6108 ¹²
1634 6075 1816 6151 propinquus
1835 6077 1865 6132 P.

2474 5346 2540 5400 cod.
2556 5346 2578 5398 P

2441 5416 2491 5471 fol.
2504 5420 2555 5471 144
2565 5417 2606 5470 R²

2475 5587 2541 5642 eod.
2553 5587 2579 5640 V

2445 5658 2496 5714 fol.
2506 5662 2559 5714 262
2569 5659 2610 5712 Rb
