6700 7992
1259 1448 1432 1504 raurruu
1462 1443 1764 1518 QUODL1BETUM,
1792 1439 1829 1513 Q.
1859 1442 1870 1495 1
2256 1437 2309 1489 sos

823 1631 951 1694 ponatur
970 1625 1109 1689 secundo,
1129 1635 1197 1680 tunc
1217 1626 1285 1680 licet
1305 1626 1434 1679 essentia
1453 1625 1500 1677 vel
1519 1641 1567 1677 res
1586 1630 1727 1695 quantum
1751 1620 1788 1673 ad
1811 1636 1877 1674 esse
1899 1616 2046 1672 essentiae
2068 1615 2163 1688 possit
2189 1631 2308 1669 manere

823 1722 879 1775 sub
903 1721 961 1775 alio
985 1739 1050 1777 esse
1074 1723 1212 1794 opposito
1235 1723 1324 1794 priori
1347 1739 1413 1778 esse
1436 1739 1453 1774 a
1476 1738 1533 1792 quo
1556 1719 1708 1791 spoliatur,
1728 1717 1803 1771 sicut
1827 1716 1904 1788 ignis
1930 1724 2069 1786 quantum
2093 1715 2131 1768 ad
2155 1713 2308 1769 materiam

822 1827 923 1873 manet
945 1820 1000 1872 sub
1024 1819 1117 1874 forma
1142 1820 1279 1891 opposita
1305 1819 1417 1872 formae
1444 1818 1528 1889 ignis
1554 1836 1611 1871 non
1638 1825 1738 1869 tamen
1763 1822 1867 1886 posset
1892 1811 2016 1883 intelligi
2041 1830 2111 1868 vere
2137 1830 2184 1867 res
2210 1813 2309 1884 aliqua

823 1924 965 1988 quantum
995 1917 1033 1970 ad
1062 1935 1127 1972 esse
1156 1919 1296 1971 materiae
1324 1917 1368 1970 sic
1388 1915 1467 1986 quod
1496 1925 1573 1968 esset
1602 1914 1718 1985 privata
1745 1912 1824 1966 omni
1850 1929 1916 1965 esse
1941 1911 2126 1977 existentiae,
2152 1910 2228 1965 sicut
2245 1912 2309 1965 'nec

822 2014 955 2079 materia,
976 2023 1006 2067 ut
1035 2015 1217 2068 communius
1250 2015 1377 2086 ponitur,
1409 2031 1468 2066 non
1500 2020 1598 2083 potest
1631 2009 1757 2078 intelligi
1785 2027 1906 2062 manere
1934 2009 1988 2062 sub
2017 2009 2183 2079 privatione
2215 2008 2310 2062 omnis

824 2109 947 2164 formae.
972 2112 1008 2164 Et
1030 2111 1098 2165 idco
1121 2113 1176 2166 hoc
1201 2111 1320 2165 dimisso
1344 2120 1373 2165 et
1394 2110 1549 2181 supposito
1573 2108 1660 2180 quod,
1684 2108 1759 2161 sicut
1782 2109 1939 2178 probatum
1962 2116 2016 2163 est.
2038 2124 2105 2160 esse
2127 2115 2158 2160 et
2180 2107 2309 2161 essentia

823 2207 882 2262 sint
896 2207 973 2262 idem
988 2227 1028 2275 re,
1043 2209 1209 2276 (licendum,
1223 2217 1361 2280 quantum
1382 2208 1419 2260 ad
1439 2214 1624 2278 praesentem
1646 2205 1848 2276 quaestionem
1869 2204 2005 2274 pertinet,
2020 2203 2099 2275 quod
2113 2222 2309 2277 unaquaeque

823 2323 871 2358 res
900 2314 1012 2359 tantum
1040 2307 1130 2360 habet
1159 2307 1195 2360 de
1218 2324 1283 2360 esse
1307 2305 1474 2358 essentiae¹
1494 2313 1633 2374 quantum
1661 2304 1751 2356 habet
1778 2302 1815 2355 de
1842 2319 1908 2355 esse
1934 2302 2117 2368 existentiae,
2138 2311 2169 2356 et
2195 2311 2308 2356 tantum

824 2403 914 2456 habet
929 2403 966 2456 de
990 2404 1144 2458 existentia
1165 2413 1302 2474 qiuurtum
1323 2403 1433 2455 liabet’
1456 2402 1491 2455 de
1515 2401 1651 2455 essentia.
1675 2401 1718 2453 lta
1741 2399 1821 2471 quod
1848 2410 2005 2470 antequam
2029 2418 2076 2453 res
2099 2400 2156 2453 sint
2180 2401 2208 2454 in
2232 2410 2309 2466 actu,

824 2508 893 2555 sunt
913 2500 941 2553 in
961 2501 1093 2572 potentia
1114 2510 1251 2571 quantum
1273 2500 1309 2553 ad
1337 2508 1492 2570 utrumque
1515 2502 1519 2565 l
1543 2507 1572 2552 et
1598 2498 1718 2568 quando
1741 2508 1807 2550 sunt
1832 2506 1899 2551 actu
1921 2507 1989 2550 sunt
2014 2507 2082 2551 actu
2105 2509 2245 2569 quantum
2270 2498 2308 2552 ad
2347 2476 2468 2555 ΨΜ

2405 2553 2437 2583 (.
2472 2550 2486 2567 .,

825 2605 990 2667 utrumque.
1011 2598 1163 2669 Figmenta
1184 2607 1280 2649 autem
1301 2596 1377 2649 sicut
1395 2604 1440 2649 est
1460 2595 1616 2655 chimaera,
1635 2595 1746 2647 nullum
1768 2612 1834 2647 esse
1858 2595 1936 2647 reale
1957 2595 2066 2647 habent
2086 2613 2140 2649 nec
2164 2606 2232 2649 actu
2254 2614 2308 2650 nec
2341 2551 2390 2602 Μ’
2406 2554 2440 2604 ³⁰
2454 2550 2495 2602 W

826 2695 961 2766 potentia
982 2695 1050 2764 quia
1070 2695 1220 2766 implicant
1240 2693 1475 2748 contradictoria.

915 2790 962 2843 Ad
983 2789 1107 2861 primum
1127 2807 1197 2859 ergo
1218 2789 1297 2859 quod
1318 2789 1365 2842 alii
1386 2788 1527 2842 inducunt
1547 2788 1584 2841 ad
1604 2786 1807 2858 probandum¹
1827 2788 1906 2857 quod
1928 2787 2066 2841 differunt
2081 2806 2111 2841 re
2126 2790 2154 2841 in
2168 2789 2311 2844 creaturis

824 2904 892 2941 esse
913 2895 942 2940 ct
961 2887 1098 2953 essentia,
1119 2887 1273 2940 dicendum
1297 2885 1377 2957 quod
1401 2885 1512 2955 aliquid
1535 2885 1641 2938 dicitur
1663 2903 1730 2938 esse
1753 2884 1782 2938 in
1805 2886 1939 2955 potentia
1959 2886 1997 2938 ad
2018 2887 2129 2956 aliquid
2144 2887 2309 2958 dupliciter.

826 2985 893 3039 Uno
913 2984 1002 3038 modo
1023 3002 1076 3055 per
1098 2983 1208 3053 aliquid
1232 2984 1369 3054 quodest
1392 3001 1459 3054 pars
1481 2982 1525 3036 sui
1541 2983 1586 3036 rel
1607 2983 1706 3053 aliquo
1730 2982 1820 3035 modo
1845 2983 2009 3036 intraneum
2036 2988 2039 3051 j
2066 2984 2222 3038 subiecto¹
2244 2985 2309 3051 sibi,
2353 2966 2470 3056 ,⁰¹¹¹ljs

825 3082 902 3136 sicut
923 3089 1062 3151 quantum
1082 3089 1127 3134 est
1147 3082 1243 3134 album
1264 3081 1292 3133 in
1312 3080 1443 3150 potentia
1463 3098 1515 3150 per
1534 3079 1730 3151 superficiem.
1751 3081 1788 3132 Et
1810 3081 1852 3133 sic
1867 3098 1934 3133 -non
1957 3081 2065 3135 dicitur
2086 3090 2222 3135 creatura
2244 3100 2311 3136 esse
2344 3038 2395 3090 Μ’
2408 3040 2443 3090 ⁴3
2457 3038 2497 3090 Ra

827 3178 907 3250 quod
930 3178 968 3232 sit
991 3188 1127 3249 respectu
1142 3178 1197 3231 Dei
1220 3178 1360 3231 creatoris
1387 3177 1414 3229 in
1440 3177 1572 3247 potentia
1595 3177 1633 3230 ad
1655 3195 1731 3239 esse,
1755 3177 1823 3248 quia
1850 3187 1984 3232 creatura
2011 3188 2169 3250 antequam
2196 3191 2312 3234 creetur

826 3294 886 3329 non
912 3275 1019 3329 dicitur
1044 3293 1109 3329 esse
1136 3275 1163 3329 in
1191 3275 1322 3346 potentia
1345 3273 1383 3327 ad
1406 3291 1471 3330 csse
1496 3292 1549 3344 per
1571 3274 1736 3344 potentiam
1762 3275 1911 3345 passivam
1935 3293 2012 3346 quae
2035 3278 2072 3330 sit
2095 3278 2125 3330 in
2147 3278 2220 3348 ipsa.
2243 3279 2311 3334 :llio

827 3372 918 3427 modo
944 3373 1051 3426 dicitur
1076 3372 1186 3442 aliquid
1212 3389 1277 3426 esse
1306 3372 1334 3425 in
1363 3370 1496 3442 potentia
1525 3389 1578 3442 per
1605 3372 1770 3442 potentiam
1794 3372 1971 3427 existentem
1995 3374 2024 3426 in
2046 3375 2105 3428 alio
2129 3385 2158 3429 et
2180 3394 2233 3447 per
2255 3377 2311 3431 hoc

827 3469 909 3541 quod
931 3478 976 3524 est
996 3488 1054 3523 non
1074 3469 1224 3523 includere
1244 3468 1471 3523 contradictoria
1490 3468 1567 3522 sicut
1596 3469 1760 3537 figmenta⁵
1784 3469 1946 3537 includunt,
1975 3481 2004 3526 et
2027 3473 2100 3526 illo⁸
2121 3473 2211 3527 modo
2233 3474 2313 3528 idem

828 3567 1028 3622 diversimode
1048 3575 1202 3637 acceptum
1224 3574 1268 3620 est
1287 3566 1315 3618 in
1335 3566 1466 3636 potentia
1490 3565 1528 3619 ad
1547 3583 1580 3619 se
1599 3565 1704 3637 ipsum.
1724 3568 1761 3619 Et
1780 3566 1823 3621 sic
1845 3569 1975 3622 essentia
1997 3579 2043 3623 est
2065 3571 2094 3624 in
2116 3574 2251 3642 potentia
2274 3573 2313 3626 ad

827 3682 903 3732 esse,
924 3683 979 3719 nec
998 3673 1116 3736 oportet
1135 3665 1193 3717 ex¹
1216 3665 1272 3717 hoc
1299 3663 1378 3733 quod
1404 3663 1532 3716 essentia
1554 3663 1593 3717 sit
1618 3663 1677 3716 alia
1702 3681 1750 3717 res
1773 3666 1810 3717 ab
1837 3683 1912 3733 esse,
1933 3667 2002 3737 quia
2025 3669 2082 3723 isto
2107 3670 2197 3725 modo
2223 3670 2313 3725 etiam

828 3763 925 3834 ipsum
948 3779 1016 3815 esse
1038 3761 1133 3815 estin
1155 3760 1296 3832 potentia,
1318 3770 1350 3815 ut
1372 3760 1408 3814 sit
1432 3761 1460 3813 in
1482 3768 1549 3815 actu
1572 3762 1709 3832 propriae
1732 3770 1863 3816 naturae.

919 3856 967 3911 ad
990 3856 1150 3911 secundum
1174 3855 1329 3909 (licendum
1353 3855 1432 3926 quod
1455 3873 1509 3909 nec
1532 3873 1602 3909 vere
1625 3864 1725 3924 potest
1749 3859 1878 3912 essentia
1904 3859 2028 3931 intelligi
2054 3880 2109 3917 nec
2134 3864 2224 3917 etiam
2247 3881 2314 3919 esse

828 3956 884 4010 sub
913 3953 1052 4025 opposito
1083 3953 1174 4024 ipsius
1202 3970 1268 4006 esse
1293 3953 1316 4006 si
1342 3952 1504 4023 accipiatur
1529 3953 1657 4006 essentia
1681 3962 1711 4007 et
1733 3972 1799 4008 esse
1825 3956 2018 4024 uniformiter,
2037 3961 2107 4032 quia
2131 3961 2262 4016 essentia
2285 3964 2314 4017 in

829 4061 897 4107 actu
918 4069 976 4104 non
996 4059 1095 4122 potest
1114 4068 1179 4103 esse
1199 4051 1253 4102 sub
1273 4049 1410 4121 opposito
1431 4066 1497 4103 esse
1517 4051 1544 4102 in
1565 4058 1641 4117 actu,
1655 4068 1711 4104 nec
1731 4053 1879 4106 essentia⁸
1897 4053 1927 4107 in
1949 4058 2083 4126 potentia
2096 4060 2152 4111 sub
2172 4062 2314 4131 opposito

828 4166 895 4203 esse
909 4148 938 4201 in
961 4148 1102 4219 potentia.
1122 4147 1181 4200 Sed
1196 4164 1295 4200 rerum
1311 4155 1356 4200 est
1375 4147 1454 4217 quod
1468 4147 1596 4200 essentia
1617 4165 1686 4202 rere
1706 4152 1826 4219 potest⁹
1845 4150 1970 4223 intelligi
1991 4171 2049 4207 non
2069 4172 2137 4209 esse
2154 4158 2175 4188 ¹⁰
2194 4158 2313 4227 quando
2484 4210 2487 4216 ,

828 4264 899 4300 vere
912 4263 972 4299 non
985 4245 1074 4298 habet
1087 4262 1153 4298 esse
1167 4244 1206 4296 ita
1221 4244 1300 4314 quod
1315 4243 1476 4314 accipiatur
1490 4245 1619 4298 essentia
1632 4247 1651 4276 ¹¹
1674 4245 1704 4298 in
1725 4249 1729 4315 Ι
1750 4248 1884 4317 potentia
1895 4257 1925 4302 et
1945 4267 2003 4304 non
2024 4269 2090 4306 esse
2110 4254 2139 4306 in
2154 4265 2231 4322 actu,
2245 4258 2315 4326 quia
2350 4312 2354 4318 ,
2370 4239 2435 4327 (Μ,-
2451 4241 2473 4293 Ρ
2487 4311 2497 4325 ‚

828 4345 903 4398 haec
925 4351 969 4395 est
989 4359 1071 4395 vera:
1091 4340 1219 4395 essentia
1239 4341 1356 4410 quando
1379 4348 1424 4394 est
1443 4341 1535 4394 solum
1558 4342 1585 4394 in
1605 4343 1747 4413 potentia,
1758 4362 1817 4398 non
1836 4347 1927 4400 habet
1939 4365 2005 4402 esse
2019 4348 2048 4403 in
2067 4361 2144 4406 actu.
2160 4352 2205 4405 lta
2225 4353 2314 4407 etiam
2342 4313 2391 4366 Μ’
2407 4315 2458 4365 ¹³²
2470 4312 2487 4364 x
2500 4322 2512 4351 ς’

830 4441 926 4512 ipsum
950 4457 1015 4494 esse
1039 4438 1156 4509 quando
1180 4447 1224 4492 est
1247 4445 1358 4492 tantum
1381 4437 1409 4491 in
1432 4439 1565 4509 potentia
1579 4441 1715 4507 creantis
1734 4459 1792 4495 non
1812 4443 1902 4497 habet
1922 4463 1988 4499 esse
2008 4448 2037 4500 in
2058 4457 2126 4502 actu
2146 4450 2175 4503 in
2195 4452 2316 4523 propria

829 4546 944 4592 natura.
964 4536 1049 4591 Unde
1069 4544 1113 4591 tot
1132 4543 1199 4589 sunt
1218 4552 1284 4589 esse
1298 4543 1370 4605 quot
1382 4536 1402 4567 ¹¹
1415 4536 1571 4600 essentiae,
1584 4544 1614 4589 et
1627 4554 1746 4609 semper
1759 4545 1871 4593 tantum
1885 4551 1931 4596 est
1944 4543 1981 4597 de
2000 4561 2060 4599 uno
2080 4556 2221 4617 quantum
2236 4558 2282 4603 est
2296 4550 2317 4583 ¹⁸

830 4636 869 4690 de
892 4635 960 4689 alio,
973 4635 1037 4688 Nec
1056 4641 1101 4687 est
1123 4633 1290 4704 ponendum
1308 4632 1387 4703 quod
1400 4632 1510 4703 aliquid
1529 4634 1567 4687 sit
1588 4651 1642 4705 per
1664 4652 1730 4690 esse
1750 4635 1827 4691 sicut
1839 4640 1859 4670 ¹¹
1879 4658 1932 4710 per
1951 4641 2062 4714 aliquid
2082 4646 2316 4714 superadditum,

830 4740 863 4786 ut
883 4731 1002 4802 quidam
1023 4730 1123 4784 dicunt
1142 4730 1179 4783 de
1199 4729 1377 4796 substantia,
1396 4730 1443 4783 vel
1463 4747 1516 4800 per
1538 4747 1604 4785 esse
1628 4732 1684 4785 sibi
1703 4735 1884 4789 substratum
1902 4737 1979 4792 sicut
1998 4738 2047 4793 isti
2066 4740 2095 4794 hi
2115 4742 2194 4796 idem
2214 4744 2317 4799 dicunt
2395 4790 2398 4796 .

830 4829 870 4883 de
890 4827 1026 4882 omnibus
1046 4825 1248 4880 accidentibus
1267 4843 1343 4897 quae
1355 4827 1376 4858 ¹⁶
1394 4827 1503 4880 habent
1524 4843 1591 4881 esse
1614 4829 1682 4900 quia
1696 4830 1876 4902 recipiuntur
1889 4834 1919 4887 in
1932 4836 2087 4904 existente,
2108 4840 2177 4909 quia
2196 4841 2317 4911 quando

830 4925 998 4981 substantia
1017 4923 1102 4996 panis
1121 4923 1309 4990 convertitur,
1329 4923 1477 4994 quantitas
1496 4941 1651 4980 remanens
1671 4927 1761 4982 habet
1780 4946 1855 4997 esse,
1875 4948 1930 4986 nec
1949 4940 2049 4987 tamen
2068 4936 2158 4991 habet
2178 4955 2245 4992 esse
2264 4957 2317 5011 per

831 5040 899 5078 esse
924 5023 1105 5076 substratum
1130 5038 1196 5075 cum
1222 5020 1386 5074 substantia
1410 5038 1469 5074 non
1494 5030 1621 5089 maneat,
1640 5022 1729 5080 immo
1749 5034 1795 5080 est
1808 5027 1828 5059 ¹⁸
1852 5045 1906 5100 per
1930 5047 2014 5085 suum
2041 5049 2107 5087 esse
2130 5036 2210 5105 quod
2235 5037 2318 5108 prius

831 5119 966 5172 habebat
985 5125 1016 5171 ut
1035 5116 1064 5170 in
1083 5116 1150 5180 alio,
1169 5133 1247 5169 nunc
1265 5124 1362 5170 autem
1382 5124 1413 5169 ut
1432 5117 1461 5170 in
1480 5133 1513 5170 se
1532 5118 1706 5173 subsistens.

923 5214 971 5269 Ad
994 5214 1066 5268 illud
1089 5213 1126 5268 de
1149 5229 1238 5267 causa
1260 5213 1432 5284 exemplari,
1455 5212 1612 5270 dicendum
1634 5225 1680 5271 est
1701 5218 1783 5289 quod
1801 5219 1871 5276 licet
1884 5222 1966 5277 Deus
1988 5223 2077 5280 fuerit
2089 5239 2319 5299 repraesentans

831 5330 880 5369 res
894 5313 932 5366 ab
946 5319 1075 5377 aeterno,
1089 5326 1148 5363 non
1163 5318 1262 5364 tamen
1274 5309 1328 5365 fuit
1347 5310 1384 5364 ab
1404 5319 1525 5366 aeterno
1545 5329 1633 5368 causa
1654 5317 1831 5388 exemplaris
1844 5321 1865 5352 ¹¹
1883 5327 1952 5375 actu
1969 5339 2096 5379 causans
2110 5325 2232 5398 aliquod
2250 5345 2319 5384 esse

926 5576 1124 5632 ¹existentiae
1138 5576 1170 5630 C.
1190 5608 1222 5615 -
1243 5576 1321 5629 ’ona
1336 5575 1368 5630 C.
1389 5607 1422 5615 -
1441 5576 1607 5633 ³inducunt
1621 5611 1653 5618 —
1673 5583 1869 5655 probandum]
1889 5587 2042 5645 includunt
2061 5594 2216 5664 probando
2230 5595 2264 5651 C.
2284 5629 2318 5638 —

834 5671 843 5700 ⁴
857 5663 1041 5721 substantiae
1056 5663 1089 5717 C.
1109 5696 1141 5702 --
1162 5662 1347 5734 ⁵significata
1362 5663 1416 5717 SP.
1430 5695 1463 5702 —
1483 5665 1494 5693 ¹¹
1506 5664 1563 5718 isto
1578 5666 1611 5721 C.
1625 5699 1658 5707 —
1674 5671 1683 5701 ⁷
1695 5679 1818 5742 propter
1828 5673 1862 5727 C.
1875 5706 1908 5714 -
1923 5676 1934 5708 ⁸
1946 5685 1992 5732 est
2006 5678 2040 5733 C.
2053 5711 2087 5719 —
2101 5682 2113 5713 ⁹
2125 5699 2195 5737 vere
2207 5688 2318 5755 potest]

833 5770 935 5835 potest
947 5778 1017 5815 vere
1032 5761 1065 5815 C.
1086 5792 1118 5800 —
1145 5763 1165 5791 ¹¹¹
1177 5768 1206 5814 et
1218 5760 1240 5814 S
1252 5778 1259 5827 ς
1279 5777 1344 5815 esse
1358 5779 1435 5817 corr.
1449 5775 1484 5816 2a
1495 5781 1532 5817 m.
1546 5757 1641 5832 Sseo
1660 5775 1691 5822 et
1704 5767 1737 5822 C.
1757 5801 1791 5809 —
1813 5773 1834 5804 ¹¹
1847 5773 2010 5846 accipiatur
2030 5781 2170 5852 essentia]
2190 5784 2319 5857 accipiat

834 5866 902 5904 esse
915 5849 947 5903 Ρ.
970 5880 1003 5888 -
1030 5848 1052 5880 ¹³
1064 5856 1131 5901 sunt
1149 5847 1218 5901 add.
1232 5847 1265 5902 C.
1288 5879 1321 5887 -
1346 5849 1367 5882 ¹⁸
1378 5865 1434 5902 om.
1454 5850 1487 5905 C.
1510 5882 1544 5890 —
1568 5853 1589 5883 ¹⁴
1602 5859 1742 5924 tanquam
1757 5857 1789 5912 C.
1812 5890 1846 5899 —
1871 5862 1892 5893 ¹⁸
1904 5863 1985 5934 quod
2004 5864 2037 5920 C.
2061 5898 2094 5907 —
2119 5869 2140 5901 ¹⁶
2152 5887 2208 5925 om.
2229 5872 2262 5927 C.
2286 5904 2319 5914 -

832 5938 858 5970 π
870 5937 956 5991 ab-
971 5933 1157 6005 exemplaris]
1172 5950 1263 5989 causa
1275 5934 1452 6007 exemplaris
1465 5938 1503 5991 ab
1518 5946 1639 5994 aeterno
1659 5940 1693 5996 C.

2215 6053 2275 6108 89·
