6700 7992
1129 1446 1325 1518 QUARTUlll
1354 1446 1653 1518 QUODLIBETUM,
1681 1447 1718 1519 Q.
1746 1446 1772 1500 X
2134 1449 2186 1500 263

709 1627 865 1693 notitiam
890 1627 1088 1713 superioris.
1115 1627 1269 1693 Scientia
1286 1640 1400 1693 autem
1418 1639 1560 1714 propter
1584 1627 1677 1712 quid,
1695 1650 1767 1692 non
1788 1627 1878 1712 quia,
1899 1639 1952 1693 est
1976 1649 2038 1713 per
2056 1626 2186 1713 priora;

662 1777 664 1779 ν
710 1741 793 1806 nihil
818 1752 933 1807 autem
958 1742 1053 1827 prius
1078 1752 1131 1807 est
1158 1740 1336 1827 principiis
1361 1741 1395 1806 in
1424 1741 1578 1806 scientia.
1605 1742 1675 1806 Sed
1700 1743 1788 1807 haec
1812 1743 1959 1806 hahetur
1982 1741 2017 1805 in
2042 1740 2187 1807 scientia

711 1855 890 1942 superiore
915 1857 1184 1921 subalternante.
1210 1856 1254 1920 Et
1278 1855 1328 1921 sic
1353 1854 1503 1942 cognitis
1528 1855 1707 1941 principiis
1735 1854 1902 1920 scientiae
1929 1857 2187 1921 subalternatae

711 1981 783 2035 tum
812 1968 1014 2056 cognitione
1046 1970 1127 2054 quia
1155 1978 1217 2047 est,
1243 1969 1298 2033 via
1326 1990 1452 2034 sensus
1483 1979 1516 2034 et
1541 1969 1729 2035 memoriae
1756 1982 1789 2034 et
1818 1969 2051 2055 experientiae
2080 1980 2115 2034 et
2145 1991 2187 2035 ex

711 2083 893 2149 effectibus
933 2084 985 2148 vel
1026 2083 1237 2163 huiusmodi,
1282 2094 1353 2147 tum
1399 2095 1541 2168 propter
1587 2082 1681 2167 quid,
1726 2104 1767 2148 ex
1811 2083 1878 2147 alia
1923 2082 2188 2168 participatione

711 2196 877 2263 scientiae
902 2196 1091 2283 superioris
1116 2199 1307 2281 (nunquam
1334 2196 1425 2261 enim
1450 2196 1511 2262 erit
1536 2198 1712 2282 perlectus
1732 2197 1767 2261 in
1788 2196 2008 2282 perspectiva
2033 2198 2091 2282 qui
2116 2219 2187 2263 non

713 2310 812 2376 luerit
851 2310 1039 2375 instructus
1079 2311 1112 2375 in
1146 2310 1337 2399 geometria
1373 2332 1434 2396 per
1469 2310 1650 2376 scientiam
1689 2311 1928 2396 superiorem),
1964 2322 2079 2377 tamen
2114 2333 2187 2376 non

711 2426 858 2490 habetur
896 2424 1066 2489 certitudo
1105 2423 1354 2511 principiorum
1393 2424 1566 2489 inferioris
1605 2424 1773 2490 scientiae
1812 2426 2068 2490 subalternatae
2108 2425 2189 2509 quia

712 2550 802 2618 sunt,
835 2559 925 2622 quae
955 2549 1008 2603 est
1040 2537 1180 2623 propria
1212 2537 1289 2602 talis
1321 2538 1487 2603 scientiae
1520 2550 1556 2603 ut
1584 2549 1637 2603 est
1668 2560 1688 2602 a
1719 2538 1898 2623 superiore
1926 2539 2097 2618 distincta,
2125 2540 2188 2603 sed

712 2663 854 2738 propter
889 2650 973 2736 quid
1008 2663 1041 2717 et
1077 2662 1203 2731 cetera,
1239 2672 1328 2736 quae
1364 2674 1435 2717 non
1468 2663 1520 2717 est
1555 2652 1755 2717 necessaria
1782 2653 1826 2716 ad
1860 2653 2124 2718 conclusionem
2156 2664 2190 2717 et

713 2766 856 2831 modum
891 2764 1026 2831 sciendi
1060 2764 1241 2831 scientiam
1272 2765 1480 2847 inferiorem,
1512 2765 1592 2832 licet
1627 2768 1696 2831 hoc
1727 2765 1832 2831 faciat
1863 2768 1905 2831 ad
1939 2767 2188 2852 perfectionem

713 2879 877 2945 maiorem
902 2879 979 2944 talis
1004 2878 1171 2946 scientiae
1203 2879 1277 2945 sive
1307 2881 1352 2944 ad
1379 2882 1448 2945 hoc
1473 2880 1568 2963 quod
1599 2902 1639 2944 ea
1670 2902 1761 2965 quae
1791 2892 1872 2945 sunt
1904 2879 1992 2944 illius
2023 2880 2190 2947 scientiae

713 2993 903 3079 perfectius
931 2992 1093 3059 sciantur.
1122 2992 1211 3078 Ipsis
1238 2992 1379 3078 quidem
1408 2992 1458 3059 sic
1486 2993 1637 3081 cognitis
1666 2993 1868 3080 cognitione
1896 2994 2046 3060 evidenti
2075 3005 2191 3079 potest

714 3129 756 3173 ex
780 3107 830 3173 eis
855 3106 985 3192 acquiri
1009 3106 1156 3172 scientia
1180 3108 1223 3172 de
1248 3107 1477 3173 conclusione
1502 3129 1547 3182 ,ex
1575 3107 1659 3193 ipsis
1688 3108 1801 3174 elicita
1830 3120 1863 3174 et
1891 3131 1962 3174 non
1991 3120 2081 3174 ante.
2110 3110 2191 3174 Non

714 3233 767 3288 est
791 3243 876 3309 ergo
900 3242 1020 3287 verum
1045 3222 1140 3305 quod
1166 3221 1352 3285 assumitur
1375 3220 1410 3285 in
1435 3221 1546 3306 primo
1571 3232 1788 3308 argumento.

803 3335 861 3399 nd
896 3335 980 3399 illud
1014 3336 1110 3419 quod
1146 3335 1270 3399 dicitur
1307 3334 1340 3398 in
1366 3335 1524 3400 secundo
1549 3344 1767 3422 argument0,
1800 3334 1902 3400 etiam
1927 3336 2190 3424 intelligendum

715 3448 863 3536 quodsi
894 3447 1073 3535 theologia
1108 3459 1202 3513 esset
1237 3448 1383 3513 scientia
1408 3469 1488 3515 vere
1524 3458 1558 3514 et
1592 3448 1732 3535 proprie
1767 3450 1812 3513 ad
1846 3451 1988 3514 modum
2024 3450 2190 3516 scientiae

716 3565 974 3629 subalternatae
1012 3574 1173 3647 respectu
1214 3562 1380 3628 scientiae
1421 3585 1506 3648 pure
1545 3562 1826 3643 subalternantis,
1874 3575 2049 3649 oporteret
2096 3566 2191 3649 quod

715 3677 886 3765 principia
909 3676 1110 3764 theologiae
1134 3675 1169 3741 in
1193 3676 1270 3762 ipsa
1293 3675 1472 3764 theologia
1496 3675 1531 3742 in
1555 3678 1622 3742 hac
1646 3677 1715 3742 vita
1733 3688 1850 3743 essent
1867 3692 1961 3743 certa
1986 3678 2191 3744 certitudine

716 3791 922 3872 evidentiae,
948 3800 1116 3875 quantum
1141 3791 1186 3855 ad
1210 3789 1366 3856 notitiam
1391 3791 1512 3855 saltem
1537 3789 1618 3875 quia
1642 3802 1705 3871 est,
1732 3790 1816 3857 etin
1840 3791 1986 3857 scientia
2009 3793 2191 3858 beatorum

716 3917 858 3993 propter
881 3904 965 3989 quid
997 3915 1164 3988 quantum
1190 3906 1234 3969 ad
1269 3903 1335 3985 illa,
1371 3903 1400 3969 si
1432 3927 1500 3989 qua
1532 3916 1614 3970 sunt
1637 3926 1728 3989 quae
1763 3907 1894 3971 habent
1924 3917 2067 3991 propter
2097 3905 2191 3990 quid,

717 4030 776 4086 aut
807 4020 903 4104 quod
927 4018 1147 4105 participaret
1171 4028 1304 4084 tantum
1336 4019 1381 4083 de
1405 4017 1550 4084 scientia
1574 4020 1756 4084 beatorum
1788 4020 1883 4103 quod
1907 4019 2000 4084 dicta
2023 4018 2193 4105 principia

717 4144 835 4200 essent
859 4133 890 4199 ei
914 4144 998 4197 nota
1033 4144 1066 4198 et
1102 4132 1183 4217 quia
1218 4142 1299 4196 sunt
1334 4142 1368 4198 et
1403 4143 1545 4217 propter
1579 4132 1672 4216 quid.
1699 4134 1802 4198 Unde
1826 4132 1991 4217 quamdiu
2022 4132 2193 4218 principia

717 4246 916 4335 theologiae
940 4256 1021 4312 sunt
1046 4247 1139 4332 apud
1165 4246 1314 4331 aliquem
1340 4247 1453 4311 solum
1481 4246 1622 4326 credita,
1648 4258 1684 4311 ut
1709 4248 1803 4330 quod
1831 4246 1900 4312 sint
1926 4258 1996 4312 tres
2020 4268 2193 4331 personae

717 4362 753 4427 in
792 4361 916 4427 divinis
956 4372 991 4427 et
1029 4372 1155 4441 cetera,
1181 4360 1311 4425 tamdiu
1343 4360 1446 4426 etiam
1471 4370 1523 4426 est
1554 4360 1735 4426 conclusio
1768 4381 1810 4425 ex
1844 4360 1894 4425 eis
1933 4359 2045 4426 elicita
2080 4361 2193 4426 solum

718 4476 859 4556 credita,
892 4485 929 4540 ut
960 4476 1055 4559 quod
1094 4497 1164 4539 una
1203 4474 1361 4559 procedit
1400 4495 1462 4559 per
1496 4476 1637 4539 modum
1673 4485 1828 4555 naturae,
1854 4474 1920 4539 alia
1958 4495 2020 4560 per
2051 4476 2194 4539 modum

717 4590 915 4655 voluntatis
936 4590 980 4653 Et
999 4588 1079 4654 ideo
1097 4590 1141 4653 ad
1163 4591 1232 4653 hoc
1252 4590 1348 4672 quod
1371 4588 1550 4676 theologia
1574 4588 1617 4653 sit
1637 4587 1783 4653 scientia
1807 4599 1841 4653 et
1865 4589 1961 4673 qnod
1985 4610 2057 4652 non
2081 4589 2194 4672 solum

718 4704 805 4769 fides
830 4705 1000 4768 habeatur
1024 4704 1068 4768 de
1093 4701 1380 4767 conclusionibus
1416 4701 1615 4790 theologiae
1651 4702 1741 4767 sicut
1775 4703 1922 4767 habetur
1956 4724 1977 4766 a
2011 4701 2193 4789 principi0,
2252 4709 2254 4714 '

718 4817 821 4884 etiam
848 4818 892 4881 de
932 4815 1109 4901 principiis
1134 4816 1209 4881 eius
1248 4826 1387 4901 oportet
1422 4817 1516 4900 quod
1557 4837 1620 4880 sua
1654 4815 1824 4901 principia
1863 4815 1932 4880 sint
1970 4836 2041 4880 non
2081 4817 2194 4880 solum

718 4931 859 5010 credita,
883 4931 946 4995 sed
978 4930 1081 4995 etiam
1106 4929 1311 4996 evidentia¹
1346 4940 1380 4995 et
1415 4940 1508 5009 nota,
1533 4941 1567 4994 et
1602 4930 1796 4995 secundum
1832 4930 1973 4993 modum
1999 4928 2195 4995 evidentiae

719 5044 969 5131 principiorum
993 5056 1046 5109 est
1081 5043 1257 5108 evidentia
1290 5043 1323 5108 in
1357 5042 1653 5109 conclusionibus.
1693 5042 1863 5124 Quamvis
1899 5043 1991 5109 enim
2026 5064 2070 5107 ex
2105 5043 2195 5128 prin-

718 5158 818 5244 cipiis
843 5159 955 5223 solum
981 5157 1120 5223 creditis
1137 5157 1249 5243 possit
1268 5156 1468 5221 conclusio²
1492 5156 1568 5222 elici
1588 5157 1681 5222 circa
1698 5178 1802 5241 quam
1819 5156 1927 5222 scitur
1942 5157 2196 5242 consequentia

718 5272 792 5337 sive
816 5271 1009 5338 necessitas
1048 5271 1332 5355 consequentiae,
1371 5292 1443 5335 non
1483 5281 1599 5336 tamen
1638 5291 1861 5354 consequens
1897 5270 1971 5336 sive
2003 5270 2196 5336 necessitas

719 5385 969 5470 consequentis
1008 5395 1124 5471 potest
1160 5384 1239 5449 sciri
1275 5406 1317 5450 ex
1349 5384 1478 5449 talibus
1517 5384 1706 5470 principiis.
1744 5384 1847 5449 Unde
1882 5383 2048 5468 quamdiu
2084 5385 2196 5448 solum

720 5499 870 5565 creditur
894 5499 990 5583 quod
1015 5498 1175 5563 Christus
1200 5498 1396 5578 resurrexit,
1421 5497 1528 5563 scitur
1563 5499 1658 5582 quod
1683 5509 1717 5563 et
1740 5519 1807 5563 nos
1842 5518 2065 5584 resurgemus
2090 5519 2197 5582 quan·

720 5624 792 5679 tum
817 5614 862 5677 ad
886 5612 1196 5697 consequentiam3
1221 5612 1311 5677 sicut
1335 5611 1364 5676 si
1388 5612 1503 5676 anima
1539 5611 1696 5677 Socratis
1721 5622 1772 5675 est
1809 5610 2019 5691 immortalis
2048 5622 2131 5676 tunc
2156 5633 2198 5676 ex
2251 5595 2254 5600 ¹

721 5726 847 5792 talibus
871 5726 1050 5813 principiis
1075 5737 1109 5791 et
1133 5726 1309 5810 quaelibet
1329 5726 1444 5791 anima
1468 5735 1521 5791 est
1544 5725 1755 5791 immortalis.
1781 5725 1852 5792 Sed
1877 5724 1967 5790 sicut
1984 5725 2197 5799 antecedens

722 5841 834 5906 solum
860 5840 1020 5920 creditur,
1045 5840 1092 5905 ita
1116 5851 1150 5905 et
1174 5861 1407 5924 consequens

813 6071 820 6102 ¹
841 6068 963 6126 evidens
984 6068 1017 6123 V.
1031 6100 1064 6108 —
1079 6069 1090 6100 ²
1104 6068 1238 6144 quaestio
1251 6068 1286 6135 V,
