6700 7992
985 1424 1038 1475 200
1349 1419 1541 1479 llAGlSTRI
1570 1423 1792 1479 GODEFRIDI
1820 1423 1872 1479 DE
1900 1422 2100 1481 FONTIBUS

989 1602 1145 1669 eiusdem
1178 1603 1309 1689 speciei
1341 1604 1376 1670 in
1408 1603 1543 1670 animae
1575 1603 1807 1691 separatione.
1841 1603 1884 1672 Et
1923 1603 2013 1669 sicut
2051 1624 2123 1669 non
2158 1602 2222 1669 fuit
2256 1602 2467 1671 miraculosa

988 1720 1051 1784 sed
1079 1720 1245 1785 naturalis
1270 1720 1345 1786 eius
1370 1720 1556 1806 conceptio
1580 1731 1748 1804 quantum
1773 1721 1818 1785 ad
1842 1720 2008 1786 unionem
2037 1719 2173 1787 animae
2200 1741 2279 1787 cum
2304 1741 2465 1807 corpore,

988 1836 1069 1920 quia
1104 1837 1269 1922 corpori¹
1297 1836 1363 1902 sibi
1391 1835 1614 1902 convenienti
1642 1837 1838 1903 secundum
1862 1847 2020 1901 naturam
2044 1835 2240 1917 uniebatur,
2267 1835 2349 1903 licet
2373 1835 2465 1902 illius

987 1951 1144 2037 corporis
1184 1952 1343 2018 formatio
1383 1964 1417 2017 et
1455 1951 1639 2037 dispositio
1680 1952 1772 2018 facta
1810 1951 1912 2017 fuerit
1951 1960 2053 2017 antea
2084 1951 2207 2019 ordine
2237 1962 2383 2018 naturae
2419 1953 2461 2018 ab

987 2080 1114 2154 agente
1153 2068 1417 2153 supernaturali,
1442 2068 1575 2134 scilicet
1609 2089 1630 2132 a
1661 2067 1792 2154 Spiritu
1827 2079 1950 2134 sancto
1986 2067 2303 2154 supernaturaliter,
2336 2106 2379 2117 -
2418 2067 2465 2134 ita

989 2182 1123 2249 videtur
1146 2185 1240 2268 quod
1267 2206 1359 2249 mors
1385 2184 1461 2249 eius
1485 2206 1556 2249 non
1585 2183 1688 2250 suerit
1713 2183 1921 2250 miraculosa
1945 2184 2008 2250 sed
2033 2182 2209 2264 naturaliS,
2227 2195 2395 2270 quantum
2420 2184 2465 2250 ad

986 2299 1243 2385 separationem
1268 2299 1404 2365 animae
1429 2322 1450 2365 a
1480 2321 1638 2385 corpore,
1667 2310 1701 2365 et
1731 2321 1860 2387 corpus
1891 2321 1973 2365 vere
2001 2311 2035 2365 et
2062 2299 2265 2365 naturaliter
2287 2311 2462 2367 mortuum

986 2414 1060 2481 sive
1092 2415 1126 2480 in
1155 2414 1385 2501 dispositione
1416 2415 1564 2481 naturali
1595 2438 1698 2501 quam
1727 2427 1847 2481 natum
1878 2428 1931 2482 est
1960 2416 2465 2503 haberenaturalitercorpus

986 2531 1020 2596 in
1059 2531 1281 2616 separatione
1319 2532 1456 2598 animae
1495 2534 1539 2597 ab
1578 2531 1667 2618 ipso,
1700 2532 1780 2597 licet
1813 2531 1980 2617 deinceps
2016 2544 2262 2598 conservatum
2295 2532 2398 2598 fuerit
2429 2531 2464 2599 in

985 2646 1041 2712 illa
1077 2647 1308 2732 dispositione
1343 2647 1490 2713 naturali
1522 2648 1573 2714 sic
1612 2648 1678 2712 sibi
1717 2648 1920 2713 naturaliter
1950 2648 1986 2713 in
2017 2648 2075 2713 tali
2111 2647 2334 2733 separatione
2371 2669 2464 2715 com·

985 2762 1126 2848 petenti,
1155 2773 1189 2829 et
1220 2763 1426 2829 miraculose
1466 2765 1510 2828 ab
1542 2763 1636 2829 omni
1677 2763 1837 2829 ulteriore
1871 2763 2094 2848 corruptione
2126 2775 2350 2845 reservatum,
2384 2785 2464 2831 eum

984 2877 1050 2943 iam
1079 2891 1173 2944 esset
1208 2879 1353 2964 pretium
1387 2891 1527 2945 nostrae
1567 2878 1816 2965 redemptionis
1855 2901 1898 2944 ex
1936 2879 2160 2966 corruptione
2200 2901 2269 2963 qua
2302 2879 2420 2945 anima
2444 2902 2465 2945 a

984 3014 1131 3079 corpore
1167 2996 1394 3080 separabatur
1418 2994 1571 3081 plenarie
1596 3007 1887 3068 consummatum.
1913 2996 2016 3061 Unde
2052 2994 2134 3061 dicit
2158 2996 2464 3081 Damascenus(l)

983 3109 1084 3175 tertio
1123 3109 1219 3191 libro,
1247 3110 1400 3197 capitulo
1439 3110 1610 3199 vigesimo
1648 3110 1808 3196 septimo,
1849 3111 1945 3195 quod
1984 3111 2019 3175 in
2058 3132 2188 3199 graeco
2228 3111 2463 3198 corruptionis

984 3247 1112 3291 nomen
1149 3227 1219 3291 duo
1247 3225 1431 3314 significat.
1465 3226 1649 3313 Significat
1677 3226 1768 3292 enim
1797 3229 1969 3292 humanas
1999 3229 2062 3291 has
2091 3226 2288 3312 passiones
2324 3227 2463 3309 samem,

984 3340 1085 3421 sitim,
1117 3342 1282 3422 laborem,
1311 3342 1489 3408 clavorum
1529 3342 1810 3427 perforationem,
1844 3352 1877 3408 et
1915 3354 2061 3407 mortem
2102 3341 2233 3409 scilicet
2273 3342 2411 3410 animae
2443 3364 2464 3409 a

984 3478 1132 3543 corpore
1162 3457 1428 3543 separationem,
1461 3468 1495 3523 et
1525 3480 1767 3543 quaecumque
1799 3458 1889 3537 talia,
1923 3468 1957 3523 et
1988 3456 2196 3523 secundumi
2231 3459 2323 3525 hanc
2357 3458 2464 3547 signi·

983 3572 1182 3639 ficationem
1229 3572 1452 3660 corruptibile
1503 3573 1657 3638 divinum
1712 3594 1841 3659 corpus
1888 3573 2009 3638 aimus.
2058 3573 2187 3638 Omnia
2234 3573 2326 3640 enim
2373 3576 2463 3642 haee

984 3687 1177 3754 voluntarie
1216 3688 1413 3775 assumpsit.
1450 3689 1633 3777 Significat
1672 3689 1775 3754 etiam
1809 3688 1986 3774 corruptio
2027 3688 2061 3754 in
2100 3710 2231 3776 graeco
2271 3690 2462 3775 perfectam

984 3804 1139 3890 corporis
1175 3804 1210 3869 in
1242 3826 1283 3870 ea
1322 3826 1365 3871 ex
1404 3805 1530 3890 quibus
1563 3804 1794 3890 compositum
1828 3817 1880 3870 est
1914 3806 2086 3870 elementa
2127 3804 2392 3872 dissolutionem
2428 3817 2463 3873 et

984 3918 1264 3986 destructionem.
1297 3920 1507 3987 Huiusmodi
1542 3920 1817 4005 experimentum
1861 3942 1990 4006 corpus
2026 3919 2180 3985 divinum
2224 3943 2295 3986 non
2328 3921 2461 4003 habuit,

983 4047 1021 4101 ut
1048 4036 1094 4102 ait
1122 4037 1296 4122 Propheta
1313 4040 1380 4121 (2);
1419 4036 1584 4121 quoniam
1610 4058 1681 4102 non
1714 4036 1813 4101 dabis
1845 4026 2133 4102 sanctum'tuum
2169 4036 2287 4103 videre
2320 4058 2461 4125 corrup·

983 4151 1122 4218 tionem.
1159 4152 1261 4217 Unde
1293 4153 1376 4217 illud
1416 4152 1546 4218 dictum
1584 4154 1790 4237 Prophetae,
1838 4164 1941 4238 prout
1986 4151 2089 4217 etiam
2140 4174 2245 4238 supra
2291 4174 2459 4239 expresse

981 4267 1135 4355 exponit,
1168 4267 1271 4334 etiam
1303 4290 1323 4332 a
1356 4269 1579 4334 Damasceno
1604 4267 1774 4353 accipitur
1808 4269 1856 4352 de·
1883 4270 1950 4333 hac
1983 4268 2100 4332 ultima
2132 4268 2358 4354 corruptione
2397 4290 2461 4356 per

980 4383 1280 4470 putrefactionem.
1300 4384 1343 4449 Et
1367 4383 1589 4470 Augustinus
1607 4387 1653 4466 (3)
1683 4384 1766 4448 dicit
1791 4395 1911 4449 contra
1943 4383 2173 4448 l'elicianurn:
2203 4385 2310 4450 credo
2336 4383 2460 4451 Filium

982 4500 1046 4565 Dei
1086 4512 1259 4565 mortuum
1299 4501 1493 4565 secundum
1534 4500 1646 4583 legem
1687 4510 1830 4564 naturae
1874 4521 1977 4583 quam
2025 4521 2088 4584 pro
2127 4500 2270 4564 humani
2317 4500 2460 4587 generis

980 4616 1219 4701 redemptione
1259 4614 1422 4700 suscepit.
1457 4614 1549 4681 Satis
1581 4636 1747 4700 expresse
1783 4637 1867 4701 ergo
1900 4616 2047 4680 liabetur
2079 4636 2121 4680 ex
2156 4614 2210 4680 his
2242 4616 2338 4700 quod
2370 4615 2461 4682 sicut

980 4731 1171 4797 voluntarie
1188 4730 1351 4796 sustinuit
1369 4731 1403 4795 in
1421 4730 1490 4795 vita
1507 4730 1768 4816 corruptionem
1797 4731 1992 4795 secundum
2010 4731 2073 4795 has
2099 4730 2293 4815 passiones,
2319 4731 2459 4811 samem,

980 4845 1069 4912 sitim
1096 4858 1129 4912 et
1161 4846 1372 4926 huiusmodi,
1402 4846 1484 4931 quia
1514 4846 1602 4911 istae
1634 4856 1715 4910 sunt
1748 4846 1922 4910 naturales
1960 4845 2032 4910 sive
2067 4845 2266 4911 naturaliter
2301 4858 2459 4913 naturam

979 4984 1083 5047 quam
1119 4962 1306 5048 assumpsit
1339 4974 1607 5047 consequentes,
1641 4961 1687 5026 ita
1712 4961 1813 5027 etiam
1847 4961 1881 5026 in
1914 4975 2023 5027 morte
2064 4961 2255 5027 voluntarie
2294 4961 2460 5029 sustinuit

979 5078 1236 5163 corruptionem
1269 5099 1358 5163 quae
1394 5077 1552 5144 consistit
1591 5078 1625 5141 in
1662 5076 1883 5163 separatione
1915 5077 2051 5143 animae
2091 5099 2111 5141 a
2150 5098 2309 5163 corpore,
2349 5076 2384 5142 in
2417 5099 2459 5143 ea

978 5194 1208 5280 dispositione
1248 5205 1449 5259 remanente
1488 5214 1591 5277 quarn
1632 5192 1832 5258 naturaliter
1863 5206 1981 5257 natum
2021 5194 2241 5273 esthabere,
2274 5194 2328 5258 vel
2367 5215 2459 5278 quae

978 5309 1177 5375 naturaliter
1208 5309 1435 5394 consequitur
1466 5308 1603 5373 animae
1628 5310 1672 5373 ab
1705 5308 1782 5393 ipso
1812 5308 2081 5393 separationem,
2108 5308 2190 5393 quia
2217 5320 2251 5374 et
2276 5309 2345 5374 hoc
2369 5307 2460 5376 inter

978 5426 1157 5505 naturalia,
1186 5447 1287 5511 quae,
1317 5439 1352 5490 ut
1384 5424 1467 5490 dicit
1492 5424 1581 5489 idern
1609 5425 1862 5502 Damascenus,
1888 5423 2004 5488 omnia
2038 5423 2229 5489 voluntarie
2254 5423 2456 5511 assumpsit,

978 5554 1186 5608 numeratur.

1068 5768 1213 5835 'corpore
1233 5762 1266 5815 Υ.

1066 5948 1105 6012 tlt
1125 5942 1293 5998 Iohannis
1313 5891 1524 5996 Darnasceni
1540 5940 1653 6011 Desule
1672 5941 1832 5994 orthodoxa
1848 5941 1864 5994 l.
1879 5939 1930 6005 111,
1944 5958 1968 5993 c.
1987 5942 2023 5994 28
2041 5939 2084 6006 (Ρ.
2100 5938 2147 6008 G,
2160 5939 2217 5993 vol.
2231 5943 2274 6007 at,
2290 5939 2345 5994 col.
2366 5941 2457 6009 1099).

977 6064 1008 6073 -
1029 6036 1068 6102 (21
1089 6032 1134 6085 l‘s.
1155 6031 1216 6100 XV,
1236 6050 1261 6084 v.
1285 6034 1323 6084 10.
1363 6062 1376 6068 ·-
1396 6033 1436 6092 ta)
1457 6027 1515 6082 l'l'r.
1536 6046 1563 6104 p.
1587 6032 1643 6092 1231,
1663 6046 1690 6081 n.
1712 6032 1759 6096 (11.
