6700 7992
1055 1390 1108 1458 Qlil)
1422 1404 1613 1458 ‚llAGISTRl
1643 1404 1862 1458 llODEFlllDl
1893 1404 1943 1457 DE
1972 1402 2171 1461 FONTIBUS

1144 1584 1313 1668 Quamvis
1338 1583 1441 1664 enim,
1466 1584 1556 1650 sicut
1572 1584 1701 1650 creavit
1725 1584 1870 1669 primum
1889 1586 2008 1666 virum,
2033 1585 2080 1650 ita
2105 1585 2207 1651 etiam
2233 1609 2295 1672 per
2319 1587 2531 1654 creationem

1055 1698 1167 1784 potuit
1194 1699 1420 1784 multiplicare
1448 1721 1561 1786 genus
1577 1701 1767 1763 humanum
1794 1698 1828 1762 in
1856 1721 1940 1763 sexu
1965 1700 2158 1764 masculino
2184 1702 2317 1785 absque
2341 1703 2411 1767 hoc
2436 1703 2531 1786 quod

1055 1835 1233 1897 nunquam
1259 1812 1378 1877 mulier
1403 1813 1663 1898 produceretur,
1690 1813 1770 1895 quia
1787 1823 1902 1878 tamen
1928 1825 2121 1879 remaneret
2145 1814 2362 1900 imperfectio
2388 1828 2531 1882 naturae

1056 1925 1090 1989 in
1125 1927 1195 1991 hoc
1227 1927 1322 2010 quod
1355 1948 1374 1990 a
1405 1927 1482 1991 Deo
1512 1947 1584 1991 non
1621 1927 1764 1991 haberet
1796 1926 1953 1992 virtutem
1986 1949 2088 2011 quam
2120 1939 2200 1992 nata
2231 1940 2284 1993 est
2315 1930 2446 1995 habere
2470 1929 2530 2009 sic,

1055 2039 1187 2105 scilicet
1225 2061 1288 2125 per
1325 2040 1614 2125 propagationem
1654 2039 1854 2105 naturaliter
1885 2038 2135 2126 multiplicandi
2171 2063 2219 2121 se,
2256 2052 2289 2107 et
2321 2043 2401 2126 quia
2433 2044 2532 2109 Deus

1055 2174 1110 2218 res
1135 2153 1185 2218 sic
1221 2153 1435 2218 administrat
1472 2164 1507 2217 ut
1543 2175 1602 2217 eas
1639 2154 1798 2238 proprios
1823 2165 1937 2218 motus
1970 2156 2023 2220 vel
2056 2166 2155 2220 actus
2189 2177 2295 2243 agere
2331 2156 2431 2236 sinat,
2460 2178 2530 2221 non

1055 2270 1216 2333 obstante
1241 2268 1334 2351 quod
1352 2268 1449 2332 Deus
1474 2267 1573 2332 scivit
1598 2268 1762 2352 angelum
1779 2269 1831 2333 vel
1849 2268 2025 2333 hominem
2051 2280 2275 2353 peccaturum
2296 2281 2330 2334 et
2353 2270 2530 2336 mulierem

1056 2382 1131 2448 fore
1156 2381 1229 2446 viro
1265 2380 1488 2446 occasionem
1524 2380 1706 2466 peccandi,
1743 2381 1825 2446 fecit
1849 2393 1964 2446 tamen
1999 2383 2162 2448 effectum
2198 2405 2298 2447 suum
2335 2385 2465 2449 bonum
2499 2395 2533 2450 et

1055 2496 1247 2581 perfectum
1283 2495 1421 2560 inesse
1457 2506 1611 2574 naturae,
1636 2507 1671 2560 et
1708 2495 1819 2580 ipsum
1846 2495 1911 2559 sibi
1948 2495 2013 2580 ipsi
2048 2495 2183 2581 reliquit
2202 2518 2282 2582 ·pro
2314 2508 2412 2563 tanto
2437 2498 2532 2582 quod

1057 2632 1157 2674 usum
1181 2609 1279 2675 liberi
1304 2608 1432 2673 arbitrii
1460 2608 1517 2693 qui
1543 2610 1588 2672 ad
1613 2609 1687 2674 eius
1712 2622 1868 2673 naturam
1894 2609 2042 2694 pertinet
2073 2610 2227 2695 permisit
2259 2611 2300 2691 ei,
2325 2632 2392 2677 nec
2417 2611 2531 2697 ipsum

1056 2724 1100 2789 ad
1142 2745 1248 2788 unum
1286 2723 1505 2788 immobiliter
1544 2722 1794 2788 determinavit.
1835 2724 1937 2788 Unde
1977 2723 2112 2807 reliquit
2148 2724 2335 2789 hominem
2361 2724 2396 2789 in
2427 2747 2532 2790 manu

1056 2837 1192 2902 consilii
1223 2837 1286 2900 sui.
1320 2837 1376 2900 Ad
1406 2836 1520 2921 ipsum
1552 2835 1643 2901 enim
1677 2837 1788 2900 Deum
1823 2836 1969 2921 pertinet
1999 2839 2089 2901 mala
2118 2838 2326 2921 permittere,
2352 2850 2423 2903 tum
2451 2839 2532 2923 quia

1056 2973 1111 3016 res
1135 2972 1206 3015 non
1232 2951 1362 3015 debent
1391 2949 1550 3034 impediri
1582 2950 1778 3014 arnotinus
1803 2950 1867 3014 sibi
1902 2973 1943 3014 ex
1977 2962 2099 3015 natura
2132 2951 2433 3032 convenientibus,
2460 2963 2531 3017 tum

1057 3065 1137 3150 quia
1162 3087 1204 3130 ex
1229 3065 1326 3129 malis
1351 3065 1481 3129 bonum
1507 3063 1605 3129 elicit.

1147 3177 1315 3262 Quamvis
1344 3200 1429 3265 ergo
1457 3177 1578 3242 mulier
1608 3179 1651 3241 sit
1680 3177 1729 3241 vir
1756 3178 2002 3242 occasionatus
2030 3200 2094 3263 pro
2122 3190 2229 3258 tantu,
2258 3179 2338 3263 quia
2366 3190 2419 3244 est
2450 3178 2533 3263 quid

1057 3292 1172 3378 aliquo
1212 3293 1317 3356 modo
1357 3292 1594 3376 imperfectum
1634 3291 1668 3356 in
1709 3291 1827 3376 specie
1867 3292 2018 3356 humana
2057 3304 2219 3377 respectu
2258 3293 2329 3372 viri,
2373 3305 2407 3358 et
2453 3293 2532 3358 ideo

1057 3417 1220 3492 respectu
1258 3416 1402 3470 naturae
1438 3405 1653 3491 particularis
1686 3405 1958 3490 quae'intendit
1993 3406 2026 3470 in
2066 3406 2263 3490 particulari
2300 3407 2333 3471 id
2371 3407 2465 3491 quod
2497 3407 2532 3470 ia

1057 3520 1255 3606 particulari
1279 3531 1332 3585 est
1356 3520 1545 3605 perfectius
1571 3518 1691 3600 (virtus
1719 3519 1809 3584 enim
1839 3541 1929 3602 quae
1964 3532 2017 3584 est
2052 3519 2085 3584 in
2122 3520 2254 3585 semine
2291 3520 2352 3584 viri
2387 3520 2534 3586 intendit

1057 3634 1122 3698 sibi
1155 3634 1265 3698 simile
1289 3635 1483 3717 producere
1515 3634 1709 3698 secundum
1738 3654 1858 3697 sexum
1892 3633 2120 3698 masculinum
2154 3633 2213 3718 qui
2240 3633 2426 3718 perfectior
2456 3637 2532 3714 est),

1057 3758 1174 3813 tamen
1213 3759 1373 3832 respectu
1410 3758 1554 3811 naturae
1590 3746 1793 3812 universalis
1830 3768 1919 3830 quae
1954 3747 2101 3812 intendit
2136 3747 2371 3832 principaliter
2399 3749 2532 3812 bonum

1057 3861 1188 3946 speciei
1223 3863 1318 3946 quod
1343 3861 1500 3926 consistit
1537 3860 1670 3925 ineius
1696 3860 1961 3926 conservatione
1997 3872 2031 3925 et
2054 3861 2351 3947 multiplicatione,
2376 3883 2448 3927 non
2480 3872 2534 3927 est

1058 3974 1187 4060 aliquid
1217 3974 1478 4040 occasionatum
1505 3975 1568 4039 sed
1592 3996 1655 4059 per
1679 3995 1717 4039 se
1741 3974 1921 4039 intentum.
1947 3975 2051 4039 Unde
2075 3996 2095 4038 a
2119 3987 2241 4039 natura
2272 3986 2325 4040 est
2349 3975 2475 4040 modus
2500 3985 2534 4040 et

1059 4088 1113 4152 via
1150 4088 1388 4175 generationis
1424 4088 1573 4153 feminae
1620 4088 1709 4153 sicut
1747 4100 1780 4151 ot
1820 4087 1881 4151 viri
1921 4087 2180 4168 determinatus,
2220 4110 2292 4154 non
2335 4088 2386 4154 sic
2417 4100 2533 4154 autem

1058 4213 1301 4281 monstrorum,
1322 4224 1412 4287 quae
1436 4224 1498 4287 per
1522 4224 1671 4267 errorem
1699 4213 1842 4266 naturae
1860 4201 2076 4286 particularis
2101 4201 2319 4290 contingunt,
2341 4214 2375 4267 et
2399 4224 2490 4287 quae
2513 4224 2533 4266 a

1058 4328 1181 4381 natura
1217 4315 1399 4380 universali
1436 4337 1498 4401 per
1533 4337 1667 4379 senon
1708 4314 1935 4380 intenduntur
1969 4336 2036 4380 nec
2072 4335 2133 4399 per
2168 4337 2206 4380 se
2239 4329 2272 4381 et
2307 4315 2419 4401 primo
2444 4315 2534 4381 sicut

1057 4430 1246 4495 intenditur
1281 4430 1340 4511 vir,
1378 4451 1445 4499 nec
1481 4451 1614 4515 perse,
1650 4429 1731 4494 licet
1769 4451 1840 4494 non
1876 4428 1987 4513 primo
2023 4429 2086 4494 sed
2122 4429 2221 4513 quasi
2257 4429 2532 4508 occasionaliter,

1058 4545 1189 4609 scilicet
1224 4556 1366 4629 propter
1390 4543 1633 4609 necessitatem
1668 4543 1915 4628 generationis,
1941 4542 2030 4607 sicut
2066 4543 2187 4606 mulier
2223 4565 2312 4628 quae
2337 4542 2462 4608 dicitur
2485 4543 2536 4607 vir

1058 4659 1313 4739 occasionatus,
1340 4658 1450 4723 idest
1486 4657 1751 4723 occasionaliter
1775 4679 1846 4721 non
1883 4657 1994 4742 primo
2028 4668 2061 4721 et
2093 4679 2154 4742 per·
2184 4678 2222 4721 se
2259 4663 2292 4722 et
2324 4668 2465 4742 propter
2495 4678 2535 4722 se

1058 4771 1200 4853 intenta,
1226 4773 1288 4837 sed
1314 4771 1407 4837 dicto
1433 4773 1548 4837 modo.

1607 5075 2018 5194 Quassanix'

1705 5278 1888 5346 tionum.

1141 5487 1281 5566 Uirum
1307 5487 1438 5587 possit
1463 5486 1602 5561 liuderi
1629 5490 1737 5560 cerlo
1766 5484 1935 5561 scientio
1964 5485 2012 5559 da
2041 5483 2294 5559 coizclusione
2322 5482 2455 5559 elicita

1326 5648 1373 5696 cx
1396 5620 1617 5720 principiis
1644 5619 1772 5694 solam
1803 5620 1966 5694 credilis
1994 5618 2053 5693 vel
2081 5619 2267 5718 opinatis.

1148 5924 1234 5991 Post
1271 5925 1340 5989 hoc
1377 5945 1460 5988 vcro
1498 5924 1731 6007 quaerebatur
1769 5943 1875 5985 unum
1900 5920 2078 6006 pertinens
2111 5920 2154 5984 ad
2190 5919 2428 6007 cognitionem
2452 5918 2535 6001 veri,

1060 6038 1192 6106 scilicet
1226 6050 1339 6104 utrum
1379 6037 1491 6124 possit
1530 6035 1648 6102 haberi
1685 6047 1778 6101 certa
1815 6034 1960 6100 scicntia
1996 6036 2040 6099 de
2075 6034 2305 6100 conclusione
2341 6033 2456 6100 elicita
2493 6054 2537 6100 ex
