6700 7992
1042 1408 1095 1459 240
1409 1408 1600 1466 MAGISTRI
1629 1408 1850 1466 GODEFRIDI
1878 1410 1931 1464 DE
1958 1408 2158 1468 FONTIBUS

1042 1591 1314 1677 praedicamenti
1337 1593 1393 1658 vel
1417 1591 1752 1678 praedicamentalis
1777 1591 1812 1656 in
1837 1602 2004 1676 quantum
2029 1592 2161 1658 scilicet
2188 1611 2260 1656 non
2284 1590 2420 1656 habens
2437 1610 2518 1657 esse

1041 1708 1077 1774 in
1108 1730 1147 1774 se
1178 1710 1285 1776 habet
1316 1730 1395 1776 esse
1426 1708 1459 1773 in
1492 1707 1564 1774 suis
1589 1707 1717 1787 causis
1753 1709 1823 1774 ee¹
1850 1710 1919 1774 hoc
1943 1729 2015 1774 non
2043 1719 2096 1775 est
2119 1707 2372 1776 inconveniens
2400 1708 2517 1774 dicere

1041 1825 1240 1910 quodcum
1268 1847 1324 1891 res
1352 1848 1423 1892 non
1452 1826 1558 1891 habet
1586 1847 1667 1892 esse
1692 1824 1893 1892 existentiae
1921 1825 1956 1891 in
1985 1847 2024 1891 se
2052 1825 2140 1912 ipsu,
2168 1827 2275 1892 habet
2297 1836 2413 1891 tamen
2437 1846 2517 1891 esse

1041 1941 1225 2022 essentiae,
1251 1941 1332 2026 quia
1360 1941 1461 2007 etiam
1493 1943 1597 2007 habet
1622 1963 1702 2008 esse
1730 1930 1932 2008 existentiae
1961 1941 1996 2007 in
2024 1941 2096 2008 suis
2128 1941 2244 2008 causis
2273 1941 2366 2007 dicto
2398 1942 2516 2022 mod0‚

1041 2070 1075 2123 et
1099 2057 1202 2123 etiam
1227 2059 1333 2123 habet
1358 2079 1437 2124 esse
1457 2057 1491 2123 in
1517 2079 1647 2145 genere
1671 2058 1866 2123 secundum
1892 2058 2021 2124 dictum
2047 2060 2199 2124 modum.

1129 2174 1208 2239 Non
1249 2173 1384 2239 videtur
1414 2185 1528 2239 tamen
1568 2175 1663 2258 quod
1703 2173 1749 2238 ita
1788 2174 1927 2259 proprie
1966 2185 2000 2241 et
2038 2174 2239 2260 simpliciter
2278 2186 2313 2241 et
2354 2174 2516 2240 absolute

1040 2290 1174 2373 absque
1198 2289 1312 2374 aliqua
1336 2289 1624 2355 determinatione
1648 2290 1801 2355 debeant
1826 2288 1894 2356 dici
1918 2312 1973 2355 res
1997 2312 2075 2356 esse
2100 2289 2311 2374 quidditates
2338 2289 2515 2375 praedica·

1040 2406 1207 2470 mentales
1231 2416 1265 2470 et
1289 2426 1367 2470 esse
1393 2405 1426 2469 in
1451 2427 1580 2493 genere
1609 2426 1688 2470 cum
1720 2427 1792 2470 non
1820 2417 1902 2470 sunt
1925 2406 1959 2471 in
1984 2428 2022 2472 se
2056 2405 2140 2491 ipsis
2165 2405 2199 2471 in
2234 2417 2324 2484 actu,
2349 2407 2412 2471 sed
2436 2417 2518 2472 sunt

1040 2520 1075 2585 in
1115 2521 1270 2605 potentia
1307 2532 1340 2586 et
1374 2521 1498 2587 virtute
1537 2543 1678 2586 suorum
1716 2521 1963 2608 principiorum
2000 2521 2277 2601 intrinsecarum,
2313 2521 2401 2588 siout
2437 2543 2516 2587 cum

1039 2647 1120 2702 sunt
1148 2636 1181 2701 in
1210 2659 1249 2703 se
1277 2636 1371 2722 ipsis.
1401 2638 1472 2703 Sed
1501 2658 1579 2702 cum
1608 2638 1748 2702 suntin
1777 2660 1815 2703 se
1840 2637 1925 2722 ipsis
1949 2638 2078 2704 debent
2103 2638 2171 2703 dici
2195 2660 2250 2703 res
2275 2638 2352 2703 talis
2375 2637 2516 2725 generis

1039 2751 1239 2837 simpliciter
1274 2764 1307 2817 et
1340 2752 1531 2837 praedicari
1568 2763 1683 2839 potest
1716 2753 1828 2839 ipsum
1860 2775 1974 2839 genus
2006 2753 2206 2838 simpliciter
2245 2755 2289 2819 de
2321 2753 2389 2818 illo.
2426 2754 2514 2818 Nam

1039 2870 1145 2934 homo
1170 2868 1204 2933 in
1229 2880 1308 2934 actu
1334 2880 1386 2933 est
1411 2869 1516 2933 homo
1542 2868 1742 2950 simpliciter
1767 2881 1800 2935 et
1824 2869 2017 2935 substantia
2049 2869 2257 2955 simpliciter.
2284 2870 2373 2935 Cum
2396 2880 2513 2957 autem

1038 2996 1119 3049 sunt
1150 2983 1244 3050 dicto
1280 2985 1385 3050 modo
1424 2984 1458 3048 in
1491 2984 1657 3070 potentia,
1694 2986 1824 3050 debent
1859 2984 1927 3050 dici
1962 3007 2017 3050 res
2056 2985 2133 3050 talis
2174 2984 2445 3070 praedicamenti
2481 2984 2515 3050 in

1038 3099 1192 3185 potentia
1224 3111 1258 3165 et
1293 3099 1486 3184 praedicari
1522 3111 1636 3185 potest
1675 3122 1789 3186 genus
1814 3101 1857 3165 de
1890 3099 1974 3186 ipsis
2010 3122 2089 3167 cum
2127 3100 2186 3166 tali
2216 3100 2514 3167 determinatione.

1037 3217 1125 3281 Nam
1161 3217 1269 3280 homo
1309 3216 1343 3280 in
1382 3215 1538 3301 potentia
1576 3237 1642 3280 nec
1682 3227 1735 3281 est
1765 3218 1871 3281 homo
1903 3215 2105 3301 simpliciter
2138 3238 2205 3283 nec
2237 3226 2290 3282 est
2321 3215 2515 3282 substantia

1037 3331 1247 3417 simpliciter,
1276 3332 1337 3397 sed
1367 3343 1420 3396 est
1451 3341 1518 3396 tam
1543 3333 1649 3396 homo
1677 3352 1780 3416 quam
1805 3331 1999 3397 substantia
2024 3331 2058 3396 in
2088 3332 2253 3416 potentia.
2283 3332 2372 3397 Cum
2397 3343 2513 3398 autern

1034 3470 1090 3513 res
1121 3447 1456 3532 praedicamentales
1489 3448 1600 3512 solum
1632 3448 1763 3513 habent
1793 3468 1871 3512 esse
1903 3447 1936 3513 in
1973 3447 2046 3512 suis
2079 3448 2258 3533 principiis
2297 3447 2512 3528 extrinsecis,

1035 3562 1166 3630 scilicet
1189 3562 1313 3629 virtute
1338 3574 1371 3629 et
1396 3562 1551 3648 potentia
1575 3562 1674 3648 primi
1710 3562 1869 3648 principii
1894 3563 1988 3647 quod
2014 3575 2066 3629 est
2090 3564 2197 3643 Deus,
2223 3564 2337 3629 minus
2373 3563 2512 3650 proprie

1035 3690 1116 3745 sunt
1140 3678 1175 3743 in
1199 3699 1328 3766 genere
1354 3690 1390 3744 ut
1415 3678 1544 3744 dictum
1570 3690 1631 3744 est.

1124 3794 1195 3859 Sed
1219 3794 1355 3861 videtur
1379 3794 1460 3860 mihi
1496 3796 1591 3879 quod
1623 3796 1735 3881 magis
1773 3794 1911 3880 proprie
1937 3795 2070 3861 dicatur
2105 3797 2199 3881 quod
2223 3795 2304 3861 talia
2334 3817 2406 3862 non
2432 3807 2513 3862 sunt

1033 3909 1068 3974 in
1093 3931 1222 3997 genere
1246 3909 1314 3974 nisi
1338 3931 1417 3976 cum
1442 3910 1535 3976 dicta
1558 3911 1859 3988 determinatione,
1885 3911 1975 3977 sicut
1998 3932 2070 3975 non
2096 3922 2177 3976 sunt
2212 3911 2305 3977 entia
2341 3911 2407 3977 nisi
2432 3933 2511 3978 cum

1032 4025 1089 4090 illa
1113 4024 1412 4106 determinatione,
1430 4037 1467 4091 ut
1490 4026 1580 4091 sicut
1603 4026 1711 4091 homo
1737 4027 1771 4091 in
1796 4026 1952 4112 potentia
1976 4037 2028 4091 est
2053 4048 2115 4093 ens
2140 4026 2175 4092 in
2200 4026 2366 4113 potentia,
2389 4027 2435 4092 ita
2460 4037 2512 4093 est

1033 4140 1227 4207 substantia
1260 4141 1293 4206 in
1325 4141 1483 4227 potentia
1514 4153 1547 4207 et
1572 4141 1606 4206 in
1642 4163 1773 4228 genere
1808 4142 2035 4208 substantiae.
2072 4142 2144 4207 Sed
2174 4165 2245 4207 non
2279 4154 2331 4208 est
2366 4143 2510 4209 muitum

1031 4257 1317 4323 contendendum
1353 4259 1397 4324 de
1422 4258 1526 4323 modo
1563 4257 1729 4342 loquendi
1754 4257 1845 4324 circa
1869 4259 1961 4323 hanc
1994 4258 2181 4337 materiam,
2207 4280 2285 4324 cum
2314 4259 2509 4325 secundum

1031 4396 1102 4439 rem
1134 4373 1323 4440 concordia
1356 4374 1521 4439 videatur.
1552 4373 1614 4438 Est
1645 4384 1761 4439 tamen
1790 4373 2052 4449 attendendum,
2080 4375 2175 4458 quod
2202 4374 2281 4441 licet
2309 4373 2509 4460 Simplicius

1030 4489 1166 4556 videtur
1189 4489 1304 4556 facere
1329 4510 1391 4574 pro
1423 4489 1490 4554 isto
1522 4490 1681 4555 secundo
1706 4491 1812 4555 modo
1838 4489 1988 4568 dicendi,
2013 4511 2085 4555 non
2113 4501 2228 4556 tamen
2258 4489 2402 4555 omnino
2427 4490 2511 4556 facit

1030 4627 1093 4691 pro
1128 4605 1188 4671 ilio
1223 4604 1335 4692 magis
1369 4627 1472 4689 quam
1506 4627 1569 4691 pro
1605 4605 1726 4690 primo.
1752 4607 1794 4670 Et
1826 4606 1906 4671 ideo
1932 4617 2115 4690 utrumque
2147 4607 2288 4670 modum
2313 4607 2508 4671 secundum

1029 4742 1153 4785 sanum
1178 4719 1388 4786 intellectum
1420 4721 1627 4786 sustinendo
1659 4732 1711 4786 est
1735 4743 1820 4786 sane
1852 4721 2040 4786 auctoritas
2072 4720 2239 4807 Simplicii
2272 4720 2509 4808 intelligenda.

1030 4835 1123 4902 Dicit
1161 4835 1251 4901 enim
1292 4835 1504 4920 exponendo
1543 4834 1769 4901 intentionem
1809 4836 1885 4902 libri
1925 4835 2094 4921 praedicti
2133 4836 2228 4921 quod
2267 4836 2344 4921 ipsa
2381 4836 2507 4903 divisio

1029 4951 1245 5017 substantiae
1269 4953 1465 5036 symbolum
1496 4962 1548 5017 est
1573 4951 1725 5017 existens
1757 4951 1973 5017 substantiae
2009 4973 2099 5036 quae
2125 4963 2177 5017 est
2209 4951 2241 5017 in
2276 4951 2504 5018 existentibus

1028 5067 1111 5145 suis,
1138 5065 1212 5132 sive
1237 5065 1280 5131 sit
1304 5066 1338 5131 in
1363 5067 1544 5152 hypostasi
1568 5066 1642 5132 sive
1666 5089 1777 5149 penes
1805 5066 2016 5133 intellectum
2046 5067 2178 5132 existat.
2203 5067 2296 5133 Nihil
2321 5066 2412 5133 enim
2437 5068 2506 5134 hoc

1028 5193 1195 5266 quantum
1230 5183 1275 5247 ad
1300 5181 1619 5267 praedicamentum
1644 5182 1766 5248 differt.
1792 5183 1872 5247 Nou
1909 5182 2000 5248 enim
2035 5183 2231 5248 secundum
2267 5184 2362 5267 quod
2394 5195 2447 5250 est
2472 5183 2507 5249 in

1027 5297 1208 5383 hypostasi
1241 5308 1322 5362 sunt
1345 5319 1400 5362 res
1436 5297 1654 5382 significatae
1689 5320 1708 5362 a
1741 5298 2034 5384 praedicamento,
2072 5300 2135 5363 sed
2175 5299 2368 5364 secundum
2409 5299 2505 5383 quod

1027 5413 1272 5499 concipiuntur
1295 5412 1349 5478 vel
1374 5413 1563 5479 existentes
1588 5414 1641 5479 vel
1666 5413 1765 5498 quasi
1791 5413 1987 5479 existentes.
2010 5416 2098 5479 Cum
2120 5413 2210 5478 enim
2228 5435 2352 5500 genus,
2371 5414 2505 5499 praedi·

1026 5540 1234 5606 camentum,
1283 5538 1316 5594 et
1358 5539 1474 5595 cetera
1521 5528 1589 5594 sint
1634 5529 1777 5594 nomina
1824 5530 2002 5594 secundae
2045 5528 2248 5594 intentionis
2292 5529 2336 5594 de
2379 5529 2506 5614 quibus

1025 5643 1224 5711 considerat
1247 5643 1384 5731 logicus
1409 5644 1508 5710 cuius
1533 5656 1585 5710 est
1609 5644 1788 5731 negotium
1813 5643 1899 5709 liber
1923 5644 2295 5729 praedicamentorum,
2320 5646 2408 5711 haec
2432 5667 2505 5711 non

1025 5760 1238 5826 conveniunt
1264 5762 1368 5825 rebus
1392 5760 1614 5825 secundum²
1638 5781 1676 5826 se
1701 5780 1768 5827 nec
1792 5760 1986 5827 secundum
2012 5781 2091 5829 esse
2115 5760 2207 5828 reale
2232 5760 2286 5825 vel
2310 5760 2504 5829 secundum

1116 6016 1123 6047 ¹
1137 6014 1190 6074 sed
1205 6014 1238 6075 V.
1253 6046 1284 6055 -
1300 6015 1311 6046 ²
1326 6013 1369 6072 bis
1394 6013 1424 6077 1'.
