6700 7992
872 1653 938 1708 cod.
950 1654 975 1707 V

843 1723 892 1778 sot.
903 1728 956 1778 265
967 1725 1007 1778 va

1034 1388 1083 1437 108
1398 1377 1589 1439 MAGISTRI
1618 1384 1838 1439 GODEFRIDI
1868 1384 1919 1438 DE
1948 1360 2145 1465 Fuuiissus

1029 1564 1248 1629 transmutari
1281 1564 1422 1629 nomine
1455 1575 1489 1628 et
1520 1564 1723 1630 definitione
1759 1568 1863 1649 (quae
1898 1564 2138 1629 transmutatio
2173 1564 2297 1629 dicitur
2328 1564 2508 1649 generatio

1030 1691 1064 1745 et
1096 1701 1156 1745 cor
1187 1683 1191 1764 Ι
1224 1679 1362 1766 ruptio),
1396 1701 1525 1765 cogere
1554 1680 1748 1745 subiectum
1784 1702 1855 1745 non
1890 1676 1971 1745 csse
2001 1680 2153 1745 existens
2192 1680 2226 1744 in
2259 1692 2338 1745 actu
2371 1692 2404 1745 et
2437 1702 2508 1744 non

1030 1796 1159 1861 habere
1183 1795 1330 1861 formam
1355 1817 1424 1880 qua
1448 1795 1709 1860 substantiatur.
1735 1796 1772 1862 Si
1797 1796 1888 1861 enirn
1915 1797 2058 1861 haberet
2084 1796 2240 1877 sormam,
2258 1797 2386 1861 nullam
2407 1796 2508 1861 aliam

1030 1910 1198 1995 reciperet
1222 1909 1288 1975 nisi
1318 1909 1373 1974 illa
1398 1910 1588 1985 destructa;
1614 1933 1719 1975 unam
1745 1911 1835 1975 enim
1860 1912 2006 1975 formam
2031 1912 2161 1976 habere
2181 1910 2247 1975 nisi
2272 1912 2405 1975 unum¹
2429 1913 2509 1976 sub·

1030 2026 1155 2092 iectum
1174 2037 1228 2092 est
1243 2025 1468 2111 impossibile.
1489 2026 1595 2108 Quod
1612 2026 1703 2092 enim
1722 2041 1774 2092 est
1791 2026 1826 2090 in
1844 2040 1923 2092 actu
1947 2048 2019 2092 non
2044 2027 2165 2112 recipit
2183 2026 2312 2111 aliquid
2337 2028 2432 2111 quod
2457 2039 2509 2093 est

1030 2142 1063 2207 in
1082 2153 1161 2207 actu
1179 2143 1372 2208 secundum
1390 2143 1486 2227 quod
1512 2153 1565 2207 est
1589 2141 1622 2206 in
1647 2152 1738 2221 actu,
1755 2143 1829 2208 sive
1847 2142 2012 2227 quamdiu
2030 2155 2082 2208 est
2099 2142 2133 2207 in
2151 2155 2240 2208 actu.
2259 2142 2362 2209 Unde
2386 2154 2509 2208 natura

1029 2256 1228 2323 huiusmodi
1252 2256 1400 2322 subiecti
1418 2257 1617 2342 recipientis
1638 2258 1768 2323 formas
1785 2257 2031 2323 substantiales
2048 2257 2180 2324 scilicet
2197 2258 2327 2344 primae
2345 2259 2508 2325 materiae

1029 2395 1176 2439 necesse
1201 2385 1254 2439 est
1278 2394 1356 2438 esse
1381 2372 1566 2438 naturam²
1589 2373 1778 2459 potentiae,
1796 2373 1929 2440 scilicet
1945 2376 2039 2458 quod
2057 2374 2213 2459 potentia
2238 2386 2290 2439 est
2315 2375 2389 2440 eius
2414 2374 2508 2440 diffe-

1029 2489 1138 2555 rentia
1168 2488 1423 2567 substantialis;
1453 2502 1486 2554 et
1514 2489 1594 2555 ideo
1625 2490 1755 2554 nullam
1784 2491 1890 2554 habet
1913 2490 2059 2554 formam
2085 2489 2260 2575 propriam
2290 2502 2324 2555 et
2351 2502 2508 2556 naturam

1030 2604 1233 2671 existentiae
1257 2604 1292 2669 in
1317 2616 1407 2683 actu,
1433 2606 1495 2670 sed
1521 2604 1595 2670 eius
1619 2605 1813 2670 substantia
1838 2617 1890 2671 cst
1915 2627 1992 2671 esse
2018 2605 2052 2669 in
2079 2627 2185 2691 posse
2210 2619 2243 2671 et
2267 2628 2310 2671 ex
2333 2608 2402 2672 hoc
2421 2609 2509 2672 haec

1030 2720 1172 2786 materia
1196 2720 1317 2806 recipit
1342 2741 1466 2786 omncs
1490 2721 1618 2786 formas
1636 2754 1661 2784 ».
1689 2721 1791 2786 Unde
1808 2721 2018 2805 quicumque
2037 2722 2213 2806 ponebant
2236 2721 2412 2787 materiam
2430 2744 2509 2788 esse

1030 2836 1158 2921 aliquid
1185 2836 1218 2900 in
1248 2847 1326 2901 actu
1356 2837 1535 2920 ponebant
1563 2857 1685 2902 omnes
1715 2837 1843 2902 sormas
1872 2836 2115 2902 accidentales.
2146 2836 2226 2902 Sive
2255 2858 2339 2924 ergo
2368 2837 2509 2903 materia

1030 2953 1164 3017 dicatur
1188 2973 1267 3017 esse
1292 2953 1335 3017 de
1360 2973 1397 3016 se
1423 2952 1588 3035 quiddam
1613 2952 1648 3016 in
1674 2964 1751 3018 actu
1782 2953 1836 3017 vel
1865 2952 2014 3037 aliquam
2043 2952 2276 3018 actualitatem
2306 2953 2508 3039 importans

1030 3068 1102 3134 sive
1127 3067 1337 3154 intelligatur
1361 3080 1396 3132 ut
1422 3068 1465 3133 de
1490 3089 1528 3133 se
1553 3066 1587 3132 in
1613 3068 1769 3153 potentia
1795 3068 1905 3133 solum
1933 3068 2095 3147 existens,
2121 3081 2236 3133 tamen
2263 3069 2508 3152 aliquomodo

1030 3185 1064 3249 in
1097 3195 1177 3249 actu
1209 3184 1402 3248 secundum
1435 3184 1580 3248 formam
1613 3183 1877 3248 substantialem
1906 3196 2226 3268 quantumcumque
2251 3183 2508 3270 incompletam‚

1030 3322 1072 3366 ex
1095 3299 1171 3385 ipsa
1199 3312 1232 3365 et
1260 3300 1372 3363 forma
1400 3321 1490 3383 quae
1519 3299 1643 3365 dicitur
1671 3301 1846 3384 completa
1877 3321 1947 3365 non
1977 3299 2102 3385 poterit
2131 3300 2203 3365 fieri
2232 3322 2338 3364 unum
2369 3322 2431 3385 per
2459 3322 2507 3365 se.

1030 3416 1149 3499 Quare
1178 3415 1212 3479 in
1242 3414 1422 3500 proposito
1451 3414 1585 3480 ridetur
1613 3436 1692 3480 esse
1720 3415 1907 3480 dicendum
1937 3417 2031 3500 quod
2056 3416 2084 3479 si
2109 3416 2221 3480 forma
2248 3415 2388 3502 generis
2416 3416 2510 3482 dicat

1030 3531 1179 3617 aliquam
1204 3552 1274 3596 rem
1300 3530 1333 3595 in
1360 3530 1502 3595 materia
1526 3530 1627 3595 aliam
1652 3552 1671 3595 a
1696 3531 1890 3596 differentia
1914 3552 1955 3596 ex
1979 3552 2109 3618 genere
2141 3542 2174 3597 et
2198 3531 2403 3611 differentia,
2437 3554 2508 3596 non

1029 3647 1128 3714 fieret
1152 3669 1258 3712 unum
1284 3668 1416 3733 perse.

1119 3764 1162 3828 Et
1186 3762 1237 3828 sic
1261 3783 1333 3827 non
1357 3762 1447 3828 valet
1472 3762 1736 3828 fundamentum
1762 3762 1875 3828 dictae
1903 3762 2096 3847 positionis.
2124 3763 2293 3845 Quamvis
2321 3775 2436 3828 autem
2465 3765 2509 3827 ab

1031 3901 1099 3944 una
1118 3890 1150 3946 et
1168 3879 1289 3944 eadem
1308 3899 1343 3944 re
1357 3888 1511 3942 sumatur
1528 3879 1615 3943 ordo
1633 3877 1917 3964 praedicabilium
1934 3900 2024 3963 quae
2041 3878 2302 3965 distinguuntur
2314 3880 2508 3944 secundum

1030 4017 1143 4084 genus
1172 4005 1206 4060 et
1233 3993 1462 4060 differentiam
1491 4004 1525 4059 et
1552 3993 1717 4079 speciem,
1743 3995 1822 4059 item
1848 3996 2040 4059 secundum
2066 4017 2179 4081 genus
2208 3994 2508 4081 generalissimum

1031 4123 1065 4178 ct
1092 4111 1328 4176 subalternum
1358 4111 1459 4191 (haec
1486 4120 1601 4174 autem
1633 4109 1886 4174 multitudinem
1919 4110 2122 4194 quandam³
2153 4110 2363 4195 important),
2393 4121 2508 4174 tamen

1030 4229 1118 4293 ordo
1142 4224 1341 4291 huiusmodi
1365 4225 1421 4290 cui
1446 4246 1516 4290 non
1541 4226 1732 4310 respondet
1756 4225 1939 4290 multitudo
1968 4225 2069 4290 realis
2098 4247 2140 4289 ex
2167 4238 2264 4310 parte
2294 4227 2424 4292 formae
2452 4225 2508 4290 cui

1030 4345 1255 4430 imponuntur
1278 4362 1349 4406 non
1374 4352 1426 4406 est
1450 4362 1572 4419 vanuS,
1597 4340 1680 4426 quia
1703 4342 1792 4406 ordo
1817 4340 2142 4426 praedicamentalis
2160 4363 2231 4405 non
2250 4341 2332 4406 dicit
2351 4340 2508 4407 ordinem

1031 4460 1225 4545 aliquorum
1260 4456 1408 4543 plurium
1444 4457 1580 4522 realiter
1616 4456 1859 4537 differentium,
1892 4458 1954 4521 sed
1987 4458 2180 4522 secundum
2217 4457 2386 4522 rationem
2420 4479 2509 4541 quae

1030 4574 1245 4642 fundantur⁴
1270 4573 1304 4638 in
1331 4594 1459 4638 unare
1487 4585 1660 4658 concepta
1688 4574 1754 4637 sub
1783 4572 1928 4638 diversis
1957 4572 2149 4637 rationibus
2177 4594 2219 4637 ex
2248 4573 2509 4659 comparatione

1031 4694 1075 4758 ad
1108 4691 1222 4775 aliqua
1254 4688 1416 4754 diversa⁶
1447 4688 1481 4753 in
1514 4688 1630 4773 aliquo
1663 4687 1765 4754 ctiam
1799 4688 2100 4754 communicantia.
2134 4689 2177 4752 lit
2209 4688 2288 4753 ideo
2321 4711 2399 4754 cum
2432 4689 2509 4753 talis

1031 4806 1208 4894 pluralitas
1232 4807 1360 4870 habeat
1384 4804 1647 4870 fundamentum
1673 4803 1917 4889 aliquomodo
1942 4804 1976 4868 in
2002 4826 2037 4869 rc
2055 4826 2126 4868 non
2146 4819 2197 4869 est
2215 4825 2332 4882 cassa;
2351 4805 2510 4890 provenit

1122 5150 1128 5180 ¹
1149 5164 1204 5201 ont.
1219 5145 1249 5199 P.
1269 5176 1301 5184 —
1323 5144 1333 5175 ²
1352 5143 1504 5198 materiam
1518 5143 1548 5196 P.
1568 5175 1601 5182 —
1621 5143 1733 5214 ³quam
1746 5142 1777 5195 P.
1793 5175 1825 5181 -
1840 5145 1849 5174 ⁴
1863 5141 2001 5196 fundatur
2014 5143 2044 5196 P.
2062 5176 2092 5182 —
2115 5143 2234 5214 *aliqua
2249 5143 2375 5211 diversa]
2392 5143 2509 5196 diversa

1031 5236 1138 5309 aliqua]
1159 5252 1214 5287 orn.
1234 5233 1265 5286 P.

1030 5469 1140 5525 nullam
1164 5466 1250 5520 aliam
1272 5463 1426 5535 reciperet,
1448 5462 1503 5516 nisi
1527 5463 1576 5516 illa
1599 5463 1766 5517 destructa:
1789 5480 1877 5515 unum
1904 5462 1980 5515 enim
2007 5463 2170 5516 subiectum
2199 5463 2308 5516 babere
2334 5462 2399 5533 plus
2423 5480 2509 5532 quam

1030 5575 1116 5613 unam
1140 5554 1264 5609 formam
1288 5561 1333 5606 est
1355 5549 1565 5622 impossibile...
1588 5550 1678 5621 Quod
1703 5550 1779 5604 enim
1803 5560 1848 5603 est
1870 5550 1898 5602 in
1922 5559 1989 5603 actu
2012 5567 2069 5603 nou
2093 5550 2196 5620 recipit
2220 5550 2348 5621 aliquod,
2371 5549 2450 5621 quod
2473 5549 2510 5602 sit

1031 5645 1059 5699 in
1074 5653 1150 5710 actu,
1163 5641 1324 5697 secundum
1339 5638 1418 5710 quod
1440 5639 1479 5692 sit
1498 5638 1527 5691 in
1540 5647 1616 5692 actu.
1636 5638 1723 5692 Unde
1743 5645 1845 5690 natura
1865 5638 1949 5690 buius
1969 5636 2094 5691 subiecti
2114 5636 2283 5707 recipientis
2302 5637 2510 5690 substantiales

1030 5732 1150 5798 formas,
1176 5728 1315 5784 videlicet
1340 5727 1452 5798 primae
1474 5726 1624 5793 materiae,
1646 5742 1770 5779 necesse
1799 5734 1852 5793 est,
1878 5734 1908 5778 ut
1933 5725 1971 5778 sit
1993 5734 2096 5777 natura
2118 5725 2277 5796 potentiae,
2298 5724 2410 5777 scilicet
2430 5724 2510 5795 quod

1030 5819 1164 5892 potentia
1185 5817 1223 5871 sit
1251 5817 1315 5870 eius
1337 5812 1502 5868 differentia
1524 5812 1733 5867 substantialis.
1759 5813 1794 5866 Et
1816 5811 1883 5865 ideo
1906 5813 2014 5865 nullam
2038 5813 2126 5866 babet
2152 5811 2274 5865 formam
2303 5811 2451 5882 propriam
2481 5821 2510 5865 et

1030 5918 1162 5964 naturam
1187 5904 1360 5959 existentem
1386 5901 1415 5954 in
1441 5910 1525 5956 actu:
1557 5900 1611 5955 scd
1636 5900 1699 5954 eius
1725 5899 1889 5954 substantia
1915 5909 1959 5953 cst
1985 5899 2012 5952 io
2046 5918 2151 5970 posse:
2184 5909 2213 5953 et
2244 5919 2279 5952 cx
2306 5901 2360 5953 boc
2387 5899 2508 5953 materia

1031 5995 1135 6067 recipit
1155 6008 1257 6047 omnes
1276 5988 1422 6044 formas».
