6700 7992
1267 1455 1442 1512 TERTIUM
1471 1456 1770 1526 QUODLIBETUM,
1799 1455 1835 1528 Q.
1863 1456 1889 1510 V
2264 1458 2315 1511 199

838 1634 874 1703 in
906 1636 1048 1703 Christo
1083 1635 1248 1703 remansit
1283 1637 1405 1702 eadem
1442 1657 1525 1702 caro
1561 1657 1651 1721 quae
1691 1636 1786 1721 prius
1822 1636 1896 1704 sive
1929 1636 2020 1702 idem
2057 1657 2197 1723 corpus,
2230 1635 2314 1722 quin

838 1752 1030 1839 aequaliter
1052 1752 1163 1840 possit
1187 1773 1229 1818 ex
1254 1751 1318 1817 illis
1343 1752 1482 1837 probari
1507 1752 1598 1817 idern
1623 1753 1710 1817 ordo
1735 1752 1769 1816 in
1805 1752 1879 1817 aliis
1915 1751 2114 1819 hominibus
2147 1763 2315 1838 quantum

839 1870 884 1936 ad
909 1890 1049 1936 omnem
1083 1869 1274 1934 naturalem
1299 1867 1557 1954 corruptionem
1593 1880 1731 1953 praeter
1755 1868 2013 1955 corruptionem
2051 1867 2315 1955 putrefactionis

839 1985 892 2052 vel
923 1982 1207 2070 incorruptionis,
1247 1995 1349 2068 prout
1381 1983 1484 2049 etiam
1523 1984 1754 2050 communiter
1791 1986 1861 2050 hoc
1900 1996 2036 2051 tenetur
2078 1987 2121 2051 ab
2160 1984 2214 2050 his
2256 1982 2315 2070 qui

839 2100 962 2167 dicunt
1000 2121 1071 2165 non
1112 2109 1245 2165 tantum
1288 2120 1392 2164 unam
1425 2100 1568 2164 formam
1602 2098 1636 2164 in
1677 2099 1818 2166 homine
1859 2113 1892 2165 et
1931 2113 2055 2167 cetera.
2092 2099 2185 2184 Quia
2223 2098 2315 2166 enim

839 2217 1008 2305 plurimae
1033 2214 1146 2282 dictae
1171 2214 1394 2281 auctoritates
1427 2214 1547 2281 dicunt
1578 2215 1754 2281 hominem
1787 2217 2019 2301 compositum
2055 2238 2096 2281 ex
2132 2215 2248 2281 anima
2283 2226 2317 2282 et

840 2354 988 2420 corpore
1005 2333 1058 2398 vel
1083 2352 1188 2399 carne
1213 2342 1247 2398 et
1262 2330 1473 2411 huiusmodi,
1498 2330 1577 2397 ideo
1603 2331 1822 2397 concluditur
1846 2354 1888 2397 ex
1912 2332 1976 2397 illis
2001 2332 2106 2416 quod,
2132 2352 2209 2398 cum
2235 2352 2317 2398 caro

841 2450 894 2517 vel
918 2470 1047 2535 corpus
1082 2447 1245 2533 importet
1276 2468 1380 2511 unam
1413 2448 1558 2512 formam
1583 2447 1844 2513 substantialem
1878 2460 1911 2513 et
1943 2448 2058 2513 anima
2093 2447 2205 2529 aliam,
2235 2447 2317 2514 ideo

841 2576 979 2652 oportet
1002 2564 1036 2629 in
1064 2562 1205 2629 homine
1230 2562 1347 2648 plures
1371 2563 1499 2629 formas
1521 2542 1662 2648 ponere.
1690 2565 1761 2629 Sed
1789 2586 1868 2629 eum
1897 2563 1974 2628 talis
1997 2564 2123 2629 modus
2150 2562 2318 2650 loquendi

841 2680 883 2747 sit
913 2680 1105 2747 usitatusa
1146 2678 1367 2766 philosophis
1392 2689 1425 2744 et
1457 2679 1630 2743 asanctis
1657 2678 1692 2743 in
1724 2678 1798 2743 aliis
1827 2679 2032 2744 animalibus
2065 2681 2158 2762 (nam
2194 2678 2319 2745 dicitur

842 2795 1072 2865 communiter
1109 2795 1204 2880 quod
1235 2793 1360 2858 animal
1400 2804 1452 2859 est
1491 2794 1722 2880 compositum
1760 2816 1802 2860 ex
1834 2794 1948 2860 anima
1988 2806 2022 2861 et
2061 2815 2209 2881 corpore
2244 2793 2317 2861 sive

842 2915 972 2996 carne),
1007 2933 1049 2977 ex
1088 2910 1215 2976 talibus
1254 2908 1517 2974 auctoritatibus
1554 2911 1784 2977 concludetur
1822 2910 1924 2976 etiarn
1963 2910 1998 2976 in
2041 2909 2203 2976 omnibus
2240 2910 2316 2977 aliis

843 3026 1049 3095 animalibus
1080 3047 1160 3093 esse
1195 3028 1311 3111 plures
1352 3026 1490 3089 formas.
1528 3026 1635 3108 Quod
1669 3025 1770 3091 etiam
1808 3026 2012 3092 conceditur
2044 3026 2273 3093 communiter
2297 3048 2318 3091 a

843 3143 1055 3233 ponentibus
1079 3143 1196 3228 plures
1221 3143 1350 3206 formas
1375 3140 1409 3205 in
1433 3141 1585 3221 homine,
1610 3141 1690 3207 licet
1718 3142 1820 3227 aliqui
1846 3142 1948 3227 pauci
1967 3144 2014 3225 (1)
2038 3154 2173 3229 ponant
2200 3144 2317 3229 plures

844 3261 972 3327 formas
996 3260 1107 3325 solum
1132 3258 1167 3322 in
1192 3256 1333 3323 homine
1359 3268 1392 3322 et
1417 3270 1541 3323 cetera.

930 3490 1020 3554 Cum
1045 3509 1131 3575 ergo
1159 3486 1334 3573 quaeritur
1362 3496 1473 3551 utrum
1500 3509 1683 3552 erroneum
1708 3487 1751 3552 sit
1775 3488 1891 3554 dicere
1916 3490 2009 3573 quod
2035 3510 2164 3575 corpus
2189 3488 2319 3556 Christi

845 3618 877 3674 et
899 3605 1043 3673 latronis
1066 3603 1192 3670 mortui
1223 3602 1360 3669 diversa
1394 3602 1513 3688 specie
1546 3603 1682 3684 fuerint,
1707 3603 1819 3690 primo
1853 3605 2126 3691 supponendum
2162 3616 2215 3672 est
2245 3617 2318 3671 tan·

845 3744 947 3810 quam
972 3720 1201 3789 certissimum
1234 3718 1409 3785 Christum
1446 3717 1554 3784 fuisse
1585 3740 1666 3785 vere
1702 3730 1736 3786 et
1768 3721 1922 3806 perfecte
1957 3721 2133 3787 hominem
2169 3722 2319 3787 univoce

845 3837 916 3905 sive
946 3837 1051 3904 unius
1082 3847 1226 3903 naturae
1260 3856 1340 3902 curn
1371 3834 1572 3900 hominibus
1611 3834 1685 3901 aliis
1723 3838 1776 3902 vel
1816 3857 1896 3903 cum
1928 3836 2060 3903 naturis
2091 3837 2253 3905 humanis
2283 3838 2319 3905 in

845 3954 927 4022 aliis,
959 3954 1004 4020 Et
1031 3953 1112 4039 quia
1148 3955 1254 4017 homo
1295 3953 1349 4017 vel
1378 3960 1500 4016 natura
1536 3953 1690 4016 humana
1717 3950 1800 4018 dicit
1831 3952 2065 4040 compositum
2098 3974 2139 4020 ex
2171 3976 2319 4043 corpore

845 4071 917 4138 sive
955 4068 1098 4136 materia
1137 4078 1171 4136 et
1210 4090 1252 4134 ex
1284 4068 1395 4133 forma
1425 4067 1499 4134 sive
1531 4068 1646 4133 anima
1677 4067 1847 4149 rationali,
1879 4067 1970 4135 sicut
1999 4068 2114 4136 anima
2146 4068 2222 4137 eius
2256 4070 2321 4138 tuit

846 4186 1000 4254 eiusdem
1017 4183 1148 4271 speciei
1173 4205 1251 4250 cum
1269 4182 1452 4249 animabus
1469 4182 1613 4249 aliorum
1630 4183 1810 4249 hominum
1827 4184 1909 4250 dum
1934 4184 2074 4267 viveret,
2087 4225 2126 4234 -
2140 4186 2207 4253 nisi
2231 4188 2320 4255 sorte

847 4324 887 4370 ex
917 4304 987 4369 hoc
1018 4301 1114 4387 quod
1145 4299 1270 4366 dicitur
1302 4300 1397 4384 quod
1424 4298 1538 4367 anima
1566 4298 1695 4365 Christi
1727 4302 1921 4366 secundum
1957 4322 1995 4367 se
2032 4300 2076 4367 sit
2105 4301 2256 4370 nobilior
2286 4314 2320 4371 et

846 4416 1037 4505 inaequalis
1053 4417 1190 4483 animae
1214 4415 1357 4482 aliorum
1383 4415 1574 4496 hominum,
1591 4415 1767 4482 videretur
1782 4416 1882 4502 sequi
1906 4418 2002 4503 quod
2026 4418 2165 4484 alterius
2189 4418 2321 4505 speciei

847 4545 948 4616 esset,
966 4573 1007 4582 -
1032 4534 1079 4599 ita
1103 4544 1137 4599 et
1162 4554 1290 4618 corpus
1315 4531 1391 4597 eins
1416 4529 1479 4596 fuit
1503 4530 1659 4597 eiusdem
1685 4531 1816 4617 speciei
1841 4554 1920 4598 cum
1945 4533 2151 4619 corporibus
2176 4533 2321 4601 aliorum

846 4650 1036 4717 hominum.
1065 4650 1108 4714 Et
1147 4648 1227 4733 qnia
1267 4650 1460 4713 secundum
1501 4650 1594 4732 quod
1635 4647 1719 4713 dicit
1758 4648 2064 4734 Damascenus(2t
2095 4650 2184 4716 libro
2209 4651 2320 4731 tertio,

847 4765 997 4853 capitulo
1036 4764 1206 4853 vigesimo
1248 4775 1390 4849 quarto:
1431 4763 1593 4829 dominus
1632 4775 1666 4829 et
1709 4773 1866 4829 naturam
1914 4775 1948 4829 et
1994 4765 2162 4830 naturalia
2205 4766 2323 4832 omnia

847 4880 1043 4969 assumpsit,
1072 4891 1196 4947 natura
1220 4891 1254 4946 et
1278 4878 1420 4945 veritate
1448 4880 1561 4944 factus
1579 4881 1697 4958 h0m0,
1727 4878 1806 4944 ideo
1832 4878 1921 4945 sicut
1949 4902 2028 4946 cum
2055 4880 2168 4946 anima
2193 4881 2322 4948 Christi

846 4997 984 5085 corpori
1011 4995 1197 5064 uniebatur
1224 4996 1259 5061 in
1284 4995 1359 5061 eius
1387 4994 1621 5081 conceptione
1646 5004 1719 5060 erat
1747 5015 1876 5080 corpus
1905 4995 2061 5063 eiusdem
2086 4996 2217 5083 speciei
2242 5020 2321 5065 curn

847 5113 1051 5201 corporibus
1076 5112 1202 5198 quibus
1227 5111 1343 5176 anima
1367 5110 1483 5175 unitur
1507 5110 1539 5175 in
1566 5109 1799 5195 conceptione
1824 5110 1967 5176 aliorum
1992 5111 2183 5194 hominum,
2209 5153 2249 5162 -
2275 5113 2322 5180 ita

847 5228 949 5295 etiam
974 5228 1112 5295 videtur
1140 5228 1233 5313 quod
1262 5227 1294 5291 in
1320 5228 1406 5291 hora
1433 5225 1606 5311 separatio
1627 5227 1632 5309 l
1654 5225 1707 5289 nis
1736 5225 1872 5291 animae
1897 5248 1916 5291 a
1945 5248 2103 5313 corpore,
2128 5228 2220 5295 etin
2245 5228 2320 5295 eius
2356 5235 2484 5316 ⁸conv

848 5344 1040 5412 voluntaria
1060 5356 1169 5409 morte
1194 5342 1501 5426 derelinquebatur
1518 5363 1646 5426 corpus
1671 5342 1829 5407 eiusdem
1855 5342 1983 5427 speciei
2010 5366 2088 5409 eum
2114 5345 2320 5433 corporibus
2349 5307 2514 5362 memb

848 5484 869 5527 a
899 5459 1026 5548 quibus
1061 5459 1176 5524 anima
1215 5469 1395 5544 separatur
1434 5458 1466 5523 in
1508 5467 1618 5522 morte
1654 5456 1819 5542 ipsorum.
1861 5458 1953 5541 Quia
1992 5458 2081 5526 sicut
2113 5461 2322 5529 necessitate

847 5588 992 5644 naturae
1007 5574 1190 5660 requiritur
1214 5596 1343 5660 corpus
1360 5573 1517 5639 eiusdem
1534 5572 1665 5657 speciei
1683 5572 1739 5638 cui
1755 5572 1870 5639 anima
1899 5574 2015 5640 unitur
2031 5575 2065 5641 in
2090 5577 2323 5664 conceptione

848 5690 1063 5759 diversorum
1097 5689 1288 5771 hominum,
1321 5688 1367 5754 ita
1399 5688 1500 5754 etiam
1532 5686 1743 5754 necessitate
1779 5700 1922 5755 naturae
1954 5690 2157 5777 relinquitur
2196 5713 2323 5781 corpus

888 5958 893 5967 ⁷
936 5979 976 6045 (l)
996 5976 1031 6030 V.
1044 5993 1087 6049 gr.
1107 5973 1284 6031 Henricus
1303 5973 1344 6028 de
1364 5973 1547 6029 Gandavo.
1561 6004 1594 6012 —
1608 5975 1647 6040 (2)
1662 5972 1834 6027 Iohannis
1853 5974 2067 6031 Damasceni
2088 5976 2133 6031 De
2151 5976 2210 6047 fide
2229 5978 2324 6034 ortlro·

848 6064 925 6121 doxa
942 6064 961 6119 l.
982 6063 1032 6135 111,
1051 6080 1076 6118 c.
1095 6066 1130 6118 ⁶25
1148 6063 1190 6132 (P.
1212 6062 1258 6127 G,
1278 6062 1334 6116 vol.
1355 6064 1398 6131 94,
1418 6061 1472 6116 col.
1495 6062 1583 6131 1094).
1915 6058 1920 6067 ’
1947 6074 1949 6080 ·
