6700 7992
1333 1412 1549 1468 SECUNDUM
1580 1412 1879 1483 QUODLIBETUM,
1908 1413 1943 1483 Q.
1969 1413 1997 1466 ll
2370 1415 2404 1463 67

927 1592 1128 1658 huiusmodi
1156 1591 1398 1657 accidentibus
1426 1592 1460 1657 in
1500 1591 1736 1679 singularibus
1777 1593 1873 1676 quod
1904 1590 1997 1656 aliud
2029 1603 2082 1656 est
2110 1592 2304 1656 secundum
2333 1611 2404 1655 rem

927 1708 1010 1773 illud
1035 1710 1131 1793 quod
1156 1709 1199 1773 ad
1231 1707 1342 1792 ipsam
1371 1706 1559 1772 essentiam
1583 1719 1617 1772 et
1645 1706 1871 1791 quidditatem
1893 1705 1942 1772 rei
1965 1707 2159 1772 secundum
2184 1727 2223 1771 se
2246 1706 2405 1792 pertinet,

928 1835 962 1889 et
989 1824 1073 1888 illud
1089 1823 1190 1888 cuius
1214 1835 1266 1888 est
1283 1822 1360 1907 ipsa
1376 1822 1552 1907 quidditas
1576 1822 1648 1887 sive
1672 1834 1781 1887 totum
1811 1833 2042 1910 aggregatum
2066 1842 2109 1886 ex
2132 1821 2190 1886 tali
2213 1833 2337 1887 natura
2361 1833 2405 1900 et,

928 1938 1169 2005 accidentibus
1193 1938 1309 2023 quae¹
1332 1937 1367 2002 in
1391 1960 1463 2003 uno
1487 1937 1671 2024 supposito
1700 1938 1933 2003 includuntur.
1959 1937 2162 2003 Secundum
2183 1936 2265 2002 illud
2293 1938 2407 2003 Philo·

928 2054 1030 2139 sophi
1048 2057 1107 2140 (l),
1122 2053 1223 2118 tertio
1253 2055 1296 2118 de
1325 2053 1450 2133 anima,
1468 2055 1563 2139 quod
1592 2053 1684 2118 aliud
1703 2065 1756 2117 est
1780 2073 1862 2119 caro
1886 2064 1920 2117 et
1944 2051 2058 2117 carnis
2075 2073 2175 2132 esse3
2200 2053 2406 2138 et'septimo

927 2168 1190 2255 Metaphysicae
1208 2171 1254 2250 (2)
1279 2169 1373 2253 quod
1391 2169 1426 2232 in
1443 2168 1655 2234 habentibus
1680 2167 1856 2233 materiam
1875 2168 1988 2233 differt
2003 2167 2014 2202 ⁹
2030 2168 2205 2253 quidditas
2222 2181 2256 2234 et
2271 2171 2407 2234 habens

928 2284 1165 2370 quidditatem.
1184 2284 1228 2348 Et
1244 2284 1324 2349 licet
1340 2284 1541 2349 huiusmodi
1566 2306 1629 2348 sua
1646 2284 1785 2349 realitas
1806 2283 1849 2348 sit
1873 2283 2115 2368 inseparabilis
2137 2285 2181 2348 ab
2206 2284 2407 2351 huiusmodi

928 2400 1169 2466 accidentibus
1197 2398 1359 2464 omnibus
1391 2399 1584 2465 secundum
1617 2398 1734 2463 omnia
1761 2398 1950 2478 individua,
1985 2410 2101 2463 tamen
2138 2408 2141 2472 Ι
2178 2401 2406 2467 essentialiter
2434 2368 2601 2496 foffivv,

928 2514 1063 2580 differt³
1079 2537 1100 2579 a
1123 2515 1277 2580 realitate
1301 2514 1501 2579 huiusmodi
1526 2514 1780 2593 accidentium3
1805 2527 1838 2579 et
1854 2513 1933 2580 licet
1949 2535 2021 2580 non
2045 2515 2240 2580 secundum
2257 2536 2336 2581 esse
2353 2518 2407 2581 vel

927 2631 1072 2711 realiter,
1097 2641 1214 2695 tamen
1238 2631 1433 2695 secundum
1457 2629 1624 2694 rationem
1651 2641 1685 2694 et
1709 2629 2026 2695 considerationem
2050 2642 2167 2715 potest
2190 2631 2354 2716 separari,
2372 2631 2408 2697 id

928 2757 980 2812 est
996 2757 1113 2832 potest
1129 2745 1273 2834 intelligi
1293 2747 1488 2811 secundum
1505 2767 1543 2810 se
1559 2745 1760 2810 huiusmodi
1777 2744 1952 2830 quidditas
1968 2746 2023 2810 vel
2039 2767 2118 2811 esse
2142 2746 2408 2831 quidditativum

926 2883 1000 2928 non
1024 2860 1297 2949 cointelligendo
1321 2860 1521 2925 huiusmodi
1545 2859 1740 2926 accidentia
1767 2862 1821 2926 vel
1849 2881 1928 2925 esse
1952 2860 2150 2927 huiusmodi
2175 2862 2408 2929 accidentium

927 2990 962 3044 et
987 2989 1103 3044 cetera
1129 2988 1167 3042 ut
1194 2998 1301 3062 supra
1330 2976 1458 3042 dictum
1488 2986 1550 3041 est.
1576 2976 1706 3041 Verum
1734 2989 1788 3049 est
1818 2976 1920 3041 etiam
1948 2977 2053 3060 quod,
2083 2998 2162 3042 cum
2187 2978 2409 3044 verificantur

926 3092 1128 3179 praedicata
1152 3090 1351 3157 essentialia
1375 3092 1418 3156 de
1442 3091 1568 3156 talibus
1592 3101 1716 3176 utpote
1743 3111 1822 3156 curn
1851 3091 2046 3156 verificatur
2068 3094 2175 3158 homo
2199 3095 2254 3159 vel
2281 3093 2409 3160 animal

928 3208 972 3273 de
1003 3208 1149 3274 Socrate
1181 3207 1283 3272 etiam
1315 3206 1495 3286 existente,
1530 3227 1602 3272 non
1635 3205 1832 3271 verificatur
1858 3207 1902 3271 de
1934 3206 2012 3292 ipso
2042 3207 2177 3274 ratione
2207 3209 2409 3276 huiusmodi

927 3323 1161 3390 accidentium
1186 3323 1250 3388 sed
1277 3321 1411 3387 ratione
1438 3321 1639 3386 huiusmodi
1664 3321 1838 3386 essentiae
1862 3342 1952 3406 quae
1975 3332 2092 3387 tamen
2116 3344 2188 3389 non
2213 3336 2275 3405 est,
2304 3337 2338 3391 et
2365 3347 2409 3391 ex

927 3438 1159 3523 consequenti
1186 3459 1252 3503 nec
1284 3449 1338 3503 est
1369 3436 1522 3502 essentia
1550 3436 1625 3502 sine
1656 3436 1733 3501 illis.
1761 3437 1865 3502 Unde
1892 3436 1989 3501 ista:
2026 3437 2191 3504 Socrates
2215 3452 2268 3505 est
2290 3441 2407 3521 homo,

927 3554 1005 3620 est⁴
1022 3554 1138 3639 aliquo
1156 3555 1261 3620 modo
1286 3574 1367 3618 vera
1391 3573 1454 3638 per
1476 3574 1515 3617 se
1538 3551 1573 3617 in
1597 3564 1765 3636 quantum
1790 3552 1955 3618 Socrates
1972 3565 2026 3618 est
2041 3553 2148 3619 homo
2165 3555 2220 3619 vel
2241 3554 2276 3620 in
2301 3578 2408 3641 quan·

926 3682 999 3735 tum
1025 3670 1187 3755 importat
1208 3668 1469 3747 humanitatem,
1487 3679 1540 3733 est
1567 3646 1682 3732 autem
1707 3689 1788 3733 vera
1812 3688 1874 3752 per
1897 3667 2063 3733 accidens
2087 3668 2122 3732 in
2147 3682 2314 3754 quantum
2341 3673 2408 3738 tale

928 3797 1106 3871 quantum,
1124 3797 1158 3850 et
1183 3785 1234 3850 sic
1261 3785 1437 3873 signatum
1466 3795 1500 3849 et
1523 3796 1640 3849 cetera
1667 3794 1720 3849 est
1744 3786 1851 3848 homo
1879 3785 1934 3848 vel
1957 3783 2085 3849 animal
2114 3797 2148 3850 et
2176 3799 2300 3852 cetera.

1015 3903 1095 3967 Non
1127 3901 1264 3966 videtur
1295 3922 1380 3987 ergo
1413 3920 1531 3964 verum
1564 3900 1659 3982 quod
1699 3899 1873 3964 essentiae
1908 3920 2020 3964 rerum
2052 3902 2183 3965 habent
2214 3904 2307 3986 quod
2341 3903 2410 3968 sint

926 4017 1100 4083 essentiae
1117 4016 1317 4102 simpliciter
1340 4018 1384 4080 ab
1409 4029 1564 4095 aetern0,
1582 4015 1629 4080 ita
1645 4016 1740 4100 quod
1757 4014 1841 4080 reali
1857 4014 2026 4081 relatione
2044 4016 2174 4081 etiam⁶
2197 4019 2241 4082 ab
2265 4031 2408 4084 aeterno

898 4196 899 4199 ,
926 4134 1119 4199 reserantur
1143 4133 1186 4197 ad
1212 4133 1326 4198 Deum
1352 4144 1388 4196 ut
1412 4133 1456 4196 ad
1483 4152 1581 4195 suam
1607 4151 1761 4210 causam,
1783 4152 1826 4195 ex
1849 4151 1892 4195 eo
1918 4132 2012 4215 quod
2037 4134 2231 4198 secundum
2255 4133 2408 4199 rationes

927 4250 1142 4333 exemplares
1174 4248 1305 4313 ideales
1337 4249 1468 4311 habent
1501 4267 1579 4311 esse
1607 4246 1642 4311 in
1671 4245 1788 4310 divina
1819 4245 2033 4334 cognitione,
2059 4247 2139 4332 quia
2170 4269 2212 4313 ex
2239 4251 2307 4315 hoc
2334 4271 2407 4314 non

927 4363 1082 4453 arguitur
1110 4364 1205 4448 quod
1237 4364 1281 4427 de
1315 4361 1428 4447 ipsis⁶
1459 4363 1502 4427 sit
1532 4361 1668 4426 realiter
1699 4373 1733 4426 et
1764 4360 1799 4425 in
1831 4373 1910 4426 actu
1939 4361 2005 4426 nisi
2037 4384 2155 4427 earum
2187 4365 2342 4451 cognitio
2374 4379 2408 4431 et

927 4480 1030 4545 etiam
1047 4501 1165 4544 earum
1189 4489 1313 4543 natura
1337 4477 1572 4563 potentialiter
1588 4488 1621 4542 et
1637 4476 1825 4542 virtualiter
1848 4477 1882 4541 in
1908 4478 2025 4542 divina
2046 4479 2202 4563 potentia
2219 4491 2253 4545 et
2273 4481 2406 4562 virtute,

927 4609 1030 4682 prout
1049 4595 1125 4681 ipse
1149 4595 1247 4659 Deus
1271 4605 1309 4658 ut
1333 4593 1462 4659 dictum
1484 4601 1547 4673 est,
1565 4605 1618 4658 est
1635 4593 1896 4676 quodammodo
1914 4594 2040 4657 omnia.
2058 4595 2135 4660 Nec
2151 4616 2305 4680 unquam
2325 4595 2408 4661 reali

927 4711 1093 4777 relatione
1117 4708 1287 4775 refertur⁷
1309 4720 1468 4775 creatura
1493 4709 1536 4772 ad
1562 4708 1675 4772 Deum
1700 4718 1738 4772 ut
1761 4708 1805 4771 ad
1831 4728 1973 4773 causam
1997 4709 2188 4790 formalem,
2214 4711 2279 4775 nisi
2304 4711 2405 4776 etiarn

928 4828 1095 4893 referatur
1122 4827 1167 4890 ad
1199 4825 1312 4911 ipsum
1339 4838 1376 4890 ut
1407 4825 1457 4917 ad?
1479 4845 1619 4889 causam
1649 4822 1866 4902 efficientem,
1884 4823 1974 4888 sicut
2000 4836 2095 4910 patet
2127 4825 2229 4890 etiam
2260 4828 2304 4891 de
2329 4827 2407 4892 idea

927 4943 1076 5010 artificis.
1106 4944 1191 5009 Esto
1216 4942 1308 5007 enim
1337 4941 1432 5026 quod
1460 4960 1541 5005 arca
1569 4938 1710 5025 cognita
1738 4940 1932 5004 secundum
1961 4952 2071 5006 totum
2098 4941 2133 5006 id
2160 4942 2254 5026 quod
2282 4953 2344 5023 est,
2373 4954 2408 5008 et

1019 5257 1027 5287 ¹
1040 5253 1120 5325 quod
1133 5255 1164 5307 P.
1180 5286 1211 5293 —
1230 5255 1240 5285 ²
1254 5253 1383 5308 differret
1397 5252 1427 5305 Ρ.
1441 5284 1474 5291 -
1489 5253 1500 5283 ³
1513 5249 1644 5304 differret
1656 5250 1687 5303 P.
1702 5281 1735 5288 -
1749 5252 1759 5281 ⁴
1773 5267 1827 5304 orn.
1842 5250 1872 5302 P.
1892 5282 1924 5288 —
1939 5250 2105 5305 ‘relatione
2119 5252 2216 5321 etiam]
2231 5253 2318 5307 etiam
2332 5254 2405 5308 rela-

927 5342 1008 5398 tione
1022 5342 1051 5396 P.
1067 5374 1100 5382 —
1114 5345 1125 5373 ⁶
1139 5342 1177 5396 de
1190 5342 1271 5414 ipsis]
1286 5341 1428 5411 deinceps
1442 5341 1474 5393 P.
1489 5371 1521 5378 —-
1538 5340 1547 5369 ⁷
1560 5355 1576 5390 a
1590 5339 1659 5391 add.
1674 5339 1704 5391 P.

1016 5595 1056 5654 (1)
1069 5589 1280 5643 Aristotelis
1297 5590 1339 5641 De
1352 5589 1466 5650 anima,
1480 5589 1497 5641 l.
1512 5588 1562 5649 Ill,
1577 5605 1601 5640 c.
1614 5589 1632 5639 4
1645 5586 1693 5642 tal.
1707 5588 1735 5640 8)
1750 5586 1821 5649 (νοί.
1836 5590 1859 5647 l,
1873 5604 1900 5655 p.
1914 5590 1987 5645 429).
2001 5586 2075 5643 Ἐπεὶ
2088 5587 2179 5643 δ’ἄλλο
2190 5590 2243 5644 ἐστὶ
2252 5592 2283 5645 τὸ
2294 5590 2405 5663 μέγεθος

927 5678 971 5730 καὶ
988 5676 1019 5728 τὸ
1034 5673 1138 5748 μεγέθει
1149 5675 1213 5729 εἶναι
1230 5677 1274 5728 καὶ
1292 5672 1364 5744 ὕδωρ
1381 5676 1425 5726 καὶ
1443 5672 1517 5726 ὕδατι
1534 5673 1606 5726 εἶναι·
1626 5669 1697 5725 οὕτω
1709 5671 1737 5724 δὲ
1750 5674 1794 5724 καὶ
1807 5669 1847 5741 ἐφ’
1861 5670 1957 5742 ἑτέρων
1969 5674 2087 5733 πολλῶν,
2102 5671 2159 5724 ἀλλ’
2173 5671 2222 5726 οὐκ
2234 5672 2276 5727 ἐπὶ
2288 5674 2403 5729 πάντων·

928 5757 969 5813 ἐπ’
982 5757 1055 5813 ἐνίων
1067 5759 1119 5830 γὰρ
1130 5755 1226 5811 ταύτόν
1238 5756 1293 5811 ἐστι
1305 5757 1336 5809 τὸ
1348 5759 1426 5825 σαρκὶ
1439 5756 1502 5809 εἶναι
1515 5757 1559 5809 καὶ
1571 5754 1665 5824 cepta·
1685 5753 1701 5819 ἢ
1720 5751 1795 5825 ἄλλῳ
1813 5753 1829 5819 ἢ
1848 5751 1937 5814 ἄλλως
1956 5751 2045 5825 ἔχοντι
2062 5755 2152 5824 κρίνει·
2172 5756 2188 5820 ἡ
2207 5757 2257 5827 γὰρ
2274 5759 2335 5826 σὰρξ
2356 5755 2405 5811 οὐκ

928 5843 988 5900 ἄνευ
1000 5852 1047 5911 τῆς
1059 5843 1133 5910 ὅλης,
1147 5844 1204 5898 ἀλλ’
1218 5844 1308 5914 ὥσπερ
1320 5844 1351 5896 τὸ
1364 5843 1439 5910 σιμὸν
1452 5843 1512 5896 τόδε
1526 5841 1552 5896 ἐν
1564 5844 1641 5912 τῷδε.
1656 5870 1690 5878 -
1704 5844 1743 5906 (2)
1764 5839 1976 5892 Aristotelis
1997 5840 2221 5908 Metuphysicac,
2242 5841 2258 5893 l.
2278 5843 2326 5907 Vl,
2345 5859 2368 5894 c.
2389 5846 2406 5894 8

928 5931 1173 5993 tal.l.V11,c.7t‚
1188 5931 1255 5989 (vul.
1275 5930 1311 5990 ll,
1333 5947 1360 5998 p.
1381 5933 1470 5982 lost).
1491 5931 1526 5984 Τὸ
1544 5930 1637 5983 δ’ἅπαν
1655 5926 1705 5995 ἤδη
1724 5930 1755 5983 τὸ
1774 5929 1874 5983 τοιόνδε
1892 5930 1959 5990 εἶδος
1972 5928 1998 5983 ἐν
2010 5932 2098 5983 ταῖσδε
2110 5938 2166 5990 ταῖς
2177 5931 2251 5998 σαρξί
2262 5935 2306 5984 καὶ
2319 5933 2404 5992 ὀστοῖς

928 6015 1038 6076 vallia<
1047 6018 1092 6069 καὶ
1104 6015 1248 6086 Σωκράτης
1262 6018 1306 6068 καὶ
1318 6014 1407 6084 ἕτερον
1421 6014 1468 6080 μὲν
1480 6014 1522 6067 διὰ
1534 6013 1580 6078 τὴν
1593 6010 1667 6078 ὕλην,
1682 6010 1758 6082 ἑτέρα
1771 6014 1823 6084 γὰρ
1835 6010 1916 6065 ταύτὸ
1929 6011 1957 6065 δὲ
1969 6019 2008 6082 τῷ
2021 6009 2092 6065 εἶδεν
2106 6009 2206 6079 ἄτομον
2219 6016 2271 6084 γὰρ
2283 6014 2314 6067 τὸ
2326 6015 2416 6092 εἶδος..
