6700 7992
1033 1458 1065 1508 16
1395 1454 1585 1510 MAGISTRI
1614 1454 1833 1510 GODEFRlDl
1864 1456 1916 1509 DE
1944 1456 2143 1512 FONTlBUS

1031 1646 1112 1699 sunt
1136 1635 1180 1699 ab
1205 1634 1273 1713 illo,
1298 1635 1342 1700 ad
1367 1635 1467 1700 cuius
1492 1635 1671 1701 scientiam
1699 1636 1848 1721 pertinet
1871 1635 2106 1702 consideratio
2131 1639 2176 1702 de
2204 1638 2282 1702 Deo
2312 1640 2505 1704 secundum

1030 1772 1068 1816 se
1094 1761 1128 1816 et
1151 1751 1321 1817 absolute.

1119 1866 1212 1950 Quia
1236 1888 1330 1955 erg0,
1349 1866 1429 1932 licet
1452 1868 1495 1931 ad
1521 1867 1747 1951 quantitatem
1772 1868 1903 1933 litterae
1928 1869 2025 1952 plura
2049 1871 2228 1934 tradantur
2252 1871 2506 1957 cognoscibilia

1030 1982 1074 2048 de
1091 1957 1169 2048 Deo
1186 1984 1252 2047 sub
1269 1982 1456 2067 praedictis
1474 1981 1665 2047 rationibus
1683 1982 1831 2068 propriis
1849 2005 1952 2067 quam
1970 1986 2035 2047 sub
2053 1983 2147 2061 aliis3
2166 1985 2246 2068 quia
2271 1985 2336 2050 ista
2360 1986 2506 2052 scientia

1029 2097 1174 2164 traditur
1200 2097 1332 2163 homini
1361 2110 1398 2163 ut
1425 2098 1547 2163 viatori
1575 2110 1609 2163 et
1638 2109 1674 2162 ut
1702 2098 1776 2163 eius
1804 2098 1976 2163 adiutorio
2005 2100 2150 2164 tendat¹
2179 2102 2223 2165 ad
2256 2101 2505 2167 beatitudinem

1029 2212 1250 2295 aetemam²3
1282 2213 1363 2299 quia
1394 2214 1498 2278 etiam
1529 2215 1702 2297 quaedam
1735 2213 1988 2301 cognoscibilia
2019 2216 2201 2280 traduntur
2231 2217 2275 2281 de
2307 2217 2384 2301 ipso
2417 2238 2507 2302 quae

1029 2329 1244 2396 conveniunt
1261 2331 1339 2396 Deo
1356 2330 1549 2395 secundum
1567 2329 1602 2394 id
1619 2331 1713 2414 quod
1739 2341 1791 2395 est
1815 2331 2011 2395 secundum
2035 2352 2073 2394 se
2098 2342 2132 2395 et
2156 2333 2324 2408 absolute,
2350 2344 2387 2398 ut
2411 2335 2506 2417 quod

1029 2445 1139 2511 trinus
1164 2457 1198 2511 et
1222 2458 1348 2525 cetera,
1368 2445 1506 2510 -ideo
1531 2445 1632 2510 etiam
1658 2445 1794 2511 videtur
1811 2445 1998 2511 dicendum
2016 2447 2110 2529 quod
2128 2447 2224 2511 Deus
2242 2459 2295 2512 est
2311 2449 2505 2514 subiectum

1029 2561 1228 2648 theologiae
1257 2561 1359 2626 etiam
1388 2563 1494 2626 modo
1522 2584 1592 2646 quo
1620 2561 1745 2626 tradita
1772 2573 1826 2627 est
1853 2561 2054 2647 simpliciter
2082 2574 2115 2627 et
2143 2564 2302 2628 absolute
2317 2563 2337 2627 ³.
2364 2565 2507 2630 Verum·

1030 2688 1145 2743 tamen
1178 2677 1360 2743 sciendum
1389 2689 1441 2742 est
1469 2678 1574 2761 quod,
1603 2677 1683 2742 licet
1711 2679 1808 2743 Deus
1837 2677 2079 2743 consideretur
2107 2677 2140 2742 in
2170 2681 2236 2744 hac
2265 2679 2411 2744 scientia
2441 2683 2506 2746 sub

844 2768 1007 2895 sofflvvb
1030 2794 1164 2859 ratione
1195 2794 1365 2872 absoluta,
1396 2814 1468 2858 non
1499 2797 1503 2876 l
1534 2805 1650 2858 tamen
1683 2803 1735 2858 est
1766 2792 1913 2858 scientia
1944 2793 2078 2858 infinita
2113 2815 2182 2877 qua
2218 2795 2315 2859 Deus
2351 2795 2506 2861 infinitus

1030 2908 1266 2997 cognoscitur,
1283 2909 1373 2974 sicut
1390 2907 1535 2974 scientia
1552 2909 1746 2974 secundum
1764 2930 1867 2993 quam
1885 2909 1982 2973 Deus
1999 2909 2153 2993 seipsum
2180 2909 2348 2975 infinitum
2374 2910 2507 2977 infinite

1029 3024 1279 3111 apprehendit3
1305 3024 1386 3108 quia
1402 3046 1469 3090 nec
1487 3024 1589 3090 etiam
1605 3024 1741 3089 videtur
1757 3046 1777 3088 a
1795 3023 1905 3089 beatis
1923 3035 1959 3088 ut
1976 3046 2097 3089 eorum
2118 3025 2263 3091 scientia
2280 3048 2322 3091 ex
2339 3026 2507 3093 infinitate

1029 3141 1105 3206 visa
1122 3141 1166 3206 sit
1182 3140 1326 3233 infin-ita,
1344 3139 1424 3224 quia
1443 3139 1544 3205 etiam
1562 3161 1603 3204 ex
1628 3151 1725 3225 parte
1750 3139 1941 3204 videntium
1964 3139 2128 3205 videtur⁴
2152 3143 2258 3206 modo
2282 3140 2390 3206 finito.
2417 3143 2506 3208 Cum

1031 3257 1122 3323 enim
1151 3267 1249 3324 actus
1277 3255 1414 3342 agentis
1442 3256 1628 3341 recipiatur
1652 3255 1686 3319 in
1711 3255 1881 3335 subiect0,
1906 3257 2102 3321 secundum
2127 3257 2268 3322 modum
2298 3269 2332 3322 et
2360 3258 2507 3343 disposi-

1030 3371 1160 3438 tionem
1192 3371 1281 3437 illius
1313 3370 1512 3457 recipientis
1554 3382 1588 3437 et
1619 3393 1692 3436 non
1728 3371 1871 3436 omnino
1903 3373 2098 3437 secundum
2131 3374 2272 3437 modum
2305 3373 2380 3438 eius
2412 3375 2507 3459 quod

1030 3486 1203 3574 recipitur,
1236 3489 1333 3552 Deus
1365 3486 1529 3565 infinitae,
1563 3499 1665 3573 prout
1697 3497 1750 3551 est
1781 3486 1956 3551 obiectum
1974 3487 2169 3553 intellectus
2197 3488 2340 3554 increati
2373 3489 2507 3569 infiniti,

1032 3615 1153 3670 causat
1169 3603 1407 3691 cognitionem
1427 3602 1606 3682 infinitam,
1625 3604 1688 3667 sed
1705 3613 1868 3687 respectu
1885 3602 1992 3668 creati
2012 3615 2045 3668 et
2069 3603 2155 3669 finiti
2179 3616 2302 3669 causat
2326 3605 2507 3670 scientiam

1031 3718 1172 3785 finitam.
1197 3719 1241 3783 Et
1265 3728 1318 3784 est
1341 3718 1486 3784 scientia
1509 3717 1606 3782 finita
1630 3717 1765 3783 ratione
1789 3717 1936 3784 subiecti
1960 3719 2064 3797 finiti3
2090 3732 2142 3784 est
2166 3730 2281 3784 tamen
2307 3721 2350 3785 de
2369 3721 2507 3787 obiecto

1031 3834 1176 3900 infinito.
1206 3834 1241 3900 Si
1271 3834 1363 3899 enim
1391 3835 1664 3919 supponendum
1693 3847 1786 3900 esset
1814 3835 1909 3918 quod
1937 3835 2034 3899 Deus
2059 3856 2080 3898 a
2103 3848 2260 3900 creatura
2288 3857 2359 3901 non
2389 3848 2509 3921 posset

1031 3949 1200 4039 cognosci
1229 3949 1296 4015 nisi
1323 3951 1388 4014 sub
1416 3950 1550 4015 ratione
1578 3949 1684 4028 finita,
1714 3960 1868 4015 cessaret
1897 3950 2084 4015 difficultas
2113 3973 2216 4034 quam
2245 3951 2421 4036 patiuntur
2450 3951 2507 4037 qui

1031 4078 1168 4153 ponunt
1192 4067 1286 4151 quod
1311 4065 1430 4131 beati⁶
1452 4065 1636 4149 vident[es]
1662 4067 1776 4130 Deum
1802 4065 1936 4131 visione
1961 4078 2080 4150 aperta
2105 4078 2184 4131 actu
2209 4066 2307 4132 finito
2331 4067 2508 4152 potentiae

1030 4182 1150 4249 finitae
1167 4181 1342 4248 obiectum
1366 4181 1538 4246 infinitum
1562 4182 1861 4266 apprehendente,
1887 4203 1965 4246 cum
1991 4181 2077 4246 finiti
2103 4183 2147 4246 ad
2172 4181 2342 4248 infinitum
2368 4205 2440 4249 non
2465 4182 2509 4248 sit

1032 4297 1223 4384 proportio

1120 4414 1178 4479 Ad
1196 4425 1437 4501 argumentum
1455 4412 1489 4477 in
1507 4412 1710 4498 oppositum
1737 4415 1741 4496 l
1770 4423 1823 4478 est
1839 4411 2027 4478 dicendum
2046 4414 2152 4497 quod,
2173 4435 2251 4478 cum
2270 4414 2395 4479 dicitur
2413 4414 2507 4499 quod

1031 4540 1130 4596 actus
1142 4529 1336 4596 intellectus
1353 4530 1459 4595 babet
1475 4529 1621 4594 formam
1634 4539 1669 4593 et
1685 4527 1838 4613 speciem
1857 4531 1900 4592 ab
1918 4528 2069 4608 obiect0,
2087 4551 2158 4594 non
2175 4541 2228 4595 est
2244 4530 2507 4618 intelligendum

1032 4646 1127 4731 quod
1152 4646 1310 4711 eamdem
1335 4645 1489 4731 speciem
1513 4655 1548 4710 et
1571 4645 1717 4710 formam
1732 4645 1860 4709 realem
1877 4645 2007 4710 habeat
2024 4667 2127 4729 quam
2146 4647 2251 4710 habet
2268 4646 2454 4725 obiectum,
2472 4656 2509 4710 ut

1031 4761 1194 4828 videlicet
1209 4773 1307 4828 actus
1326 4782 1395 4845 quo
1415 4760 1616 4848 intelligitur
1632 4762 1729 4825 Deus
1747 4760 1790 4824 sit
1807 4782 1888 4825 vere
1905 4772 1938 4825 et
1963 4760 2099 4826 realiter
2123 4762 2232 4838 Deus
2257 4774 2291 4827 et
2315 4774 2413 4828 actus
2438 4783 2508 4847 quo

932 4915 937 4923 ·
1031 4876 1232 4966 intelligitur
1263 4876 1433 4942 infinitum
1461 4875 1505 4942 sit
1532 4897 1612 4942 vere
1641 4887 1675 4941 et
1702 4875 1838 4942 realiter
1865 4875 2029 4941 infinitus.
2061 4876 2133 4942 Sed
2165 4888 2218 4942 est
2245 4876 2508 4965 intelligendum

1032 4994 1127 5079 quod
1154 5004 1253 5059 actus
1280 4991 1497 5079 intelligendi
1527 5004 1579 5057 est
1616 4993 1790 5076 quaedam
1822 4991 2011 5056 similitudo
2050 5004 2194 5057 causata
2221 4994 2265 5057 ab
2294 4993 2445 5072 obiect0,
2475 5003 2509 5058 et

1032 5110 1225 5176 secundum
1244 5107 1478 5174 diversitatem
1496 5107 1712 5173 obiectorum
1730 5118 1918 5172 causantur
1935 5107 2061 5172 diversi
2087 5119 2186 5173 actus
2211 5108 2269 5193 qui
2294 5121 2374 5173 sunt
2399 5108 2508 5174 diver·

1032 5246 1093 5290 sae
1120 5222 1362 5289 similitudines
1390 5223 1524 5288 illorum
1554 5223 1781 5289 obiectorum.
1812 5222 1910 5289 Sicut
1938 5244 2024 5311 ergo
2052 5223 2258 5289 conceditur
2286 5226 2382 5308 quod
2413 5223 2509 5288 intel·

1032 5340 1143 5406 lectus
1161 5339 1306 5405 alicuius
1322 5338 1508 5428 cognoscit
1524 5340 1649 5419 Deum,
1667 5349 1783 5403 tamen
1809 5348 2010 5423 peractum
2035 5339 2252 5426 intelligendi
2277 5338 2336 5423 qui
2361 5360 2431 5405 non
2456 5350 2509 5404 est

1033 5456 1131 5522 Deus
1154 5476 1221 5521 nec
1245 5466 1389 5534 creator,
1415 5455 1478 5520 sed
1503 5464 1555 5520 est
1579 5456 1751 5540 quaedam
1776 5453 1964 5519 similitudo
1989 5454 2053 5520 Dei
2079 5454 2115 5519 in
2132 5454 2309 5520 intellectu
2326 5476 2388 5540 per
2404 5477 2508 5539 quam

1032 5572 1226 5639 intellectus
1254 5571 1332 5637 Deo
1350 5571 1496 5637 maxime
1514 5570 1731 5651 assimilatur,
1750 5609 1790 5616 -
1808 5571 2003 5636 secundum
2027 5570 2111 5635 illud
2127 5570 2259 5655 primae
2279 5570 2444 5636 Iohannis
2461 5573 2508 5655 (1)

874 4391 939 4446 cod.
952 4391 975 4445 P

844 4461 894 4515 fol.
906 4464 957 4517 157
967 4463 1010 4516 V²

1124 5856 1132 5888 ¹
1142 5855 1186 5909 bis
1199 5856 1232 5909 V.
1243 5886 1277 5895 -
1288 5854 1405 5909 ’tamen
1415 5855 1520 5908 adnv.
1530 5886 1562 5893 -
1573 5855 1584 5886 ³
1594 5853 1682 5909 etiam
1693 5854 1782 5908 modo
1791 5887 1823 5894 -
1833 5855 1977 5923 absolute]
1989 5871 2043 5907 om.
2055 5855 2085 5908 P.
2096 5886 2128 5893 -
2140 5857 2150 5886 ⁴
2160 5872 2216 5908 orn.
2228 5855 2258 5907 P.
2270 5887 2303 5895 —
2314 5856 2325 5885 ⁶
2335 5854 2384 5924 qui
2397 5855 2466 5908 add.
2477 5854 2508 5907 P.

1014 6027 1015 6030 Ὺ
1124 6065 1162 6129 u)
1176 6061 1228 6128 111,
1241 6065 1266 6115 2.
