6700 7992
1355 1387 1506 1442 PRIMUM
1535 1385 1834 1457 QUODLlBETUM‚
1860 1385 1896 1455 Q.
1920 1386 1974 1439 XX

1492 1896 1733 1979 Qunusuo
1759 1898 1834 1962 xx.

1123 2123 1267 2200 Utrum
1296 2121 1424 2197 alicui
1451 2121 1652 2197 accidenti
1679 2121 1890 2196 conveniat
1911 2129 1989 2220 per
2016 2128 2208 2197 naturam

1375 2256 1518 2331 habere
1546 2281 1628 2330 esse
1655 2255 1743 2329 sine
1770 2255 1954 2329 sudz'eclo.

1015 2613 1144 2678 Postea
1161 2611 1254 2677 circa
1270 2621 1429 2676 naturam
1454 2610 1707 2677 accidentalem
1732 2613 1964 2696 quaerebatur
1979 2633 2097 2691 unum,
2114 2609 2276 2677 videlicet
2292 2620 2406 2676 utrum

927 2726 1028 2793 alicui
1061 2725 1234 2792 accidenti
1266 2725 1453 2791 conveniat
1487 2746 1550 2811 per
1584 2736 1742 2791 naturam
1778 2727 1909 2791 habere
1940 2747 2019 2791 esse
2052 2725 2128 2791 sine
2160 2724 2330 2792 subiecto
2363 2724 2407 2791 Et

926 2844 1139 2931 arguebatur
1154 2842 1251 2927 quod
1266 2841 1408 2926 aliquod
1425 2841 1590 2907 accidens
1607 2863 1670 2927 per
1686 2853 1845 2906 naturam
1863 2841 1974 2927 possit
1991 2863 2070 2907 esse
2085 2843 2219 2928 absque
2235 2841 2406 2923 subiecto

926 2959 1008 3045 quia
1032 2957 1153 3025 relatio
1181 2956 1282 3023 realis
1311 2956 1346 3021 in
1378 2956 1544 3022 creaturis
1562 2967 1615 3024 est
1643 2979 1724 3024 vere
1752 2957 1928 3023 accidens.
1957 2958 2028 3024 Sed
2053 2957 2110 3022 illa
2134 2967 2187 3023 est
2212 2956 2288 3024 sine
2312 2957 2408 3024 omni

927 3074 1097 3154 subiecto,
1131 3073 1212 3159 quia
1248 3094 1320 3138 non
1352 3082 1468 3159 potest
1499 3095 1570 3138 esse
1602 3084 1639 3137 ut
1669 3073 1734 3137 in¹
1771 3072 1931 3139 subiecto
1967 3072 2003 3138 in
2039 3094 2082 3138 eo
2119 3074 2215 3158 quod
2251 3074 2407 3155 refertur,

925 3190 1007 3276 quia
1038 3189 1204 3255 accidens
1235 3189 1327 3254 reale
1359 3187 1514 3254 existens
1545 3188 1580 3252 in
1606 3188 1724 3273 aliquo
1756 3202 1793 3253 ut
1825 3187 1860 3253 in
1892 3187 2052 3254 subiecto
2085 3187 2408 3276 compositionem¹

829 3319 832 3323 ’
926 3306 1054 3372 realem
1071 3304 1153 3370 facit
1171 3325 1250 3370 cum
1267 3303 1336 3369 illo.
1350 3304 1422 3370 Sed
1436 3303 1569 3391 lignum
1585 3325 1657 3368 non
1674 3315 1728 3369 est
1744 3303 1972 3388 compositius
1990 3325 2032 3370 ex
2048 3325 2092 3370 eo
2108 3304 2203 3389 quod
2219 3314 2274 3371 est
2289 3305 2407 3370 album

927 3433 961 3488 et
984 3419 1105 3500 simile,
1130 3442 1235 3506 quam
1259 3440 1302 3485 ex
1326 3440 1369 3484 eo
1395 3420 1489 3504 quod
1514 3430 1567 3484 est
1585 3420 1702 3484 album
1727 3419 1850 3485 solum.
1875 3420 1994 3504 Quare
2010 3441 2088 3486 cum
2111 3419 2300 3487 similitudo
2326 3440 2407 3487 cum

928 3537 1008 3602 albo
1032 3536 1162 3601 nullam
1186 3535 1269 3601 facit
1292 3533 1613 3620 compositionem⁸
1636 3556 1710 3600 non
1729 3545 1847 3621 potest
1871 3556 1950 3601 esse
1973 3534 2009 3601 in
2034 3535 2092 3602 illo
2116 3547 2154 3601 ut
2177 3535 2212 3601 in
2237 3535 2407 3614 subiecto

928 3652 1046 3719 necin
1071 3672 1114 3718 eo
1132 3653 1177 3716 ad
1197 3651 1292 3736 quod
1311 3651 1465 3730 refertur,
1483 3649 1564 3735 quia
1580 3651 1663 3715 illud
1681 3652 1778 3736 quod
1796 3662 1849 3717 est
1865 3651 2033 3717 terminus
2052 3662 2215 3738 respectu
2231 3651 2408 3719 relationis

927 3790 1000 3835 non
1017 3777 1135 3854 potest
1152 3788 1232 3833 esse
1248 3767 1445 3832 subiectum
1463 3765 1631 3832 eiusdem.
1650 3766 1769 3850 Quare
1786 3779 1821 3832 et
1837 3778 1963 3833 cetera.

1019 3884 1160 3949 Contra.
1186 3871 1494 3966 Quandocumque
1518 3881 1648 3966 aliquid
1673 3882 1839 3949 convenit
1862 3882 1965 3949 alicui
1988 3906 2052 3971 per
2074 3873 2243 3968 naturam,
2271 3898 2408 3954 contra·

928 3998 1015 4064 rium
1032 4020 1104 4064 non
1121 4008 1239 4083 potest
1255 3998 1287 4064 ei
1312 4008 1512 4083 competere
1536 4018 1599 4082 per
1622 4008 1791 4064 naturam.
1810 3999 1881 4065 Sed
1900 4001 2004 4084 [cum]
2023 4001 2196 4068 accidenti
2212 4005 2407 4070 seeundum

928 4115 1023 4200 quod
1040 4114 1206 4180 accidens
1230 4136 1294 4200 per
1310 4125 1469 4179 naturam
1487 4113 1653 4179 convenit
1677 4135 1756 4180 esse
1779 4114 1815 4179 in
1839 4114 2009 4196 subiect0,
2027 4137 2071 4182 eo
2095 4117 2191 4202 quod
2212 4119 2408 4185 secundum

929 4230 1182 4316 Philosophum
1200 4232 1246 4313 (1)
1272 4228 1464 4296 accidentis
1488 4250 1568 4295 esse
1592 4239 1645 4295 est
1668 4228 1795 4295 inesse.
1821 4230 1940 4313 Quare
1964 4241 1998 4297 et
2021 4241 2147 4298 cetera.

1019 4347 1233 4432 Respondeo
1262 4344 1450 4411 dicendum
1475 4345 1581 4428 quod,
1607 4365 1687 4410 cum
1712 4366 1775 4410 ens
1799 4345 1910 4431 primo
1934 4358 1969 4413 et
1995 4369 2058 4433 per
2081 4369 2120 4414 se
2148 4348 2350 4416 dividatur⁴
2372 4350 2408 4416 in

929 4483 992 4528 ens
1020 4462 1217 4528 secundum
1244 4460 1414 4526 rationem
1443 4459 1585 4526 essendi
1612 4460 1839 4525 absolutam⁶
1865 4461 1995 4528 dictum
2024 4473 2062 4529 ut
2085 4464 2290 4546 substantia,
2314 4475 2349 4532 et
2371 4465 2407 4531 in

929 4600 992 4644 ens
1022 4578 1218 4644 secundum
1246 4576 1417 4642 rationem
1449 4575 1590 4642 essendi
1614 4576 1659 4640 ad
1683 4575 1777 4640 aliud
1801 4576 2000 4643 attributum
2034 4588 2071 4644 ut
2103 4579 2280 4662 accidens
2312 4581 2407 4666 quod

929 4705 982 4760 est
1016 4697 1021 4778 Ι
1056 4715 1129 4758 non
1157 4714 1231 4774 ens,
1259 4691 1327 4757 nisi
1351 4691 1432 4776 quia
1458 4691 1547 4756 entis
1575 4692 1670 4775 quod
1695 4702 1747 4756 est
1770 4692 1965 4758 substantia
1990 4693 2185 4780 dispositi0,
2211 4696 2406 4762 secundum

929 4808 1181 4894 Philosophum
1199 4813 1246 4894 (2)
1274 4807 1423 4893 septimo
1448 4805 1719 4892 Metaphysicae,
1748 4806 1794 4871 ita
1821 4808 1917 4892 quod
1944 4810 2074 4876 habere
2101 4810 2279 4877 entitatem
2307 4834 2406 4899 sepa·

928 4935 1038 4990 ratam
1066 4936 1100 4990 et
1124 4924 1295 4990 rationem
1327 4922 1468 4989 essendi
1499 4943 1572 4987 non
1603 4921 1638 4986 in
1673 4921 1834 4988 subiecto
1870 4934 1923 4988 est
1957 4925 2087 4991 habere
2122 4925 2293 4993 rationem
2327 4929 2408 4994 sub·

928 5039 1087 5120 stantiae,
1103 5038 1186 5105 hinc
1203 5050 1257 5105 est
1274 5038 1287 5073 ⁰
1314 5039 1409 5124 quod
1433 5058 1566 5123 ponere
1592 5035 1734 5122 aliquod
1761 5059 1824 5103 ens
1845 5038 1982 5105 realiter
1997 5038 2073 5106 sine
2089 5041 2230 5127 propria
2253 5043 2408 5109 realitate

930 5157 974 5222 ab
1001 5155 1068 5222 alio
1097 5155 1298 5221 distinctum
1325 5164 1359 5219 et
1387 5175 1459 5219 non
1486 5153 1521 5217 in
1550 5152 1618 5218 alio
1646 5152 1800 5219 existens
1828 5155 2023 5220 secundum
2051 5167 2209 5222 naturam
2233 5179 2332 5223 suam
2356 5169 2410 5225 est

1022 5495 1083 5547 'ut
1101 5493 1141 5563 in]
1161 5492 1203 5546 uti
1221 5492 1253 5560 P,
1272 5499 1305 5546 ut
1323 5490 1352 5544 in
1371 5490 1506 5545 subiecto
1524 5491 1628 5563 scrips.
1647 5509 1748 5564 marg.
1771 5492 1802 5547 P.
1823 5525 1856 5532 —
1876 5492 1887 5524 ¹
1907 5493 2110 5564 operationem
2134 5495 2165 5548 P.
2185 5526 2218 5535 -—
2237 5496 2249 5528 ⁸
2267 5512 2334 5551 cum
2357 5496 2409 5551 illo

931 5613 965 5622 -
985 5580 1241 5652 compositionem]
1261 5578 1465 5651 operationem
1484 5578 1515 5633 P.
1529 5610 1562 5618 -
1583 5578 1746 5633 ‘dividitur
1764 5579 1796 5634 P.
1816 5611 1849 5619 -
1870 5580 2065 5635 ‘absolutum
2085 5582 2116 5636 P.
2129 5612 2163 5622 -
2183 5583 2259 5637 ‘ens
2277 5582 2308 5638 P.

1020 5821 1060 5885 (1)
1081 5817 1127 5873 Cf.
1146 5817 1362 5872 Aristotelis
1383 5816 1609 5888 Metaphysicae‚
1628 5816 1645 5870 l.
1665 5817 1714 5885 lV,
1734 5835 1759 5871 c.
1778 5820 1834 5883 30;
1853 5818 1870 5872 l.
1890 5818 1939 5884 Vl,
1958 5835 1982 5872 c
1999 5822 2094 5874 leta
2114 5852 2148 5860 -
2166 5825 2206 5888 (2)
2225 5820 2310 5890 Iba„
2329 5823 2410 5892 tvl,

931 5922 957 5960 o
978 5909 991 5960 l
1013 5906 1083 5973 (vol.
1103 5906 1139 5974 11,
1158 5924 1186 5977 p.
1208 5908 1296 5972 1028).
1315 5909 1353 5962 Τὰ
1373 5905 1467 5961 aalma
1487 5905 1592 5980 λέγεται
1611 5904 1675 5961 ὄντα
1695 5915 1734 5979 τῷ
1751 5913 1799 5962 τοῦ
1816 5908 1902 5970 οὕτως
1919 5906 1995 5971 ὄντος
2012 5913 2045 5965 τὰ
2064 5912 2111 5981 μὲν
2128 5912 2279 5983 ποσότητας
2291 5915 2364 5980 εἶναι,
2376 5918 2410 5972 τὰ

931 5989 960 6047 δὲ
977 5989 1132 6059 ποιότητας,
1151 5991 1184 6044 τὰ
1202 5990 1230 6045 δὲ
1248 5989 1330 6058 πάθη,
1347 5991 1380 6044 τὰ
1397 5989 1426 6044 δὲ
1442 5988 1509 6044 ἀλλο
1525 6009 1550 6044 τι
1565 5995 1694 6047 τοιοῦτον.

2460 4694 2526 4750 cod
2536 4695 2570 4750 V.

2434 4764 2600 4821 folmovb
