6700 7992
1205 1408 1401 1480 QUARTUM
1430 1407 1731 1480 QUODLIBETUM,
1758 1408 1803 1480 Q.-
1824 1408 1893 1463 XIV
2234 1412 2282 1462 341

804 1587 897 1643 debet
927 1586 991 1642 eius
1032 1585 1307 1642 determinationem
1346 1585 1503 1654 dimittere,
1534 1584 1623 1641 immo
1660 1585 1756 1658 magis
1791 1567 1946 1642 'assumere
1988 1585 2026 1641 ad
2067 1585 2287 1642 defendendum

805 1683 961 1737 veritatem
987 1690 1089 1738 contra
1120 1681 1353 1737 contradictores
1383 1680 1467 1736 tales
1498 1681 1623 1754 Propter
1648 1689 1747 1737 tamen
1775 1681 1946 1737 scandalum
1971 1681 2144 1754 pusillorum
2175 1683 2225 1755 qui
2256 1682 2286 1737 in

801 1779 849 1834 eis
861 1795 937 1850 quae
950 1789 1018 1833 sunt
1036 1777 1107 1833 fidei
1126 1777 1262 1834 videntes
1281 1778 1429 1848 magnos¹
1449 1785 1478 1832 et
1497 1794 1623 1850 magnae
1643 1776 1827 1832 auctoritatis
1846 1777 1985 1833 doctores
2004 1777 2061 1832 sibi
2081 1777 2286 1834 contradicere

803 1883 929 1948 possent
955 1873 1083 1929 titubare
1109 1872 1139 1928 in
1167 1873 1211 1929 eis
1239 1889 1315 1945 quae
1344 1881 1412 1928 sunt
1440 1872 1555 1927 moris⁸
1585 1873 1631 1928 vel
1661 1872 1731 1928 fidei
1751 1873 1771 1941 ⁸,
1799 1872 1837 1928 ad
1865 1881 1982 1946 tempus
2006 1882 2107 1946 potest
2134 1873 2286 1930 intermitti

804 1987 862 2024 nec
880 1970 982 2043 recipi.

894 2067 930 2121 Et
943 2065 1011 2121 talis
1023 2064 1158 2138 quaestio
1172 2074 1216 2120 est
1230 2068 1240 2097 ¹
1259 2083 1313 2137 pro
1328 2082 1385 2136 qua
1404 2064 1590 2137 propositum
1608 2064 1665 2119 tuit
1683 2063 1771 2133 istud,
1784 2064 1898 2120 scilicet
1917 2066 2051 2137 quaestio
2065 2065 2103 2120 de
2122 2064 2286 2137 privilegiis

803 2161 934 2229 fratrum,
957 2161 1035 2234 quia,
1053 2161 1130 2217 sicut
1161 2160 1234 2215 alias
1264 2160 1423 2228 declaravi,
1453 2178 1512 2215 non
1544 2169 1589 2215 est
1620 2159 1749 2232 litigiosa
1775 2160 1870 2232 primo
1898 2161 1996 2228 modo,
2026 2161 2096 2216 licet
2122 2160 2160 2215 sit
2185 2161 2284 2233 aliquo

804 2257 919 2313 mod0¹
937 2256 1067 2330 litigiosa
1091 2259 1223 2314 secundo
1248 2256 1347 2311 modo.
1373 2257 1411 2311 Et
1435 2255 1474 2311 de
1499 2257 1555 2311 hac
1580 2255 1758 2311 videbantur
1781 2256 1906 2328 praelati
1922 2259 1961 2324 (1)
1987 2255 2140 2312 intendere
2165 2255 2284 2329 quando

803 2352 859 2408 fuit
889 2352 1055 2408 ordinatum
1080 2351 1161 2424 quod
1186 2351 1318 2424 magistri
1343 2368 1402 2407 non
1434 2352 1600 2424 reciperent
1631 2351 1822 2423 quaestiones
1852 2350 2005 2424 litigiosas.
2034 2353 2094 2407 Sed
2125 2351 2149 2407 si
2181 2351 2286 2408 fuisset

779 2508 782 2513 .
803 2450 932 2521 positum
955 2449 1121 2521 exemplum
1144 2448 1181 2503 de
1203 2447 1269 2515 ista,
1291 2446 1395 2502 fuisset
1414 2446 1512 2502 statim
1532 2448 1748 2503 contradictum
1771 2448 1809 2502 ab
1831 2447 1987 2519 aliquibus.
2012 2449 2099 2504 Unde
2118 2456 2149 2503 et
2170 2448 2212 2502 illi
2234 2449 2284 2521 qui

800 2561 869 2599 eam
894 2552 1070 2616 receperunt
1093 2552 1217 2616 propter
1234 2543 1390 2598 utilitatem
1416 2544 1479 2598 eius
1504 2552 1537 2599 ut
1556 2542 1652 2616 magis
1670 2542 1886 2612 manifestetur,
1911 2545 1987 2598 bene
2016 2544 2158 2599 iecerunt
2178 2545 2215 2599 Et
2242 2545 2283 2600 illi

803 2640 854 2712 qui
886 2640 1041 2695 credentes
1072 2640 1182 2712 quod⁸
1213 2640 1250 2694 de
1281 2639 1331 2693 illa
1365 2639 1603 2694 intendebatur¹
1634 2639 1753 2711 quando
1784 2639 1839 2695 fuit
1871 2640 2083 2695 concordatum
2115 2640 2194 2712 quod
2224 2657 2284 2695 non

803 2735 1005 2808 reciperentur
1024 2735 1214 2807 quaestiones
1235 2734 1392 2807 litigiosae,
1414 2752 1473 2790 non
1498 2743 1675 2806 receperunt
1697 2753 1771 2801 eam,
1797 2743 1865 2790 sunt
1884 2736 1982 2807 aliquo
2008 2735 2098 2791 modo
2118 2735 2250 2791 excusati
2265 2737 2283 2790 ⁸.

893 2831 950 2886 Per
967 2832 1024 2886 boc
1043 2838 1126 2903 patet
1145 2831 1183 2886 ad
1202 2830 1328 2885 obiecta.

1344 3196 1611 3268 Quaasmo
1648 3197 1738 3251 xiv

1464 3345 1628 3403 mauvis).

803 3538 915 3595 Utrum
944 3536 1112 3591 exanrinati
1137 3540 1165 3590 et
1192 3536 1354 3617 approbati
1378 3554 1399 3590 a
1426 3537 1515 3591 certis
1538 3538 1678 3608 personis
1695 3537 1832 3591 habentes
1861 3555 1896 3592 ex
1922 3537 2081 3610 prim'legio
2103 3541 2281 3610 potestatem

833 3632 1037 3705 praedicandi
1061 3636 1131 3704 post
1160 3632 1248 3686 talem
1279 3632 1525 3704 approbationem
1553 3632 1678 3686 debeant
1708 3632 1745 3686 ab
1774 3633 1942 3688 ordinariis
1969 3634 2065 3705 recipi
2078 3634 2133 3699 ,ad
2157 3634 2281 3706 praedi·

837 3729 967 3783 candum
987 3728 1050 3782 nisi
1067 3729 1191 3782 doceant
1207 3745 1238 3782 se
1255 3728 1299 3782 sic
1317 3729 1505 3782 examinatos
1517 3731 1566 3795 (Ξ).

905 3986 909 4050 Ι
932 3982 983 4050 Ad
1014 3981 1176 4036 secundum
1206 3981 1251 4036 sic
1281 3980 1460 4053 proceditur,
1489 3989 1519 4036 et
1549 3981 1682 4053 arguitur
1713 3982 1792 4054 quod
1823 3983 1891 4038 talis
1920 3984 2080 4038 teneatur⁸
2110 3983 2218 4039 docere
2244 3984 2281 4039 de
2312 3948 2466 4074 [Οῗοὲιξμ

799 4077 1017 4150 approbatione
1045 4093 1106 4131 sua.
1130 4075 1208 4148 Quia
1236 4075 1343 4131 dicitur
1370 4076 1469 4142 Extra,
1497 4077 1535 4132 de
1560 4075 1661 4132 officio
1687 4077 1793 4132 iudicis
1818 4077 1949 4150 delegati
1974 4078 2049 4134 Cum
2064 4079 2086 4111 ¹⁰
2112 4078 2142 4134 in
2163 4079 2226 4134 iure
2240 4082 2280 4148 (3)

803 4172 968 4246 quodcum
988 4171 1094 4244 aliquis
1113 4171 1201 4226 iudex
1223 4172 1344 4227 mandat
1362 4171 1411 4227 vel
1432 4171 1577 4245 praecipit
1595 4171 1744 4228 sacerdoti
1766 4172 1854 4229 alicui
1877 4173 1957 4246 quod
1982 4173 2135 4230 denuntiet
2151 4174 2281 4247 'aliquem

799 4267 1096 4336 excommunicatum,
1127 4267 1208 4340 quod
1237 4267 1379 4323 sacerdos
1408 4285 1468 4322 non
1499 4275 1615 4323 tenetur
1645 4268 1703 4323 hoc
1731 4267 1831 4324 facere
1858 4268 1915 4324 nisi
1939 4269 1996 4324 sibi
2015 4270 2180 4326 constiterit
2195 4272 2215 4304 ¹¹
2243 4270 2281 4326 de

799 4363 941 4420 mandato
961 4364 1137 4419 auctoritate
1157 4364 1240 4419 cuius
1259 4363 1331 4419 dicit
1349 4381 1382 4418 se
1401 4364 1458 4418 hoc
1473 4363 1495 4396 ¹⁸
1512 4362 1662 4419 mandare.
1681 4364 1760 4437 Ergo
1779 4364 1913 4420 similiter
1932 4373 1962 4420 et
1976 4366 1997 4399 ¹⁸
2015 4365 2045 4420 in
2063 4365 2227 4439 proposito.

890 4459 1001 4515 Contra
1014 4462 1034 4493 ¹¹
1053 4467 1100 4515 est
1119 4459 1303 4514 consuetudo
1322 4459 1486 4514 communis
1505 4476 1563 4531 qua
1582 4458 1657 4514 tales
1675 4458 1740 4515 sine
1759 4459 1811 4515 tali
1829 4460 2041 4517 certificatione
2054 4462 2075 4494 ¹⁸
2091 4460 2280 4535 recipiuntur.

888 4554 1068 4628 Respondeo
1087 4554 1244 4610 dicendum
1264 4554 1345 4627 quod
1364 4553 1431 4610 talis
1450 4553 1493 4610 sic
1511 4554 1700 4627 recipiendus
1722 4563 1773 4611 aut
1797 4564 1843 4611 est
1867 4573 1995 4629 persona
2018 4565 2089 4613 nota
2114 4566 2145 4613 et
2171 4557 2280 4631 gravis,

799 4651 892 4707 etsie
916 4651 1004 4707 decet
1028 4651 1108 4723 quod
1133 4650 1293 4724 recipiatur
1316 4651 1379 4706 sine
1399 4650 1451 4705 tali
1470 4649 1684 4706 certificatione
1699 4651 1720 4683 ¹⁸
1747 4659 1777 4706 et
1795 4658 1895 4724 potest
1916 4652 2008 4725 recipi
2027 4653 2163 4726 exemplo
2182 4670 2279 4726 papae

799 4747 999 4820 amragesima
1016 4747 1144 4819 septima
1159 4748 1180 4780 ¹¹
1192 4745 1390 4814 distinctione,
1403 4745 1611 4801 Nobilissimus
1623 4749 1672 4815 (4).
1691 4747 1752 4802 Sed
1771 4763 1830 4802 non
1848 4755 1895 4802 est
1912 4747 1951 4803 de
1968 4747 2032 4803 iure
2050 4749 2171 4823 scripto,
2181 4749 2280 4815 immo,

798 4851 832 4899 ut
860 4842 967 4898 dicitur
994 4842 1044 4911 ibi,
1072 4842 1121 4898 ille
1151 4842 1207 4897 fuit
1233 4849 1372 4915 receptus
1399 4859 1436 4897 ex
1459 4841 1554 4913 gratia
1582 4841 1646 4897 sine
1670 4841 1784 4910 litteris,
1803 4850 1834 4898 et
1860 4842 1930 4899 ideo
1950 4861 2009 4899 non
2036 4852 2082 4900 est
2105 4844 2279 4902 trahendum

799 4938 829 4994 in
855 4937 1107 5011 consequentiam.
1126 4938 1158 4993 Si
1183 4946 1282 4994 autem
1306 4938 1346 4992 sit
1368 4936 1537 5010 incognitus
1552 4937 1581 5005 ¹⁸,
1601 4936 1692 4992 debet
1710 4937 1820 4993 docere
1844 4937 1883 4993 de
1906 4955 1943 4994 eo
1966 4939 2047 5011 quod
2071 4940 2185 5006 asserit,
2203 4940 2280 4998 sicut

797 5041 882 5106 patet
906 5033 1132 5106 quadragesima
1159 5033 1291 5089 secunda
1309 5032 1508 5102 distinctione,
1536 5033 1732 5106 Quiescamus
1745 5036 1785 5102 (b)
1813 5034 1864 5090 ubi
1890 5033 1997 5090 dicitur
2015 5036 2096 5107 quod
2124 5035 2227 5092 dicens
2245 5053 2279 5093 se

889 5302 1070 5374 ¹magistros
1089 5301 1122 5357 C.
1142 5334 1176 5342 -
1196 5302 1333 5356 ⁸morum
1353 5300 1386 5356 C.
1406 5332 1440 5341 -
1459 5300 1550 5356 ⁸ideo
1570 5300 1693 5356 adase.
1713 5333 1746 5342 —
1767 5305 1777 5334 ¹
1796 5301 1930 5373 quaestio
1949 5304 2005 5374 est]
2025 5311 2071 5359 est
2089 5303 2223 5376 quaestio
2244 5304 2277 5360 C.

798 5420 833 5430 —
847 5391 858 5422 ⁸
871 5388 969 5460 aliquo
988 5389 1087 5458 modo]
1108 5387 1274 5461 aliqualiter
1293 5388 1326 5444 C.
1349 5420 1381 5428 -
1401 5388 1571 5460 ⁸quaedam
1590 5387 1623 5443 C.
1643 5420 1677 5428 -
1698 5388 1914 5444 ¹intendebant
1932 5389 1966 5446 C.
1986 5422 2019 5431 -
2039 5392 2092 5447 ⁸et
2110 5393 2179 5448 add.
2197 5392 2230 5449 C.
2243 5425 2278 5435 -

798 5477 978 5531 ⁸tenebatur
992 5475 1024 5531 C.
1045 5508 1078 5516 -
1099 5477 1121 5508 ¹⁰
1133 5475 1196 5530 sive
1215 5475 1248 5532 C.
1263 5507 1296 5516 -
1318 5477 1338 5509 ¹¹
1351 5475 1482 5531 constitit
1502 5475 1535 5532 C.
1548 5508 1582 5516 -
1604 5477 1625 5509 ¹⁸
1637 5494 1693 5530 om.
1714 5476 1747 5533 C.
1760 5508 1795 5517 ·-
1810 5477 1832 5510 ¹⁸
1843 5477 1976 5533 similiter
1989 5481 2028 5548 et]
2048 5486 2078 5534 et
2096 5479 2230 5535 similiter
2244 5480 2277 5537 C.

798 5595 831 5604 -
855 5566 875 5597 ¹¹
894 5564 923 5618 in
942 5564 1120 5619 contrarium
1140 5562 1173 5618 C.
1193 5595 1227 5604 -
1248 5565 1270 5596 ¹⁸
1281 5580 1340 5618 non
1359 5564 1428 5618 add.
1449 5563 1481 5619 C.
1501 5595 1535 5604 —
1557 5565 1578 5596 ¹⁸
1590 5564 1766 5619 certitudine
1786 5563 1819 5620 C.
1833 5596 1866 5605 —
1888 5566 1909 5597 ¹¹
1928 5567 2125 5640 nonagesima
2139 5568 2276 5641 septima]

792 5652 981 5723 octogesima
1000 5652 1088 5706 tertia
1106 5651 1186 5707 SPC.
1207 5683 1240 5691 -
1255 5650 1277 5685 ¹⁸
1289 5650 1426 5724 cognitus
1445 5650 1484 5720 S;
1503 5650 1532 5706 in
1551 5656 1622 5707 ante
1639 5651 1777 5725 cognitus
1796 5653 1866 5707 add.
1885 5666 1921 5706 aa
1940 5672 1978 5709 m.
1991 5654 2021 5708 S.

886 5856 926 5922 (1)
946 5852 1006 5909 cn.
1027 5872 1056 5926 p.
1074 5857 1136 5922 276,
1154 5870 1183 5908 n.
1196 5856 1244 5922 (a).
1263 5885 1298 5895 -
1317 5857 1357 5922 (a)
1378 5851 1438 5909 err.
1457 5871 1507 5926 pp.
1526 5856 1653 5910 arr-urs.
1672 5886 1706 5895 -
1725 5857 1766 5924 (3)
1785 5853 1846 5910 err.
1864 5873 1892 5927 p.
1912 5858 1973 5925 277,
1991 5874 2019 5912 n.
2033 5860 2081 5926 (1).
2100 5889 2135 5898 -
2155 5861 2195 5927 (4)
2215 5858 2276 5916 cfr.

796 5958 825 6013 p.
844 5944 905 6009 278,
923 5959 951 5996 n.
965 5944 1014 6011 (1).
1035 5973 1068 5982 -
1088 5944 1129 6010 (5)
1143 5941 1204 5998 cfr.
1224 5959 1253 6014 p.
1271 5943 1333 6010 277,
1351 5959 1378 5996 n.
1399 5945 1447 6011 (2).
2150 6020 2187 6073 44
