6700 7992
1244 1416 1419 1473 TERTIUM
1449 1417 1748 1488 QUODLIBETUM,
1777 1417 1813 1488 Q.
1841 1416 1896 1472 Vll
2258 1420 2311 1475 2l5

831 1624 936 1683 anno,
960 1612 1066 1688 prout
1091 1600 1253 1688 generale
1286 1596 1643 1694 Conciliumstatuit,
1672 1597 1897 1663 nibilominus
1929 1608 2114 1664 teneantur
2146 1598 2311 1686 quodque

833 1716 966 1785 iidem¹
994 1717 1118 1782 fratres
1149 1736 1210 1780 eos
1238 1715 1283 1779 ad
1316 1716 1385 1779 hoc
1413 1713 1597 1799 diligenter
1624 1724 1657 1778 et
1685 1713 1871 1779 ellicaciter
1895 1713 2089 1785 secundum
2118 1714 2233 1781 datam
2261 1712 2312 1782 eis

833 1856 854 1899 a
881 1831 1034 1900 Domino
1063 1830 1208 1919 gratiam
1237 1829 1487 1896 exlrortentur²
1511 1832 1568 1911 (1),
1594 1868 1634 1875 —
1659 1840 1819 1894 teneatur
1842 1830 1965 1895 eadem
1993 1838 2140 1915 peccata
2166 1852 2312 1898 numero

834 1950 903 2016 iarn
952 1947 1096 2013 habenti
1142 1946 1269 2012 dictam
1313 1955 1521 2031 potestatem
1569 1946 1735 2010 confessa
1783 1944 1923 2030 proprio
1970 1945 2145 2012 sacerdoti
2191 1945 2313 2013 iterum

835 2063 1003 2132 confiteri.
1029 2062 1232 2129 Secundum
1257 2072 1309 2127 est
1334 2082 1375 2125 ex
1405 2072 1501 2146 parte
1526 2060 1741 2125 confessoris
1766 2059 1892 2126 dictam
1918 2071 2125 2145 [reitestatem
2141 2061 2313 2144 habentia,

834 2193 869 2247 et
892 2189 946 2246 est
962 2192 1075 2245 utrum
1091 2179 1226 2243 habens
1243 2177 1344 2242 talem
1371 2186 1576 2262 potestatem
1595 2176 1705 2261 possit
1721 2177 1903 2241 als-oluere
1921 2176 1954 2241 in
1972 2176 2112 2243 casibus
2139 2176 2315 2266 episcopia

836 2299 880 2363 de
903 2296 977 2362 iure
1002 2306 1036 2360 et
1059 2293 1317 2362 consuetudine
1341 2303 1375 2359 et
1400 2292 1593 2357 retentione
1618 2291 1814 2358 reservatis.

926 2412 984 2477 Ad
1031 2409 1179 2496 primurn
1218 2409 1362 2474 istorum
1401 2407 1451 2473 sic
1491 2408 1767 2492 procedebatur3
1808 2420 1841 2473 et
1881 2410 2093 2494 arguebatur
2131 2410 2226 2495 quod
2265 2407 2316 2480 sic

839 2529 1025 2596 confessus
1057 2547 1129 2591 non
1153 2536 1313 2592 teneatur
1337 2524 1459 2590 iterum
1484 2523 1641 2589 confiteri
1671 2523 1779 2608 prima
1804 2525 1850 2589 ud
1877 2525 1906 2589 T
1909 2523 2235 2593 lressalonicenses⁸
2258 2530 2315 2613 (2),

838 2644 1003 2733 septimo„
1023 2664 1129 2728 super
1146 2641 1251 2706 illud:
1277 2640 1394 2706 omnia
1417 2642 1564 2725 probate
1591 2652 1625 2705 et
1648 2652 1774 2719 cetera,
1801 2642 1929 2706 Glossa
1947 2645 2018 2723 llll:
2044 2641 2176 2708 scilicet
2200 2643 2318 2711 omnia

839 2761 1044 2847 probanda3
1070 2736 1164 2824 certa
1188 2757 1279 2822 enim
1297 2756 1517 2821 discussione
1534 2778 1606 2821 non
1631 2755 1798 2844 indigent.
1827 2757 1916 2844 Ergo
1942 2757 2044 2823 etiam
2062 2781 2131 2825 non
2157 2760 2318 2827 obstante

837 2877 933 2964 quod
956 2875 1079 2941 virtute
1095 2872 1213 2938 statuti
1238 2871 1411 2960 generalis
1431 2871 1580 2938 Concilii
1598 2874 1783 2937 consessus
1802 2872 1943 2938 habenti
1961 2872 2087 2939 dictam
2109 2884 2318 2960 potestatem

840 3005 1001 3060 teneatur
1035 2990 1157 3055 iterum
1192 3010 1258 3054 suo
1294 2987 1469 3054 sacerdoti
1503 2988 1660 3053 confiteri
1693 2987 1809 3053 omnia
1838 2999 1983 3074 peccata
2014 3012 2088 3070 sua,
2122 2992 2191 3057 hoc
2225 2988 2320 3059 intel·

841 3109 1023 3197 ligendum
1048 3108 1093 3171 de
1128 3105 1194 3171 illis
1218 3127 1309 3190 quae
1333 3119 1414 3169 sunt
1444 3103 1646 3170 confitenda
1680 3103 1752 3168 sive
1778 3125 1867 3189 quae
1901 3104 2127 3173 confessione
2152 3104 2320 3196 indigent.

842 3225 915 3292 Sed
953 3222 1010 3288 illa
1044 3243 1135 3307 quae
1170 3221 1237 3285 iam
1274 3222 1460 3285 consessus
1497 3232 1549 3284 est
1584 3219 1635 3284 sic
1670 3219 1853 3305 privilegio
1889 3242 1960 3286 non
1997 3233 2078 3287 sunt
2108 3220 2322 3290 huiusmodit

841 3342 930 3407 Nam
966 3338 1055 3405 sicut
1090 3348 1184 3402 certa
1219 3358 1290 3401 non
1323 3336 1481 3423 indigent
1517 3334 1748 3414 discussione,
1784 3335 1831 3401 ita
1863 3337 2027 3403 consessa
2059 3359 2128 3403 non
2163 3336 2322 3429 indigent

844 3455 1079 3523 consessione.
1105 3454 1223 3537 Quare
1248 3462 1282 3517 et
1306 3465 1431 3517 cetera.

934 3569 1156 3637 Contrarium
1188 3571 1192 3653 Ι
1228 3568 1393 3656 arguitur,
1433 3580 1467 3632 et
1510 3569 1763 3633 ostendebatur
1801 3570 1897 3653 (ruod
1936 3568 1987 3635 sic
2026 3571 2210 3637 confessus
2250 3594 2322 3638 nun
2379 3571 2484 3629 codv

845 3698 989 3775 propter
1023 3686 1199 3752 desectum
1234 3682 1442 3750 sacramenti
1478 3682 1552 3749 sive
1587 3694 1687 3749 actus
1722 3683 1920 3751 confitentis
1952 3684 1986 3750 in
2019 3686 2221 3753 confitendo
2250 3684 2323 3755 sive
2350 3643 2517 3702 ww

845 3801 1060 3871 confessoris
1084 3801 1119 3866 in
1151 3790 1380 3879 absolvendo,
1404 3799 1468 3865 sed
1504 3809 1645 3885 propter
1668 3799 1736 3864 vim
1768 3799 1993 3885 obligationis
2024 3800 2268 3888 praecedentis
2292 3815 2327 3871 et

846 3920 883 3986 in
919 3919 1045 3985 robore
1084 3939 1150 3983 suo
1189 3937 1261 3982 non
1299 3917 1461 3981 obstante
1506 3914 1706 3981 huiusmodi
1754 3916 1979 3983 consessione
2026 3929 2060 3985 et
2107 3917 2326 3987 absolutione

846 4037 1060 4103 remanentis
1074 4033 1096 4113 ⁴,
1120 4044 1280 4098 teneatur
1302 4031 1424 4097 iterum
1454 4032 1576 4097 eadem
1603 4030 1770 4113 confiteri,
1788 4033 1951 4118 quoniam
1977 4056 2048 4100 non
2073 4033 2187 4101 minus
2212 4045 2328 4123 potest

848 4151 926 4239 quis
950 4149 1137 4217 efficaciter
1160 4146 1305 4235 obligari
1325 4169 1366 4212 ex
1384 4157 1513 4212 statuto
1538 4159 1572 4212 et
1595 4158 1785 4234 praecepto
1814 4148 1994 4217 Ecclesiae
2019 4148 2062 4216 ad
2087 4150 2326 4219 confitendum

850 4267 953 4333 alicui
987 4278 1022 4332 et
1052 4264 1162 4332 teneri
1191 4264 1236 4329 illi
1268 4263 1427 4329 confiteri
1459 4263 1592 4328 ratione
1627 4263 1731 4328 huius
1767 4264 2002 4352 obligationis,
2035 4287 2139 4352 quam
2171 4290 2212 4334 ex
2245 4280 2327 4335 voto

849 4383 1001 4471 proprio.
1037 4382 1110 4448 Sed
1145 4380 1269 4465 aliquis
1302 4392 1417 4466 potest
1449 4400 1488 4444 se
1523 4379 1574 4445 sic
1609 4379 1767 4468 obligare
1802 4402 1845 4446 ex
1885 4394 1968 4449 voto
2008 4382 2053 4449 ad
2088 4385 2327 4452 confitendum

851 4498 965 4579 alicui,
993 4496 1215 4583 quodetiam
1240 4518 1319 4561 curn
1350 4495 1412 4561 rite
1437 4496 1624 4561 confessus
1649 4508 1683 4562 et
1717 4497 1898 4563 absolutus
1923 4510 1976 4564 est
2000 4500 2044 4565 ab
2072 4499 2150 4581 alio,
2174 4512 2330 4569 remanet

854 4615 1030 4704 obligatus
1054 4614 1098 4678 ad
1123 4613 1362 4678 confitendum
1396 4611 1517 4677 iterum
1543 4612 1666 4677 eadem
1692 4612 1737 4677 illi
1762 4613 1818 4679 cui
1843 4613 1894 4681 sic
1917 4636 1955 4681 se
1981 4615 2151 4705 obligavit
2166 4615 2185 4682 ⁶.
2212 4618 2330 4703 Quare

852 4730 955 4799 etiam
979 4751 1021 4797 ex
1045 4740 1175 4795 statuto
1198 4740 1233 4794 et
1258 4739 1447 4813 praecepto
1471 4727 1653 4794 Ecclesiae
1678 4729 1804 4814 poterit
1829 4728 1952 4815 aliquis
1976 4729 2027 4798 sic
2052 4754 2131 4799 esse
2156 4732 2331 4823 obligatus

850 4848 896 4914 ad
940 4845 1178 4913 confitendum
1226 4844 1339 4919 alicui,
1386 4845 1481 4928 (ruod
1529 4865 1599 4908 non
1647 4845 1810 4910 obstante
1858 4846 1950 4930 quod
1996 4848 2189 4915 voluntarie
2235 4847 2331 4917 alteri

852 4963 1069 5042 confiteatur,
1103 4973 1221 5026 tamen
1256 4960 1302 5024 illi
1338 4960 1514 5026 tenebitur
1553 4959 1677 5026 virtute
1713 4962 1913 5047 praedictae
1945 4960 2169 5053 obligationis
2209 4965 2331 5033 eadem

944 5278 954 5308 ¹
972 5274 1111 5347 quodque
1131 5273 1232 5341 iidem]
1253 5271 1519 5343 quotienscumrure
1540 5274 1568 5325 in
1590 5272 1622 5323 Υ.
1645 5304 1675 5311 -
1698 5274 1708 5304 '²
1721 5284 1895 5329 exercentur
1917 5276 1948 5330 V.
1971 5310 2000 5317 -.
2022 5280 2033 5311 ³
2052 5278 2108 5333 10ss
2126 5278 2159 5334 v,
2174 5312 2204 5321 .ss
2220 5283 2229 5314 ι
2243 5298 2334 5337 ΝΜ,

855 5374 961 5419 nentes
979 5363 1013 5417 V.
1032 5394 1065 5402 -
1079 5363 1089 5392 ³
1102 5360 1236 5430 obligant
1256 5359 1289 5412 V.

943 5600 982 5661 (li
1002 5595 1066 5649 Has
1080 5594 1197 5647 litteras
1210 5593 1317 5663 quibus
1339 5594 1492 5646 ,llartinus
1515 5595 1530 5646 Ι
1538 5594 1724 5663 l'jrotribur
1745 5597 1915 5651 ‚lliomr'bus
1928 5605 1955 5654 et
1970 5600 2232 5659 I’ruediculorilms
2242 5606 2337 5678 priui-

858 5686 971 5757 legium
984 5682 1265 5752 &confessionibus
1284 5682 1443 5734 urrdiendis
1464 5699 1545 5734 (tirno
1559 5684 1627 5735 rat!
1641 5684 1689 5735 die
1709 5700 1738 5753 15
1756 5685 1924 5741 Ducanaris
1944 5692 2092 5758 mmmm,
2111 5692 2174 5747 ,gg
2195 5692 2336 5751 nonme

858 5784 894 5829 et
915 5772 1121 5835 Chatelain,
1140 5769 1244 5824 Chart.
1268 5769 1356 5823 l'rrizz
1378 5770 1486 5827 Paris.
1507 5771 1527 5827 l.
1547 5783 1582 5822 no
1602 5775 1663 5835 Mt,
1686 5792 1714 5844 p.
1734 5779 1787 5829 592
1807 5794 1849 5847 sq.
1874 5808 1905 5816 --
1926 5786 1965 5839 12,
1986 5778 2003 5831 1
2025 5778 2130 5842 Thess..
2150 5801 2174 5837 c.
2189 5782 2222 5847 V,
2242 5785 2283 5839 ¹21.
2305 5816 2336 5825 -

858 5866 898 5921 [31
919 5860 1025 5916 Glom
1043 5859 1250 5913 interlinearis
1269 5858 1297 5910 in
1317 5857 1344 5909 h.
1357 5858 1393 5910 l.:
1411 5886 1416 5897 ι
1433 5856 1595 5930 probanda.
1610 5860 1698 5915 (ferta
1720 5866 1797 5917 enim
1819 5882 1876 5918 non
1896 5876 1984 5935 egent
2005 5867 2188 5925 discussione
2206 5892 2216 5922 r
2232 5870 2337 5940 (llildia

859 5966 945 6005 sacra
962 5964 1028 6002 cum
1049 5946 1151 6019 glossa
1170 5946 1345 6000 ordinaria...
1364 5964 1435 5999 cura
1455 5958 1484 6001 et
1504 5947 1602 6001 sardio
1622 5950 1827 6023 theologorum
1851 5952 2050 6010 duacensium
2075 5956 2125 6011 Ed.
2150 5956 2282 6017 Leander
2301 5958 2338 6023 tle

859 6038 891 6105 δ.
903 6037 1036 6105 lanino,
1048 6035 1230 6117 :intrerpiae
1247 6035 1323 6095 les-t,
1336 6044 1356 6086 t,
1370 6034 1418 6091 tt.
1433 6036 1488 6091 col.
1501 6038 1575 6103 ὅδὲ.
