6700 7992
1228 1432 1445 1491 SECUNDUM
1471 1432 1770 1507 QUODLIBETUM‚
1799 1436 1835 1506 Q.
1861 1435 1888 1489 V
1890 1433 1917 1489 ΙΙ
2258 1438 2307 1490 109

830 1616 921 1683 enim
949 1616 1152 1684 huiusmodi
1179 1616 1361 1681 diversitas
1389 1616 1560 1682 rationum
1589 1639 1660 1681 non
1686 1638 1728 1682 ex
1752 1616 1908 1701 pluribus
1934 1616 2051 1681 sonnis
2080 1617 2307 1683 existentibus

829 1732 864 1797 in
892 1734 1018 1800 eodem
1046 1735 1109 1798 sed
1137 1755 1179 1798 ex
1207 1744 1304 1818 parte
1332 1732 1489 1797 eiusdem
1518 1733 1712 1797 secuudum
1742 1734 1888 1797 eandem
1917 1733 2062 1797 formam
2092 1735 2134 1797 ad
2159 1733 2306 1798 diversa.

829 1849 998 1933 Quamvis
1015 1849 1118 1915 etiam
1142 1849 1265 1914 eadem
1291 1848 1334 1913 sit
1357 1849 1469 1913 forma
1493 1871 1561 1933 qua
1579 1849 1698 1913 asinus
1723 1862 1775 1914 est
1799 1848 1918 1913 asinus
1943 1861 2068 1933 etqua
2093 1860 2145 1914 est
2170 1848 2306 1928 animal,

828 1965 1103 2051 unumquodque
1128 1975 1243 2030 autem
1269 1963 1467 2052 intelligitur
1491 1965 1665 2029 intellecta
1690 1987 1754 2029 sua
1778 1965 1898 2044 forma,
1924 1986 1995 2029 non
2024 1975 2163 2050 oportet
2190 1975 2306 2030 tamen

831 2081 927 2166 quod
955 2080 1131 2147 intellecto
1155 2079 1294 2173 animali
1321 2080 1531 2167 intelligatur
1558 2080 1678 2145 asinus
1707 2079 1772 2145 nisi
1800 2080 1835 2144 in
1864 2079 2059 2159 universali,
2085 2080 2165 2165 quia
2193 2080 2307 2145 anima

828 2218 901 2262 non
924 2196 1113 2283 imponitur
1128 2197 1173 2261 ad
1190 2195 1460 2285 significandum
1488 2196 1715 2262 determinate
1743 2196 1878 2261 asinum
1907 2208 1940 2262 et
1968 2196 2043 2262 eius
2073 2196 2216 2261 sormam
2244 2197 2307 2261 sed

828 2311 1106 2391 indeterminate3
1127 2313 1222 2377 unde
1246 2312 1328 2377 dicit
1353 2312 1483 2396 aliquid
1508 2313 1603 2397 quod
1628 2311 1892 2377 indeterminate
1917 2334 1955 2377 se
1980 2313 2085 2377 babet
2102 2312 2147 2377 ad
2171 2311 2307 2376 asinum

828 2439 863 2493 et
893 2428 939 2493 ad
970 2427 1077 2493 multa
1108 2428 1194 2506 alia;
1226 2439 1260 2494 et
1287 2439 1502 2493 contractum
1530 2429 1574 2491 ml
1603 2428 1737 2493 asimun
1770 2450 1841 2492 non
1867 2428 1949 2493 dicit
1973 2427 2075 2492 aliam
2100 2427 2242 2493 formam
2273 2426 2306 2491 in

829 2543 956 2609 asino¹
979 2544 1023 2607 ab
1049 2543 1104 2608 illa
1128 2565 1197 2627 qua
1222 2543 1342 2608 asinus
1367 2556 1419 2609 est
1444 2544 1573 2608 asirms.

918 2775 956 2839 Il.
981 2774 1084 2841 Nunc
1102 2796 1186 2864 ergo
1204 2774 1384 2840 videamus
1402 2777 1446 2840 de
1463 2777 1622 2841 secundo
1640 2777 1746 2841 modo
1765 2797 1835 2860 quo
1855 2775 1996 2861 ponitur
2013 2776 2129 2861 plures
2147 2797 2225 2841 esse
2243 2775 2309 2841 for·

828 2890 956 2957 masin
979 2890 1130 2957 homine.
1149 2890 1338 2957 Sciendum
1365 2914 1449 2978 ergo
1474 2893 1569 2977 quod
1588 2904 1755 2976 quantum
1774 2893 1817 2957 ad
1835 2894 1929 2957 bunc
1946 2893 2152 2971 secundum,
2175 2891 2309 2958 videtur

829 3004 1003 3090 aliquibus
1027 3007 1124 3091 quod
1148 3007 1228 3091 quia
1253 3009 1358 3072 bomo
1384 3019 1436 3071 est
1461 3009 1636 3091 quoddam
1663 3030 1726 3073 ens
1751 3008 1902 3088 mixtum,
1921 3018 2059 3093 oportet
2075 3007 2110 3072 in
2135 3007 2212 3093 ipso
2230 3029 2309 3073 esse

829 3122 947 3207 plures
963 3122 1103 3188 formas.
1121 3123 1208 3188 Nam
1228 3123 1409 3203 elementa,
1428 3146 1517 3208 quae
1535 3136 1615 3188 sunt
1640 3145 1789 3208 corpora
1811 3123 1981 3209 simplicia
1997 3123 2163 3189 habentia
2180 3124 2308 3189 formas

828 3236 1017 3323 simpliceS,
1035 3238 1150 3323 aliquo
1179 3239 1286 3305 modo
1314 3251 1456 3304 manent
1489 3240 1522 3304 in
1556 3239 1681 3318 mixtis,
1707 3262 1796 3324 quae
1828 3250 1910 3304 sunt
1937 3261 2084 3324 corpora
2113 3238 2309 3324 composita

829 3351 904 3418 sive
934 3353 1100 3419 babentia
1131 3355 1261 3419 formas
1293 3355 1409 3439 aliquo
1446 3357 1552 3420 modo
1591 3356 1815 3441 compositas,
1848 3368 1882 3421 et
1913 3356 2015 3420 etiam
2049 3366 2185 3440 praeter
2215 3355 2309 3440 ipsas

830 3471 960 3536 formas
978 3469 1227 3536 elementorum
1245 3470 1280 3535 in
1297 3470 1403 3535 mixto
1422 3471 1538 3555 aliquo
1563 3473 1667 3536 morlo
1693 3482 1874 3537 manentes
1895 3483 2034 3557 oportet
2057 3493 2135 3537 esse
2160 3471 2309 3556 aliquam

763 3589 767 3595 '
829 3585 932 3651 aliam
959 3586 1105 3651 formam
1134 3586 1407 3672 completiorem,
1435 3609 1525 3671 quae
1553 3608 1619 3651 nec
1637 3587 1691 3652 sit
1719 3589 1928 3653 elementum
1956 3609 2023 3653 nec
2051 3609 2092 3654 ex
2120 3587 2309 3668 elementis

830 3712 869 3767 ut
895 3701 1021 3767 dicitur
1048 3702 1083 3767 in
1110 3703 1178 3768 fine
1207 3702 1343 3788 septimi
1372 3703 1634 3788 llletapbysicae
1652 3706 1709 3785 (l).
1739 3703 1776 3769 Si
1805 3703 1897 3769 enim
1925 3703 2106 3769 miscibilia
2138 3704 2310 3769 elementa

830 3817 1025 3905 sicnessent
1048 3818 1084 3884 in
1108 3818 1213 3883 mixto
1242 3820 1337 3902 quod
1363 3830 1669 3904 corrumperentur
1696 3819 1839 3885 omnino
1866 3821 2060 3885 secundum
2085 3842 2167 3885 suas
2195 3831 2309 3886 actua·

830 3932 942 3999 litates
978 3933 1225 3999 substantiales
1258 3948 1291 3999 et
1323 3945 1417 4000 esset
1448 3935 1483 3999 in
1514 3935 1620 4000 mixto
1652 3935 1822 4000 tantum²
1852 3958 1923 4000 una
1955 3937 2065 4002 forma
2097 3935 2242 4022 simplex
2274 3936 2309 4001 in

831 4049 983 4115 essentia
1007 4049 1073 4114 alia
1097 4051 1140 4114 ab
1164 4050 1250 4136 ipsis
1269 4051 1289 4129 ³,
1319 4053 1490 4117 elementa
1519 4074 1590 4116 non
1619 4053 1787 4118 deberent
1811 4051 1879 4117 dici
1909 4054 2080 4118 elementa
2107 4052 2184 4117 talis
2209 4052 2308 4132 entis,

829 4176 868 4230 ut
891 4176 987 4251 patet
1010 4188 1073 4252 per
1096 4166 1334 4232 definitionem
1360 4168 1521 4233 elementi
1545 4168 1580 4233 in
1605 4167 1752 4252 quinto⁴
1776 4168 2039 4254 bletaphysicae
2057 4173 2113 4253 (2).
2139 4170 2201 4234 Est
2217 4168 2309 4235 enim

831 4281 1040 4347 elementum
1065 4304 1107 4347 ex
1131 4304 1200 4367 quo
1226 4283 1474 4368 componitur⁶
1498 4284 1591 4349 aliud
1617 4296 1650 4349 et
1675 4297 1727 4350 est
1751 4284 1786 4349 in
1811 4307 1863 4350 eo.
1883 4285 1978 4351 -Si
2004 4285 2105 4350 etiam
2129 4285 2235 4350 mixta
2259 4284 2310 4351 sic

830 4396 1048 4463 resolvantur
1075 4396 1109 4461 in
1141 4399 1312 4464 elementa
1341 4400 1436 4484 quod
1468 4400 1505 4464 tit
1536 4402 1787 4466 elementorum
1820 4400 1962 4466 omnino
1994 4423 2085 4466 nova
2116 4401 2309 4489 generatim

830 4533 902 4578 non
926 4513 1005 4598 plus
1029 4513 1227 4580 dicerentur
1251 4514 1356 4580 mixta
1385 4515 1457 4579 fieri
1475 4538 1516 4580 ex
1534 4516 1715 4581 elementis
1734 4538 1836 4600 quam
1855 4538 1873 4581 e
1891 4538 2073 4582 converso.
2093 4557 2131 4563 -—
2152 4516 2189 4583 Si
2206 4516 2308 4582 etiam

830 4628 1003 4694 elementa
1026 4628 1077 4695 sic
1101 4643 1405 4716 corrumperentur
1429 4631 1462 4694 in
1489 4631 1604 4710 mixto,
1629 4653 1708 4696 cum
1734 4632 1910 4718 corruptio
1936 4633 2037 4697 unius
2063 4633 2105 4697 sit
2129 4633 2309 4719 generatio

831 4743 982 4824 alterius,
1000 4744 1117 4810 mixtio
1135 4768 1206 4810 non
1227 4747 1379 4812 differret
1396 4769 1415 4811 a
1432 4747 1669 4831 generatione.
1690 4749 1791 4813 Unde
1809 4747 1889 4832 quia
1906 4749 2039 4813 formae
2060 4750 2309 4814 elementorum

830 4870 911 4925 sunt
928 4858 1016 4926 inter
1040 4882 1163 4927 ornnes
1188 4862 1272 4927 alias
1297 4864 1426 4927 formas
1446 4862 1457 4895 ⁰
1481 4863 1727 4929 substantiales
1755 4863 2084 4949 incompletissimae
2108 4866 2163 4930 vel
2187 4865 2310 4950 imper·

831 4974 1052 5057 lectissimae,
1082 4988 1203 5063 utpote
1230 4978 1394 5044 materiae
1427 4979 1557 5064 primae
1590 4979 1868 5064 propinquiores,
1902 4991 1935 5045 et
1966 4980 2016 5045 sic
2049 4983 2310 5065 quodammodo

831 5091 967 5158 mediae
991 5091 1081 5159 inter
1103 5093 1233 5159 formas
1258 5095 1502 5159 substantiales
1528 5096 1719 5179 completas
1737 5107 1769 5160 et
1787 5117 1873 5180 pure
1898 5095 2143 5178 accidentales,
2169 5109 2202 5163 et
2227 5119 2310 5182 quo·

833 5207 1021 5273 dammodo
1038 5210 1207 5275 habentes
1225 5210 1505 5276 contrarietatem
1523 5212 1566 5275 ad
1585 5210 1744 5290 invicem,
1763 5224 1796 5276 et
1813 5223 1975 5297 potentes
2000 5212 2179 5299 suscipere
2199 5213 2310 5301 magis

833 5332 867 5389 et
883 5322 998 5389 minus
1015 5335 1049 5390 et
1065 5323 1115 5390 sic
1132 5325 1339 5391 remanere⁷
1363 5326 1396 5391 in
1423 5327 1527 5391 mixto
1553 5349 1624 5392 non
1649 5327 1788 5411 quidem
1818 5332 1821 5411 l
1850 5328 1884 5392 in
1907 5341 1986 5394 actu
2004 5330 2179 5415 completo
2196 5351 2311 5414 neque

906 5628 914 5658 ¹
933 5625 963 5680 in
983 5625 1075 5696 asino]
1096 5645 1152 5681 mn.
1173 5627 1203 5680 P.
1223 5660 1256 5666 —
1277 5628 1287 5659 ⁹
1304 5637 1401 5681 tamen
1422 5629 1451 5681 P.
1467 5660 1499 5667 —
1519 5630 1605 5683 ³istis
1620 5630 1649 5684 P.
1664 5662 1697 5670 -
1721 5630 1834 5700 'primo
1855 5631 1885 5684 P.
1900 5663 1932 5669 -
1953 5630 2093 5702 lpouitur
2113 5631 2143 5684 P.
2158 5663 2189 5670 —
2211 5632 2221 5661 ⁰
2240 5631 2313 5685 alias

832 5710 954 5784 formas]
969 5714 1078 5769 formas
1094 5715 1166 5769 alias
1180 5716 1210 5769 P.
1225 5748 1257 5754 --
1274 5719 1282 5747 ²
1302 5703 1486 5770 remanentes
1502 5719 1530 5771 l'.

924 5892 960 5963 tl)
983 5893 1013 5947 L.
1026 5894 1067 5947 VI
1082 5894 1128 5962 [al.
1141 5895 1216 5963 Vlll,
1231 5912 1254 5948 c.
1270 5897 1302 5948 17
1317 5910 1355 5965 tp.
1374 5898 1461 5957 llllll.
1476 5929 1507 5933 —-
1525 5901 1562 5957 (⁸2)
1585 5898 1615 5950 L.
1630 5897 1670 5949 lv
1685 5898 1731 5963 lal.
1747 5898 1789 5963 ll,
1810 5916 1833 5949 e.
1849 5902 1865 5949 :l
1885 5904 1924 5968 lp.
1941 5901 2027 5965 1014).
2051 5906 2186 5976 Στοιχεῖον
2207 5903 2312 5979 λέγεται

833 5977 859 6043 ἐξ
880 5979 912 6034 οὗ
932 5979 1067 6054 σύγκειται
1087 5981 1198 6052 πρώτου
1219 5981 1427 6053 ἐνυπάρχοντος,
1451 5982 1598 6054 ἀδιαιρέτου
1619 5992 1656 6054 τῷ
1679 5987 1739 6037 atbar
1760 6004 1794 6044 εις
1816 5985 1904 6054 ἕτερον
1925 5986 2001 6046 εἶδος.

2174 6061 2207 6112 lb

2367 5322 2433 5377 eorl.
2447 5322 2469 5375 P

2333 5393 2383 5447 sol.
2396 5397 2446 5448 lto
2460 5395 2499 5447 R⁸
