6700 7992
1088 1418 1123 1478 ot
1454 1400 1645 1480 itacismi
1674 1421 1894 1480 conanum
1923 1423 1976 1479 oa
2004 1410 2203 1483 rounuds

1088 1605 1168 1671 Hoc
1201 1616 1315 1671 autem
1348 1606 1485 1671 videtur
1511 1606 1677 1673 creaturis
1707 1605 1940 1673 materialibus
1970 1607 2111 1673 dedisse
2142 1605 2319 1672 materiam
2350 1605 2462 1693 ipsam
2487 1625 2568 1675 cum

1087 1720 1160 1785 suis
1200 1721 1374 1806 potentiis,
1414 1746 1486 1788 non
1527 1723 1793 1808 importantibus
1829 1723 1958 1808 aliquid
1998 1722 2260 1809 superadditum
2297 1723 2460 1790 materiae
2499 1723 2569 1789 nisi

1086 1836 1273 1902 relationes
1306 1839 1360 1903 vel
1388 1849 1585 1925 respectum
1621 1840 1863 1924 producendO,
1894 1839 1928 1904 in
1959 1861 2027 1924 qua
2055 1850 2093 1904 ut
2120 1838 2171 1904 sic
2195 1860 2267 1904 non
2293 1850 2346 1906 est
2375 1851 2412 1905 ut
2436 1839 2568 1925 aliquid

1085 1953 1144 2018 fiat
1172 1976 1214 2018 ex
1242 1954 1317 2040 ipsa
1345 1955 1520 2020 mediante
1538 1955 1654 2039 aliquo
1680 1967 1806 2044 agente
1831 1965 1959 2035 creat0,
1985 1957 2048 2020 sed
2072 1965 2210 2041 oportet
2234 1957 2406 2021 coadesse
2430 1955 2567 2041 aliquas

1085 2068 1335 2154 dispositiones
1368 2072 1612 2157 superadditas
1644 2094 1734 2156 quae
1774 2071 1937 2137 dicuntur
1968 2071 2121 2138 rationes
2161 2070 2357 2138 seminales
2391 2071 2462 2139 Sed
2498 2072 2567 2138 hae

1084 2187 1200 2251 nudae
1232 2187 1410 2272 potentiae
1443 2188 1620 2254 sufficiunt
1652 2191 1697 2253 ad
1730 2188 2012 2273 quamcumque¹
2042 2188 2187 2252 formam
2223 2199 2387 2274 respectu
2426 2187 2567 2275 agentis

1084 2303 1368 2387 supernaturalis,
1397 2303 1454 2389 qui
1490 2327 1561 2369 non
1598 2304 1732 2391 indiget
1764 2303 1881 2388 aliqua
1915 2303 2049 2370 ratione
2083 2305 2240 2370 seminali
2279 2314 2493 2390 cooperante
2533 2314 2568 2370 et

1084 2429 1210 2484 cetera.

1171 2536 1287 2602 Habet
1311 2559 1396 2625 ergo
1420 2538 1517 2602 Deus
1542 2536 1577 2602 in
1595 2559 1634 2603 se
1650 2537 1729 2623 ipso
1748 2537 1974 2603 absconditas
2000 2538 2218 2621 quorundam
2244 2537 2417 2602 factorum
2439 2558 2567 2603 causas

1083 2675 1169 2737 quas
1194 2653 1298 2719 rebus
1323 2653 1472 2719 conditis
1497 2676 1567 2719 non
1594 2653 1738 2719 inseruit
1762 2653 1822 2736 (ibi
1846 2665 1899 2719 est
1931 2664 1966 2718 et
1989 2653 2100 2740 gratia
2125 2675 2188 2738 per
2221 2674 2325 2737 quam
2359 2652 2446 2719 salvi
2477 2652 2567 2718 fiunt

1082 2773 1309 2853 peccatores).
1329 2770 1371 2835 Et
1388 2781 1550 2855 respectu
1568 2770 1644 2848 Dei,
1663 2780 1830 2854 quantum
1848 2770 1893 2834 ad
1910 2769 2068 2834 virtutem
2087 2771 2210 2834 harum
2228 2791 2423 2851 causarum,
2440 2768 2568 2835 dicitur

1082 2886 1223 2951 materia
1256 2887 1367 2951 solum
1397 2888 1527 2952 babere
1558 2886 1750 2973 potentiam
1780 2885 2061 2952 oboedientalem
2086 2908 2160 2951 non
2189 2886 2396 2966 naturalem3
2421 2885 2502 2972 quia
2528 2895 2567 2951 ut

1081 3000 1131 3066 sic
1156 3024 1227 3068 non
1251 3002 1494 3069 consideratur
1518 3002 1552 3067 in
1578 3002 1720 3068 materia
1745 3001 1875 3086 aliquid
1900 3024 1962 3088 per
1985 3003 2081 3087 quod
2105 3003 2150 3067 ad
2182 3001 2217 3067 id
2250 3002 2345 3088 quod
2375 3003 2428 3068 sic
2458 3001 2494 3067 in
2522 3022 2566 3068 ea

1080 3117 1153 3183 fieri
1178 3117 1310 3183 habet²
1337 3118 1585 3185 determinetur
1601 3120 1655 3184 vel
1681 3131 1828 3205 aptetur,
1853 3130 1887 3184 et
1911 3140 1974 3204 per
1997 3119 2092 3203 quod
2107 3106 2232 3203 ¹aliquo
2250 3118 2357 3184 modo
2381 3115 2566 3204 cooperari

1081 3235 1191 3320 possit
1215 3234 1370 3322 intelligi,
1396 3235 1486 3301 sed³
1517 3235 1616 3320 quasi
1641 3258 1684 3301 ex
1708 3257 1747 3301 se
1771 3234 1856 3299 nibil
1888 3236 2024 3300 habens
2054 3235 2147 3300 unde
2179 3234 2279 3319 quasi
2312 3256 2356 3300 ex
2387 3257 2426 3301 se
2451 3235 2566 3301 deter-

1080 3350 1208 3416 minate
1241 3353 1399 3418 tenderet
1430 3353 1475 3417 ad
1509 3353 1604 3437 quod
1636 3351 1785 3418 intendit
1816 3373 1938 3439 agens,
1973 3350 2198 3417 oboediendo
2232 3350 2381 3417 sustinet
2408 3349 2443 3417 id
2467 3350 2565 3436 quod

1079 3468 1240 3534 voluntas
1266 3467 1331 3533 Dei
1363 3489 1405 3533 ex
1438 3468 1514 3553 ipsa
1545 3469 1616 3533 vult
1648 3469 1790 3548 facere,
1822 3469 1876 3533 vel
1910 3467 1990 3553 quia
2023 3466 2126 3534 etiam
2159 3479 2196 3532 ut
2227 3466 2278 3533 sic
2310 3466 2564 3548 consideratur,

1079 3583 1267 3667 aliquando
1296 3585 1402 3649 habet
1430 3605 1508 3649 esse
1537 3587 1602 3649 sub
1631 3584 1795 3671 opposita
1823 3583 2055 3669 dispositione
2083 3583 2195 3670 ipsam
2224 3583 2335 3672 magis
2359 3585 2404 3649 ad
2428 3594 2564 3649 contra·

1078 3699 1165 3764 rium
1183 3700 1394 3786 disponente
1419 3714 1452 3766 et
1477 3712 1619 3786 aptante
1644 3712 1677 3765 et
1703 3700 1903 3781 inclinante,
1922 3711 1956 3766 et
1973 3700 2200 3765 nibilominus
2225 3722 2297 3765 non
2322 3699 2476 3766 renitens
2501 3720 2566 3786 per

1079 3816 1278 3882 huiusmodi
1303 3817 1510 3882 contrariam
1542 3817 1809 3903 dispositionem
1834 3817 1933 3902 quasi
1958 3814 2107 3882 sustinet
2131 3817 2175 3882 de
2200 3815 2277 3902 ipsa
2311 3815 2462 3882 divinam
2487 3814 2565 3883 fieri

1078 3933 1301 3999 voluntatem.
1331 3935 1510 4020 Respectu
1536 3946 1650 3999 autem
1675 3933 1812 4021 agentis
1837 3933 2015 4013 naturalis,
2048 3932 2173 3998 dicitur
2207 3933 2336 3999 babere
2369 3932 2563 3999 naturalem

1077 4049 1268 4135 potentiam
1297 4050 1407 4135 ipsam
1437 4051 1480 4115 ad
1510 4051 1655 4115 formam
1680 4061 1796 4115 natam
1822 4049 1940 4116 induci
1965 4052 2009 4115 ab
2034 4061 2161 4134 agente
2186 4060 2366 4135 aptantem
2391 4059 2425 4115 et
2450 4048 2563 4116 deter-

1078 4165 1277 4246 minantem,
1303 4177 1336 4232 et
1368 4168 1628 4251 quodannnodo
1652 4166 1853 4231 naturaliter
1876 4165 2100 4232 inclinantem
2128 4176 2161 4230 et
2193 4165 2444 4251 dispositiones
2477 4186 2562 4232 con·

1077 4283 1197 4347 trarias
1221 4282 1451 4369 impedientes
1476 4283 1733 4363 excludentem,
1756 4295 1793 4347 ut
1817 4282 1867 4348 sic
1891 4304 1963 4347 non
1982 4281 2081 4367 quasi
2098 4282 2323 4347 oboediendo
2341 4293 2464 4347 contra
2483 4281 2561 4348 eius

1077 4398 1346 4477 inclinationem,
1371 4401 1434 4464 sed
1459 4398 1649 4484 appetitum
1675 4421 1776 4463 suum
1802 4397 1978 4484 proprium
2003 4397 2102 4482 quasi
2128 4398 2320 4482 sequend0,
2339 4397 2559 4482 pervenitad

1076 4514 1110 4579 id
1135 4516 1229 4600 ‹purd
1255 4514 1411 4594 intendit,
1437 4514 1517 4580 licet
1541 4537 1612 4579 non
1636 4515 1704 4578 nisi
1728 4514 1851 4579 virtute
1876 4514 2013 4603 agentis
2038 4512 2247 4600 principalis.

1165 4634 1254 4696 Cum
1291 4631 1415 4695 dicitur
1450 4632 1545 4716 (prod
1574 4631 1607 4694 in
1640 4630 1783 4695 materia
1815 4631 1915 4715 (prasi
1950 4630 2184 4708 intellectuali,
2209 4629 2344 4696 scilicet
2374 4629 2409 4695 in
2443 4629 2560 4696 anima

1075 4747 1233 4814 rationali
1257 4759 1373 4833 potest
1399 4748 1495 4813 Deus
1520 4747 1649 4832 aliquid
1675 4748 1788 4813 facere
1814 4749 1858 4812 ad
1883 4747 1978 4832 quod
2003 4769 2075 4812 non
2108 4748 2212 4812 habet
2242 4746 2434 4833 potentiam
2458 4756 2560 4812 natu·

1073 4864 1179 4929 ralem
1205 4875 1238 4930 et
1262 4876 1387 4944 cetera,
1413 4864 1600 4929 dicendum
1629 4866 1725 4948 (prod
1750 4862 1839 4930 sicut
1863 4864 1896 4929 in
1923 4863 2064 4930 materia
2083 4862 2255 4948 corporali
2271 4864 2445 4948 quaedam
2470 4863 2560 4929 fiunt

1074 5003 1093 5045 a
1111 4982 1189 5047 Deo
1206 4981 1356 5047 totaliter
1372 4980 1532 5060 mediate,
1547 4978 1680 5045 scilicet
1697 4981 1829 5046 formae
1851 5002 1959 5066 purae
1978 4983 2154 5047 naturales
2173 4982 2322 5047 eductae
2339 4981 2383 5045 de
2402 4978 2561 5066 potentia

1074 5096 1248 5175 materiae,
1281 5098 1453 5181 quaedam
1486 5096 1635 5162 mediate
1663 5109 1697 5163 et
1725 5096 1931 5176 immediate,
1965 5098 2097 5163 scilicet
2120 5097 2341 5177 intellectiva,
2370 5117 2460 5181 quae
2493 5117 2559 5181 pro

1073 5223 1169 5279 tanto
1198 5212 1373 5278 inducitur
1406 5212 1641 5278 mediantibus
1670 5213 1856 5299 agentibus
1882 5213 2096 5279 naturalibus
2124 5213 2158 5277 in
2184 5222 2353 5297 quantum
2378 5210 2559 5277 materiam

1073 5329 1117 5393 ad
1142 5329 1401 5415 susceptionem
1429 5328 1658 5394 intellectivae
1685 5329 1886 5415 disponunt,
1906 5329 2105 5395 immediate
2132 5351 2214 5395 vero
2239 5351 2260 5393 a
2285 5329 2362 5394 Deo
2389 5337 2559 5414 quantum

1072 5445 1117 5509 ad
1146 5444 1256 5530 ipsam
1282 5445 1469 5511 essentiam
1495 5445 1631 5511 animae
1656 5468 1759 5529 (puuu
1785 5446 1917 5511 inducit
1946 5445 1980 5511 in
1998 5445 2175 5511 materiam
2201 5445 2367 5525 creand0,
2393 5455 2427 5511 et
2450 5442 2558 5509 etiam

1071 5559 1166 5644 ipsas
1183 5561 1432 5647 dispositiones
1449 5563 1643 5628 materiales
1661 5563 1811 5627 animam
1829 5561 2032 5628 rationalem
2058 5562 2091 5627 in
2113 5561 2257 5629 materia
2281 5569 2557 5646 consequentes

1072 5676 1117 5741 ita
1149 5700 1213 5742 suo
1245 5679 1350 5744 modo
1375 5679 1545 5767 contingit
1577 5680 1611 5744 in
1643 5678 1786 5745 materia
1814 5678 1991 5764 spirituali.
2024 5679 2112 5743 Nam
2144 5676 2312 5745 scientiae
2344 5688 2378 5743 et
2408 5675 2558 5742 virtutes

1160 6056 1166 6087 ¹
1183 6063 1448 6126 quantumcumrpie
1463 6053 1496 6107 V.
1558 6056 1567 6087 l
1582 6054 1671 6110 debet
1686 6054 1716 6109 Ρ.
1730 6087 1763 6095 -
1778 6056 1789 6089 ³
1802 6054 1915 6109 scilicet
1932 6051 1962 6108 P.
