<?xml version="1.0" encoding="UTF-8"?>
<!DOCTYPE html PUBLIC "-//W3C//DTD XHTML 1.0 Transitional//EN"
    "http://www.w3.org/TR/xhtml1/DTD/xhtml1-transitional.dtd">
<html xmlns="http://www.w3.org/1999/xhtml" xml:lang="en" lang="en">
 <head>
  <title>
</title>
<meta http-equiv="Content-Type" content="text/html;charset=utf-8" />
  <meta name='ocr-system' content='tesseract 3.04.00' />
  <meta name='ocr-capabilities' content='ocr_page ocr_carea ocr_par ocr_line ocrx_word'/>
</head>
<body>
  <div class='ocr_page' id='page_1' title='image "./lesquatrepremie00wulfgoog_0161.png"; bbox 0 0 6700 7992; ppageno 0'>
   <div class='ocr_carea' id='block_1_1' title="bbox 1313 1460 2406 1538">
    <p class='ocr_par' dir='ltr' id='par_1_1' title="bbox 1313 1460 2406 1538">
     <span class='ocr_line' id='line_1_1' title="bbox 1313 1460 2406 1538; baseline -0.01 -14"><span class='ocrx_word' id='word_1_1' title='bbox 1313 1466 1530 1524; x_wconf 79' lang='lat' dir='ltr'><strong>SECUNDUM</strong></span> <span class='ocrx_word' id='word_1_2' title='bbox 1558 1464 1858 1538; x_wconf 78' lang='lat' dir='ltr'>QUODLIBETUM,</span> <span class='ocrx_word' id='word_1_3' title='bbox 1887 1463 1923 1535; x_wconf 83' lang='lat' dir='ltr'>Q.</span> <span class='ocrx_word' id='word_1_4' title='bbox 1948 1462 2018 1518; x_wconf 93' lang='lat' dir='ltr'>Vlll</span> <span class='ocrx_word' id='word_1_5' title='bbox 2357 1460 2406 1514; x_wconf 83' lang='grc'>137</span> 
     </span>
    </p>
   </div>
   <div class='ocr_carea' id='block_1_2' title="bbox 907 1641 2419 5337">
    <p class='ocr_par' dir='ltr' id='par_1_2' title="bbox 907 1641 2415 4172">
     <span class='ocr_line' id='line_1_2' title="bbox 926 1641 2406 1736; baseline -0.006 -19"><span class='ocrx_word' id='word_1_6' title='bbox 926 1649 1084 1732; x_wconf 90' lang='lat' dir='ltr'>scientia,</span> <span class='ocrx_word' id='word_1_7' title='bbox 1112 1648 1194 1736; x_wconf 93' lang='lat' dir='ltr'>quia</span> <span class='ocrx_word' id='word_1_8' title='bbox 1220 1647 1367 1715; x_wconf 90' lang='lat' dir='ltr'>scientia</span> <span class='ocrx_word' id='word_1_9' title='bbox 1390 1659 1443 1715; x_wconf 91' lang='lat' dir='ltr'>est</span> <span class='ocrx_word' id='word_1_10' title='bbox 1470 1645 1727 1725; x_wconf 89' lang='lat' dir='ltr'>universalium,</span> <span class='ocrx_word' id='word_1_11' title='bbox 1754 1643 1939 1731; x_wconf 91' lang='lat' dir='ltr'>prudentia</span> <span class='ocrx_word' id='word_1_12' title='bbox 1966 1654 2080 1711; x_wconf 88' lang='lat' dir='ltr'>autem</span> <span class='ocrx_word' id='word_1_13' title='bbox 2111 1654 2163 1710; x_wconf 91' lang='lat' dir='ltr'>est</span> <span class='ocrx_word' id='word_1_14' title='bbox 2191 1642 2343 1724; x_wconf 82' lang='lat' dir='ltr'>extremi,</span> <span class='ocrx_word' id='word_1_15' title='bbox 2370 1641 2406 1708; x_wconf 92' lang='lat' dir='ltr'>id</span> 
     </span>
     <span class='ocr_line' id='line_1_3' title="bbox 927 1758 2408 1854; baseline -0.007 -19"><span class='ocrx_word' id='word_1_16' title='bbox 927 1777 982 1835; x_wconf 85' lang='lat' dir='ltr'>est</span> <span class='ocrx_word' id='word_1_17' title='bbox 1019 1764 1236 1854; x_wconf 89' lang='lat' dir='ltr'>particularis</span> <span class='ocrx_word' id='word_1_18' title='bbox 1267 1763 1342 1831; x_wconf 92' lang='lat' dir='ltr'>sive</span> <span class='ocrx_word' id='word_1_19' title='bbox 1380 1762 1565 1853; x_wconf 92' lang='lat' dir='ltr'>singularis</span> <span class='ocrx_word' id='word_1_20' title='bbox 1598 1761 1786 1849; x_wconf 89' lang='lat' dir='ltr'>operabilis</span> <span class='ocrx_word' id='word_1_21' title='bbox 1819 1761 1919 1828; x_wconf 91' lang='lat' dir='ltr'>cuius</span> <span class='ocrx_word' id='word_1_22' title='bbox 1955 1783 2026 1827; x_wconf 92' lang='lat' dir='ltr'>non</span> <span class='ocrx_word' id='word_1_23' title='bbox 2061 1772 2115 1827; x_wconf 91' lang='lat' dir='ltr'>est</span> <span class='ocrx_word' id='word_1_24' title='bbox 2149 1759 2294 1827; x_wconf 90' lang='lat' dir='ltr'>scientia</span> <span class='ocrx_word' id='word_1_25' title='bbox 2327 1758 2408 1845; x_wconf 92' lang='lat' dir='ltr'>quia</span> 
     </span>
     <span class='ocr_line' id='line_1_4' title="bbox 927 1877 2407 1969; baseline -0.006 -19"><span class='ocrx_word' id='word_1_26' title='bbox 927 1904 1001 1950; x_wconf 92' lang='lat' dir='ltr'>non</span> <span class='ocrx_word' id='word_1_27' title='bbox 1037 1885 1205 1969; x_wconf 92' lang='lat' dir='ltr'>probatur</span> <span class='ocrx_word' id='word_1_28' title='bbox 1235 1880 1382 1961; x_wconf 87' lang='lat' dir='ltr'>ratione,</span> <span class='ocrx_word' id='word_1_29' title='bbox 1414 1880 1478 1945; x_wconf 90' lang='lat' dir='ltr'>sed</span> <span class='ocrx_word' id='word_1_30' title='bbox 1509 1881 1662 1964; x_wconf 88' lang='lat' dir='ltr'>sensu[s]</span> <span class='ocrx_word' id='word_1_31' title='bbox 1697 1877 1791 1964; x_wconf 89' lang='lat' dir='ltr'>(quia</span> <span class='ocrx_word' id='word_1_32' title='bbox 1819 1877 2009 1964; x_wconf 87' lang='lat' dir='ltr'>percipitur</span> <span class='ocrx_word' id='word_1_33' title='bbox 2039 1877 2154 1963; x_wconf 90' lang='lat' dir='ltr'>aliquo</span> <span class='ocrx_word' id='word_1_34' title='bbox 2191 1898 2298 1943; x_wconf 89' lang='lat' dir='ltr'>sensu</span> <span class='ocrx_word' id='word_1_35' title='bbox 2334 1897 2407 1942; x_wconf 95' lang='lat' dir='ltr'>non</span> 
     </span>
     <span class='ocr_line' id='line_1_5' title="bbox 929 1992 2408 2086; baseline -0.005 -19"><span class='ocrx_word' id='word_1_36' title='bbox 929 1998 1071 2086; x_wconf 91' lang='lat' dir='ltr'>quidem</span> <span class='ocrx_word' id='word_1_37' title='bbox 1094 1996 1313 2084; x_wconf 91' lang='lat' dir='ltr'>propriorum</span> <span class='ocrx_word' id='word_1_38' title='bbox 1337 1995 1553 2062; x_wconf 88' lang='lat' dir='ltr'>sensibilium</span> <span class='ocrx_word' id='word_1_39' title='bbox 1580 1996 1644 2061; x_wconf 91' lang='lat' dir='ltr'>sed</span> <span class='ocrx_word' id='word_1_40' title='bbox 1668 1994 1831 2061; x_wconf 89' lang='lat' dir='ltr'>interiore</span> <span class='ocrx_word' id='word_1_41' title='bbox 1855 1994 1950 2080; x_wconf 91' lang='lat' dir='ltr'>quali</span> <span class='ocrx_word' id='word_1_42' title='bbox 1979 1994 2147 2060; x_wconf 92' lang='lat' dir='ltr'>sentimus</span> <span class='ocrx_word' id='word_1_43' title='bbox 2175 1993 2275 2061; x_wconf 91' lang='lat' dir='ltr'>sive¹</span> <span class='ocrx_word' id='word_1_44' title='bbox 2298 1992 2408 2080; x_wconf 86' lang='lat' dir='ltr'>perci·</span> 
     </span>
     <span class='ocr_line' id='line_1_6' title="bbox 928 2110 2408 2203; baseline -0.005 -21"><span class='ocrx_word' id='word_1_45' title='bbox 928 2115 1044 2203; x_wconf 86' lang='lat' dir='ltr'>pimus</span> <span class='ocrx_word' id='word_1_46' title='bbox 1076 2113 1286 2203; x_wconf 87' lang='lat' dir='ltr'>triangulum</span> <span class='ocrx_word' id='word_1_47' title='bbox 1325 2112 1538 2200; x_wconf 81' lang='lat' dir='ltr'>singularem</span> <span class='ocrx_word' id='word_1_48' title='bbox 1578 2110 1805 2199; x_wconf 89' lang='lat' dir='ltr'>imaginatum</span> <span class='ocrx_word' id='word_1_49' title='bbox 1845 2112 1890 2176; x_wconf 91' lang='lat' dir='ltr'>ad</span> <span class='ocrx_word' id='word_1_50' title='bbox 1926 2132 2029 2196; x_wconf 90' lang='lat' dir='ltr'>quem</span> <span class='ocrx_word' id='word_1_51' title='bbox 2062 2120 2172 2176; x_wconf 89' lang='lat' dir='ltr'>statur</span> <span class='ocrx_word' id='word_1_52' title='bbox 2203 2110 2238 2175; x_wconf 93' lang='lat' dir='ltr'>in</span> <span class='ocrx_word' id='word_1_53' title='bbox 2277 2112 2408 2176; x_wconf 91' lang='lat' dir='ltr'>matbe-</span> 
     </span>
     <span class='ocr_line' id='line_1_7' title="bbox 928 2226 2409 2316; baseline -0.004 -18"><span class='ocrx_word' id='word_1_54' title='bbox 928 2230 1098 2314; x_wconf 84' lang='lat' dir='ltr'>maticis);</span> <span class='ocrx_word' id='word_1_55' title='bbox 1124 2270 1164 2278; x_wconf 97' lang='lat'>-</span> <span class='ocrx_word' id='word_1_56' title='bbox 1193 2241 1238 2311; x_wconf 87' lang='lat' dir='ltr'>et,</span> <span class='ocrx_word' id='word_1_57' title='bbox 1270 2239 1308 2295; x_wconf 92' lang='lat' dir='ltr'>ut</span> <span class='ocrx_word' id='word_1_58' title='bbox 1338 2228 1431 2308; x_wconf 92' lang='lat' dir='ltr'>dicit,</span> <span class='ocrx_word' id='word_1_59' title='bbox 1463 2230 1508 2294; x_wconf 93' lang='lat' dir='ltr'>ad</span> <span class='ocrx_word' id='word_1_60' title='bbox 1540 2227 1643 2293; x_wconf 90' lang='lat' dir='ltr'>istum</span> <span class='ocrx_word' id='word_1_61' title='bbox 1674 2248 1817 2293; x_wconf 92' lang='lat' dir='ltr'>sensum</span> <span class='ocrx_word' id='word_1_62' title='bbox 1849 2226 2091 2312; x_wconf 84' lang='lat' dir='ltr'>particularem</span> <span class='ocrx_word' id='word_1_63' title='bbox 2123 2227 2234 2316; x_wconf 86' lang='lat' dir='ltr'>magis</span> <span class='ocrx_word' id='word_1_64' title='bbox 2259 2226 2409 2313; x_wconf 87' lang='lat' dir='ltr'>pertinet</span> 
     </span>
     <span class='ocr_line' id='line_1_8' title="bbox 930 2342 2408 2435; baseline -0.003 -21"><span class='ocrx_word' id='word_1_65' title='bbox 930 2346 1115 2435; x_wconf 90' lang='lat' dir='ltr'>prudentia</span> <span class='ocrx_word' id='word_1_66' title='bbox 1142 2366 1333 2433; x_wconf 88' lang='lat' dir='ltr'>perquam</span> <span class='ocrx_word' id='word_1_67' title='bbox 1366 2344 1565 2431; x_wconf 85' lang='lat' dir='ltr'>perficiatur</span> <span class='ocrx_word' id='word_1_68' title='bbox 1591 2343 1679 2409; x_wconf 86' lang='lat' dir='ltr'>ratio</span> <span class='ocrx_word' id='word_1_69' title='bbox 1711 2342 1925 2429; x_wconf 89' lang='lat' dir='ltr'>particularis</span> <span class='ocrx_word' id='word_1_70' title='bbox 1955 2345 1999 2409; x_wconf 91' lang='lat' dir='ltr'>ad</span> <span class='ocrx_word' id='word_1_71' title='bbox 2028 2356 2121 2410; x_wconf 90' lang='lat' dir='ltr'>recte</span> <span class='ocrx_word' id='word_1_72' title='bbox 2155 2343 2408 2409; x_wconf 92' lang='lat' dir='ltr'>aestimandum</span> 
     </span>
     <span class='ocr_line' id='line_1_9' title="bbox 931 2458 2409 2548; baseline -0.003 -19"><span class='ocrx_word' id='word_1_73' title='bbox 931 2464 977 2531; x_wconf 92' lang='lat' dir='ltr'>de</span> <span class='ocrx_word' id='word_1_74' title='bbox 992 2462 1245 2530; x_wconf 90' lang='lat' dir='ltr'>intentionibus</span> <span class='ocrx_word' id='word_1_75' title='bbox 1269 2459 1535 2548; x_wconf 85' lang='lat' dir='ltr'>particularibus</span> <span class='ocrx_word' id='word_1_76' title='bbox 1559 2459 1810 2546; x_wconf 90' lang='lat' dir='ltr'>operabilium;</span> <span class='ocrx_word' id='word_1_77' title='bbox 1837 2498 1876 2507; x_wconf 91' lang='lat'>-</span> <span class='ocrx_word' id='word_1_78' title='bbox 1895 2458 1996 2526; x_wconf 90' lang='lat' dir='ltr'>etsie</span> <span class='ocrx_word' id='word_1_79' title='bbox 2020 2481 2097 2526; x_wconf 94' lang='lat' dir='ltr'>cum</span> <span class='ocrx_word' id='word_1_80' title='bbox 2123 2461 2167 2525; x_wconf 94' lang='lat' dir='ltr'>ad</span> <span class='ocrx_word' id='word_1_81' title='bbox 2189 2460 2409 2545; x_wconf 89' lang='lat' dir='ltr'>prudentiam</span> 
     </span>
     <span class='ocr_line' id='line_1_10' title="bbox 931 2575 2410 2667; baseline -0.004 -20"><span class='ocrx_word' id='word_1_82' title='bbox 931 2578 1103 2667; x_wconf 87' lang='lat' dir='ltr'>pertineat</span> <span class='ocrx_word' id='word_1_83' title='bbox 1127 2577 1284 2667; x_wconf 83' lang='lat' dir='ltr'>cognitio</span> <span class='ocrx_word' id='word_1_84' title='bbox 1307 2576 1555 2643; x_wconf 87' lang='lat' dir='ltr'>universalium</span> <span class='ocrx_word' id='word_1_85' title='bbox 1580 2575 1798 2642; x_wconf 88' lang='lat' dir='ltr'>relativarum</span> <span class='ocrx_word' id='word_1_86' title='bbox 1824 2575 2066 2643; x_wconf 89' lang='lat' dir='ltr'>directivarum</span> <span class='ocrx_word' id='word_1_87' title='bbox 2083 2598 2227 2662; x_wconf 90' lang='lat' dir='ltr'>quarum</span> <span class='ocrx_word' id='word_1_88' title='bbox 2253 2575 2410 2665; x_wconf 86' lang='lat' dir='ltr'>cognitio</span> 
     </span>
     <span class='ocr_line' id='line_1_11' title="bbox 931 2691 2410 2784; baseline -0.004 -21"><span class='ocrx_word' id='word_1_89' title='bbox 931 2695 1081 2784; x_wconf 90' lang='lat' dir='ltr'>pertinet</span> <span class='ocrx_word' id='word_1_90' title='bbox 1097 2696 1141 2760; x_wconf 92' lang='lat' dir='ltr'>ad</span> <span class='ocrx_word' id='word_1_91' title='bbox 1166 2694 1390 2774; x_wconf 86' lang='lat' dir='ltr'>intellectum,</span> <span class='ocrx_word' id='word_1_92' title='bbox 1414 2693 1495 2778; x_wconf 92' lang='lat' dir='ltr'>quia</span> <span class='ocrx_word' id='word_1_93' title='bbox 1519 2692 1622 2758; x_wconf 92' lang='lat' dir='ltr'>etiam</span> <span class='ocrx_word' id='word_1_94' title='bbox 1642 2713 1747 2758; x_wconf 93' lang='lat' dir='ltr'>nemo</span> <span class='ocrx_word' id='word_1_95' title='bbox 1771 2693 1862 2758; x_wconf 87' lang='lat' dir='ltr'>bene.</span> <span class='ocrx_word' id='word_1_96' title='bbox 1886 2691 2125 2759; x_wconf 85' lang='lat' dir='ltr'>consiliabitur</span> <span class='ocrx_word' id='word_1_97' title='bbox 2147 2695 2216 2758; x_wconf 92' lang='lat' dir='ltr'>hoc</span> <span class='ocrx_word' id='word_1_98' title='bbox 2232 2692 2410 2780; x_wconf 72' lang='lat' dir='ltr'>igmorans,</span> 
     </span>
     <span class='ocr_line' id='line_1_12' title="bbox 933 2806 2411 2898; baseline -0.003 -20"><span class='ocrx_word' id='word_1_99' title='bbox 933 2822 968 2879; x_wconf 93' lang='lat' dir='ltr'>et</span> <span class='ocrx_word' id='word_1_100' title='bbox 999 2810 1102 2878; x_wconf 90' lang='lat' dir='ltr'>etiam</span> <span class='ocrx_word' id='word_1_101' title='bbox 1134 2809 1292 2898; x_wconf 85' lang='lat' dir='ltr'>cognitio</span> <span class='ocrx_word' id='word_1_102' title='bbox 1327 2806 1585 2895; x_wconf 90' lang='lat' dir='ltr'>particularium</span> <span class='ocrx_word' id='word_1_103' title='bbox 1618 2807 1874 2893; x_wconf 76' lang='lat' dir='ltr'>operabilium²</span> <span class='ocrx_word' id='word_1_104' title='bbox 1905 2809 1949 2873; x_wconf 91' lang='lat' dir='ltr'>de</span> <span class='ocrx_word' id='word_1_105' title='bbox 1981 2807 2108 2893; x_wconf 91' lang='lat' dir='ltr'>quibus</span> <span class='ocrx_word' id='word_1_106' title='bbox 2141 2821 2194 2874; x_wconf 87' lang='lat' dir='ltr'>est</span> <span class='ocrx_word' id='word_1_107' title='bbox 2226 2808 2411 2876; x_wconf 85' lang='lat' dir='ltr'>consilium</span> 
     </span>
     <span class='ocr_line' id='line_1_13' title="bbox 932 2923 2410 3013; baseline -0.002 -19"><span class='ocrx_word' id='word_1_108' title='bbox 932 2937 967 2995; x_wconf 89' lang='lat' dir='ltr'>et</span> <span class='ocrx_word' id='word_1_109' title='bbox 993 2925 1171 3013; x_wconf 90' lang='lat' dir='ltr'>inquisitio</span> <span class='ocrx_word' id='word_1_110' title='bbox 1199 2930 1267 3011; x_wconf 85' lang='lat' dir='ltr'>(est</span> <span class='ocrx_word' id='word_1_111' title='bbox 1290 2925 1394 2992; x_wconf 90' lang='lat' dir='ltr'>etiam</span> <span class='ocrx_word' id='word_1_112' title='bbox 1419 2923 1602 3011; x_wconf 91' lang='lat' dir='ltr'>prudentia</span> <span class='ocrx_word' id='word_1_113' title='bbox 1630 2945 1778 3008; x_wconf 91' lang='lat' dir='ltr'>quorum</span> <span class='ocrx_word' id='word_1_114' title='bbox 1807 2924 1964 3012; x_wconf 86' lang='lat' dir='ltr'>cognitio</span> <span class='ocrx_word' id='word_1_115' title='bbox 1989 2923 2165 3010; x_wconf 81' lang='lat' dir='ltr'>pertinet³</span> <span class='ocrx_word' id='word_1_116' title='bbox 2192 2926 2236 2991; x_wconf 88' lang='lat' dir='ltr'>ad</span> <span class='ocrx_word' id='word_1_117' title='bbox 2267 2946 2410 2991; x_wconf 88' lang='lat' dir='ltr'>sensum</span> 
     </span>
     <span class='ocr_line' id='line_1_14' title="bbox 931 3039 2412 3130; baseline -0.002 -21"><span class='ocrx_word' id='word_1_118' title='bbox 931 3041 1173 3130; x_wconf 83' lang='lat' dir='ltr'>praedictum),</span> <span class='ocrx_word' id='word_1_119' title='bbox 1190 3080 1231 3089; x_wconf 91' lang='lat'>—</span> <span class='ocrx_word' id='word_1_120' title='bbox 1249 3040 1434 3127; x_wconf 88' lang='lat' dir='ltr'>prudentia</span> <span class='ocrx_word' id='word_1_121' title='bbox 1461 3051 1629 3125; x_wconf 89' lang='lat' dir='ltr'>quantum</span> <span class='ocrx_word' id='word_1_122' title='bbox 1657 3040 1703 3104; x_wconf 93' lang='lat' dir='ltr'>ad</span> <span class='ocrx_word' id='word_1_123' title='bbox 1727 3039 1856 3124; x_wconf 90' lang='lat' dir='ltr'>aliquid</span> <span class='ocrx_word' id='word_1_124' title='bbox 1881 3039 1934 3105; x_wconf 92' lang='lat' dir='ltr'>sui</span> <span class='ocrx_word' id='word_1_125' title='bbox 1958 3040 2064 3106; x_wconf 89' lang='lat' dir='ltr'>habet</span> <span class='ocrx_word' id='word_1_126' title='bbox 2085 3062 2165 3107; x_wconf 92' lang='lat' dir='ltr'>esse</span> <span class='ocrx_word' id='word_1_127' title='bbox 2193 3040 2227 3106; x_wconf 94' lang='lat' dir='ltr'>in</span> <span class='ocrx_word' id='word_1_128' title='bbox 2255 3040 2412 3127; x_wconf 91' lang='lat' dir='ltr'>potentia</span> 
     </span>
     <span class='ocr_line' id='line_1_15' title="bbox 933 3155 2412 3243; baseline 0 -18"><span class='ocrx_word' id='word_1_129' title='bbox 933 3158 1152 3239; x_wconf 85' lang='lat' dir='ltr'>intellectiva,</span> <span class='ocrx_word' id='word_1_130' title='bbox 1181 3168 1348 3243; x_wconf 90' lang='lat' dir='ltr'>quantum</span> <span class='ocrx_word' id='word_1_131' title='bbox 1376 3157 1420 3222; x_wconf 88' lang='lat' dir='ltr'>ad</span> <span class='ocrx_word' id='word_1_132' title='bbox 1450 3155 1577 3241; x_wconf 91' lang='lat' dir='ltr'>aliquid</span> <span class='ocrx_word' id='word_1_133' title='bbox 1606 3176 1689 3222; x_wconf 90' lang='lat' dir='ltr'>vero</span> <span class='ocrx_word' id='word_1_134' title='bbox 1720 3156 1815 3240; x_wconf 93' lang='lat' dir='ltr'>quod</span> <span class='ocrx_word' id='word_1_135' title='bbox 1850 3166 1903 3222; x_wconf 90' lang='lat' dir='ltr'>est</span> <span class='ocrx_word' id='word_1_136' title='bbox 1930 3156 2176 3243; x_wconf 86' lang='lat' dir='ltr'>completivum</span> <span class='ocrx_word' id='word_1_137' title='bbox 2204 3158 2412 3243; x_wconf 91' lang='lat' dir='ltr'>prudentiae</span> 
     </span>
     <span class='ocr_line' id='line_1_16' title="bbox 934 3271 2412 3359; baseline -0.001 -18"><span class='ocrx_word' id='word_1_138' title='bbox 934 3276 1040 3341; x_wconf 91' lang='lat' dir='ltr'>habet</span> <span class='ocrx_word' id='word_1_139' title='bbox 1064 3296 1144 3341; x_wconf 92' lang='lat' dir='ltr'>esse</span> <span class='ocrx_word' id='word_1_140' title='bbox 1167 3274 1202 3340; x_wconf 92' lang='lat' dir='ltr'>in</span> <span class='ocrx_word' id='word_1_141' title='bbox 1227 3273 1383 3359; x_wconf 87' lang='lat' dir='ltr'>potentia</span> <span class='ocrx_word' id='word_1_142' title='bbox 1408 3271 1584 3340; x_wconf 90' lang='lat' dir='ltr'>sensitiva.</span> <span class='ocrx_word' id='word_1_143' title='bbox 1609 3273 1673 3337; x_wconf 91' lang='lat' dir='ltr'>Vel</span> <span class='ocrx_word' id='word_1_144' title='bbox 1698 3293 1777 3338; x_wconf 91' lang='lat' dir='ltr'>cum</span> <span class='ocrx_word' id='word_1_145' title='bbox 1800 3271 1984 3358; x_wconf 92' lang='lat' dir='ltr'>prudentia</span> <span class='ocrx_word' id='word_1_146' title='bbox 2008 3272 2249 3340; x_wconf 88' lang='lat' dir='ltr'>intellectualis</span> <span class='ocrx_word' id='word_1_147' title='bbox 2272 3274 2412 3340; x_wconf 90' lang='lat' dir='ltr'>habitus</span> 
     </span>
     <span class='ocr_line' id='line_1_17' title="bbox 934 3387 2411 3476; baseline -0.001 -19"><span class='ocrx_word' id='word_1_148' title='bbox 934 3390 1070 3458; x_wconf 88' lang='lat' dir='ltr'>dicatur</span> <span class='ocrx_word' id='word_1_149' title='bbox 1108 3412 1197 3470; x_wconf 90' lang='lat' dir='ltr'>esse,</span> <span class='ocrx_word' id='word_1_150' title='bbox 1228 3429 1268 3437; x_wconf 96' lang='lat'>-</span> <span class='ocrx_word' id='word_1_151' title='bbox 1298 3399 1332 3456; x_wconf 89' lang='lat' dir='ltr'>et</span> <span class='ocrx_word' id='word_1_152' title='bbox 1370 3389 1421 3455; x_wconf 93' lang='lat' dir='ltr'>sic</span> <span class='ocrx_word' id='word_1_153' title='bbox 1455 3388 1540 3454; x_wconf 90' lang='lat' dir='ltr'>nihil</span> <span class='ocrx_word' id='word_1_154' title='bbox 1576 3387 1787 3476; x_wconf 90' lang='lat' dir='ltr'>cognitionis</span> <span class='ocrx_word' id='word_1_155' title='bbox 1823 3387 2064 3455; x_wconf 90' lang='lat' dir='ltr'>intellectualis</span> <span class='ocrx_word' id='word_1_156' title='bbox 2100 3389 2329 3456; x_wconf 88' lang='lat' dir='ltr'>essentialiter</span> <span class='ocrx_word' id='word_1_157' title='bbox 2367 3391 2411 3456; x_wconf 91' lang='lat' dir='ltr'>ad</span> 
     </span>
     <span class='ocr_line' id='line_1_18' title="bbox 934 3503 2411 3593; baseline 0.001 -21"><span class='ocrx_word' id='word_1_158' title='bbox 934 3504 1047 3593; x_wconf 90' lang='lat' dir='ltr'>ipsam</span> <span class='ocrx_word' id='word_1_159' title='bbox 1063 3505 1283 3593; x_wconf 90' lang='lat' dir='ltr'>prudentiam</span> <span class='ocrx_word' id='word_1_160' title='bbox 1300 3504 1505 3592; x_wconf 90' lang='lat' dir='ltr'>pertinentis</span> <span class='ocrx_word' id='word_1_161' title='bbox 1522 3504 1658 3570; x_wconf 92' lang='lat' dir='ltr'>videtur</span> <span class='ocrx_word' id='word_1_162' title='bbox 1681 3525 1789 3590; x_wconf 86' lang='lat' dir='ltr'>posse</span> <span class='ocrx_word' id='word_1_163' title='bbox 1813 3505 1857 3569; x_wconf 90' lang='lat' dir='ltr'>ad</span> <span class='ocrx_word' id='word_1_164' title='bbox 1882 3503 2032 3589; x_wconf 92' lang='lat' dir='ltr'>aliquem</span> <span class='ocrx_word' id='word_1_165' title='bbox 2056 3526 2199 3572; x_wconf 88' lang='lat' dir='ltr'>sensum</span> <span class='ocrx_word' id='word_1_166' title='bbox 2217 3506 2411 3593; x_wconf 86' lang='lat' dir='ltr'>pertinere3</span> 
     </span>
     <span class='ocr_line' id='line_1_19' title="bbox 935 3619 2412 3710; baseline -0.001 -20"><span class='ocrx_word' id='word_1_167' title='bbox 935 3664 976 3672; x_wconf 97' lang='lat'><strong>—</strong></span> <span class='ocrx_word' id='word_1_168' title='bbox 994 3632 1133 3710; x_wconf 90' lang='lat' dir='ltr'>oportet</span> <span class='ocrx_word' id='word_1_169' title='bbox 1160 3623 1257 3707; x_wconf 89' lang='lat' dir='ltr'>quod</span> <span class='ocrx_word' id='word_1_170' title='bbox 1283 3619 1469 3708; x_wconf 88' lang='lat' dir='ltr'>prudentia</span> <span class='ocrx_word' id='word_1_171' title='bbox 1486 3631 1653 3705; x_wconf 90' lang='lat' dir='ltr'>quantum</span> <span class='ocrx_word' id='word_1_172' title='bbox 1683 3621 1727 3685; x_wconf 92' lang='lat' dir='ltr'>ad</span> <span class='ocrx_word' id='word_1_173' title='bbox 1755 3619 1885 3705; x_wconf 92' lang='lat' dir='ltr'>aliquid</span> <span class='ocrx_word' id='word_1_174' title='bbox 1911 3622 2040 3687; x_wconf 89' lang='lat' dir='ltr'>babeat</span> <span class='ocrx_word' id='word_1_175' title='bbox 2068 3643 2147 3688; x_wconf 89' lang='lat' dir='ltr'>esse</span> <span class='ocrx_word' id='word_1_176' title='bbox 2175 3621 2209 3687; x_wconf 93' lang='lat' dir='ltr'>in</span> <span class='ocrx_word' id='word_1_177' title='bbox 2237 3621 2412 3689; x_wconf 90' lang='lat' dir='ltr'>intellectu</span> 
     </span>
     <span class='ocr_line' id='line_1_20' title="bbox 935 3735 2414 3824; baseline -0.001 -18"><span class='ocrx_word' id='word_1_178' title='bbox 935 3740 1130 3808; x_wconf 91' lang='lat' dir='ltr'>secundum</span> <span class='ocrx_word' id='word_1_179' title='bbox 1146 3759 1196 3819; x_wconf 91' lang='lat' dir='ltr'>se,</span> <span class='ocrx_word' id='word_1_180' title='bbox 1209 3736 1342 3804; x_wconf 91' lang='lat' dir='ltr'>scilicet</span> <span class='ocrx_word' id='word_1_181' title='bbox 1358 3749 1526 3822; x_wconf 91' lang='lat' dir='ltr'>quantum</span> <span class='ocrx_word' id='word_1_182' title='bbox 1543 3736 1591 3801; x_wconf 86' lang='lat' dir='ltr'>ad&#39;</span> <span class='ocrx_word' id='word_1_183' title='bbox 1605 3735 1843 3824; x_wconf 89' lang='lat' dir='ltr'>cognitionem</span> <span class='ocrx_word' id='word_1_184' title='bbox 1861 3736 2116 3817; x_wconf 89' lang='lat' dir='ltr'>universalium,</span> <span class='ocrx_word' id='word_1_185' title='bbox 2134 3749 2167 3804; x_wconf 90' lang='lat' dir='ltr'>et</span> <span class='ocrx_word' id='word_1_186' title='bbox 2185 3751 2352 3823; x_wconf 88' lang='lat' dir='ltr'>quantum</span> <span class='ocrx_word' id='word_1_187' title='bbox 2369 3740 2414 3805; x_wconf 92' lang='lat' dir='ltr'>ad</span> 
     </span>
     <span class='ocr_line' id='line_1_21' title="bbox 935 3851 2414 3942; baseline -0.001 -20"><span class='ocrx_word' id='word_1_188' title='bbox 935 3854 1064 3942; x_wconf 89' lang='lat' dir='ltr'>aliquid</span> <span class='ocrx_word' id='word_1_189' title='bbox 1089 3854 1125 3920; x_wconf 93' lang='lat' dir='ltr'>in</span> <span class='ocrx_word' id='word_1_190' title='bbox 1148 3854 1325 3921; x_wconf 90' lang='lat' dir='ltr'>intellectu</span> <span class='ocrx_word' id='word_1_191' title='bbox 1350 3865 1387 3918; x_wconf 91' lang='lat' dir='ltr'>ut</span> <span class='ocrx_word' id='word_1_192' title='bbox 1409 3851 1610 3940; x_wconf 89' lang='lat' dir='ltr'>intelligitur</span> <span class='ocrx_word' id='word_1_193' title='bbox 1634 3851 1843 3919; x_wconf 92' lang='lat' dir='ltr'>coniunctus</span> <span class='ocrx_word' id='word_1_194' title='bbox 1864 3852 2043 3938; x_wconf 88' lang='lat' dir='ltr'>praedicto</span> <span class='ocrx_word' id='word_1_195' title='bbox 2068 3854 2197 3920; x_wconf 87' lang='lat' dir='ltr'>sensui.</span> <span class='ocrx_word' id='word_1_196' title='bbox 2223 3854 2295 3921; x_wconf 87' lang='lat' dir='ltr'>Aut</span> <span class='ocrx_word' id='word_1_197' title='bbox 2318 3855 2414 3922; x_wconf 91' lang='lat' dir='ltr'>intel-</span> 
     </span>
     <span class='ocr_line' id='line_1_22' title="bbox 907 3968 2415 4066; baseline -0.001 -28"><span class='ocrx_word' id='word_1_198' title='bbox 907 4061 910 4066; x_wconf 22' lang='lat'>·</span> <span class='ocrx_word' id='word_1_199' title='bbox 935 3971 1046 4038; x_wconf 87' lang='lat' dir='ltr'>lectus</span> <span class='ocrx_word' id='word_1_200' title='bbox 1068 3981 1106 4036; x_wconf 91' lang='lat' dir='ltr'>ut</span> <span class='ocrx_word' id='word_1_201' title='bbox 1121 3970 1173 4036; x_wconf 91' lang='lat' dir='ltr'>sic</span> <span class='ocrx_word' id='word_1_202' title='bbox 1189 3969 1322 4036; x_wconf 89' lang='lat' dir='ltr'>scilicet</span> <span class='ocrx_word' id='word_1_203' title='bbox 1344 3968 1437 4033; x_wconf 89' lang='lat' dir='ltr'>utin</span> <span class='ocrx_word' id='word_1_204' title='bbox 1459 3990 1524 4034; x_wconf 91' lang='lat' dir='ltr'>suo</span> <span class='ocrx_word' id='word_1_205' title='bbox 1548 3979 1627 4034; x_wconf 92' lang='lat' dir='ltr'>actu</span> <span class='ocrx_word' id='word_1_206' title='bbox 1653 3968 1894 4056; x_wconf 83' lang='lat' dir='ltr'>cognoscendi</span> <span class='ocrx_word' id='word_1_207' title='bbox 1911 3968 2032 4035; x_wconf 88' lang='lat' dir='ltr'>sensui</span> <span class='ocrx_word' id='word_1_208' title='bbox 2056 3970 2113 4035; x_wconf 91' lang='lat' dir='ltr'>tali</span> <span class='ocrx_word' id='word_1_209' title='bbox 2132 3970 2205 4037; x_wconf 87' lang='lat' dir='ltr'>sive</span> <span class='ocrx_word' id='word_1_210' title='bbox 2222 3971 2415 4059; x_wconf 85' lang='lat' dir='ltr'>cognitioni</span> 
     </span>
     <span class='ocr_line' id='line_1_23' title="bbox 935 4083 2310 4172; baseline -0.001 -19"><span class='ocrx_word' id='word_1_211' title='bbox 935 4086 1078 4153; x_wconf 90' lang='lat' dir='ltr'>rationis</span> <span class='ocrx_word' id='word_1_212' title='bbox 1097 4084 1314 4172; x_wconf 88' lang='lat' dir='ltr'>particularis</span> <span class='ocrx_word' id='word_1_213' title='bbox 1331 4086 1384 4150; x_wconf 89' lang='lat' dir='ltr'>vel</span> <span class='ocrx_word' id='word_1_214' title='bbox 1402 4085 1640 4172; x_wconf 80' lang='lat' dir='ltr'>cogitativae⁴</span> <span class='ocrx_word' id='word_1_215' title='bbox 1656 4083 1865 4150; x_wconf 92' lang='lat' dir='ltr'>coniunctus</span> <span class='ocrx_word' id='word_1_216' title='bbox 1883 4083 2007 4151; x_wconf 90' lang='lat' dir='ltr'>dicitur</span> <span class='ocrx_word' id='word_1_217' title='bbox 2023 4085 2310 4153; x_wconf 88' lang='lat' dir='ltr'>ratiocinativum.</span> 
     </span>
    </p>

    <p class='ocr_par' dir='ltr' id='par_1_3' title="bbox 937 4199 2419 5337">
     <span class='ocr_line' id='line_1_24' title="bbox 1025 4199 2415 4284; baseline 0 -15"><span class='ocrx_word' id='word_1_218' title='bbox 1025 4202 1069 4268; x_wconf 91' lang='lat' dir='ltr'>Et</span> <span class='ocrx_word' id='word_1_219' title='bbox 1086 4202 1282 4269; x_wconf 91' lang='lat' dir='ltr'>secundum</span> <span class='ocrx_word' id='word_1_220' title='bbox 1298 4203 1368 4267; x_wconf 91' lang='lat' dir='ltr'>hoc</span> <span class='ocrx_word' id='word_1_221' title='bbox 1386 4200 1573 4266; x_wconf 91' lang='lat' dir='ltr'>dicendum</span> <span class='ocrx_word' id='word_1_222' title='bbox 1590 4200 1686 4284; x_wconf 91' lang='lat' dir='ltr'>quod</span> <span class='ocrx_word' id='word_1_223' title='bbox 1703 4199 1930 4267; x_wconf 87' lang='lat' dir='ltr'>scientificum</span> <span class='ocrx_word' id='word_1_224' title='bbox 1948 4212 1982 4266; x_wconf 89' lang='lat' dir='ltr'>et</span> <span class='ocrx_word' id='word_1_225' title='bbox 1998 4201 2274 4269; x_wconf 85' lang='lat' dir='ltr'>ratiocinativum</span> <span class='ocrx_word' id='word_1_226' title='bbox 2296 4204 2415 4271; x_wconf 91' lang='lat' dir='ltr'>dicunt</span> 
     </span>
     <span class='ocr_line' id='line_1_25' title="bbox 937 4315 2416 4405; baseline 0.001 -20"><span class='ocrx_word' id='word_1_227' title='bbox 937 4318 1094 4385; x_wconf 87' lang='lat' dir='ltr'>diversas</span> <span class='ocrx_word' id='word_1_228' title='bbox 1128 4316 1304 4404; x_wconf 89' lang='lat' dir='ltr'>potentias</span> <span class='ocrx_word' id='word_1_229' title='bbox 1335 4316 1370 4381; x_wconf 95' lang='lat' dir='ltr'>in</span> <span class='ocrx_word' id='word_1_230' title='bbox 1403 4329 1569 4402; x_wconf 85' lang='lat' dir='ltr'>quantum</span> <span class='ocrx_word' id='word_1_231' title='bbox 1604 4315 1639 4381; x_wconf 93' lang='lat' dir='ltr'>in</span> <span class='ocrx_word' id='word_1_232' title='bbox 1679 4315 1872 4382; x_wconf 87' lang='lat' dir='ltr'>scientifico</span> <span class='ocrx_word' id='word_1_233' title='bbox 1908 4317 2076 4402; x_wconf 91' lang='lat' dir='ltr'>accipitur</span> <span class='ocrx_word' id='word_1_234' title='bbox 2106 4318 2218 4384; x_wconf 92' lang='lat' dir='ltr'>solum</span> <span class='ocrx_word' id='word_1_235' title='bbox 2249 4319 2285 4384; x_wconf 93' lang='lat' dir='ltr'>id</span> <span class='ocrx_word' id='word_1_236' title='bbox 2320 4322 2416 4405; x_wconf 91' lang='lat' dir='ltr'>quod</span> 
     </span>
     <span class='ocr_line' id='line_1_26' title="bbox 937 4431 2417 4520; baseline -0.001 -18"><span class='ocrx_word' id='word_1_237' title='bbox 937 4434 1016 4502; x_wconf 78' lang='lat' dir='ltr'>est⁶</span> <span class='ocrx_word' id='word_1_238' title='bbox 1049 4433 1160 4520; x_wconf 91' lang='lat' dir='ltr'>ipsius</span> <span class='ocrx_word' id='word_1_239' title='bbox 1192 4432 1407 4511; x_wconf 85' lang='lat' dir='ltr'>intellectus3</span> <span class='ocrx_word' id='word_1_240' title='bbox 1444 4431 1478 4497; x_wconf 93' lang='lat' dir='ltr'>in</span> <span class='ocrx_word' id='word_1_241' title='bbox 1509 4431 1749 4498; x_wconf 90' lang='lat' dir='ltr'>ratiocinativo</span> <span class='ocrx_word' id='word_1_242' title='bbox 1780 4442 1895 4499; x_wconf 87' lang='lat' dir='ltr'>autern</span> <span class='ocrx_word' id='word_1_243' title='bbox 1927 4433 2141 4518; x_wconf 91' lang='lat' dir='ltr'>coaccipitur</span> <span class='ocrx_word' id='word_1_244' title='bbox 2172 4434 2206 4501; x_wconf 93' lang='lat' dir='ltr'>id</span> <span class='ocrx_word' id='word_1_245' title='bbox 2237 4437 2332 4520; x_wconf 88' lang='lat' dir='ltr'>quod</span> <span class='ocrx_word' id='word_1_246' title='bbox 2364 4446 2417 4502; x_wconf 90' lang='lat' dir='ltr'>est</span> 
     </span>
     <span class='ocr_line' id='line_1_27' title="bbox 937 4547 2417 4636; baseline 0 -19"><span class='ocrx_word' id='word_1_247' title='bbox 937 4571 1073 4618; x_wconf 91' lang='lat' dir='ltr'>sensus.</span> <span class='ocrx_word' id='word_1_248' title='bbox 1099 4548 1350 4636; x_wconf 89' lang='lat' dir='ltr'>Contingentia</span> <span class='ocrx_word' id='word_1_249' title='bbox 1376 4547 1468 4614; x_wconf 93' lang='lat' dir='ltr'>enim</span> <span class='ocrx_word' id='word_1_250' title='bbox 1493 4549 1688 4614; x_wconf 87' lang='lat' dir='ltr'>secundum</span> <span class='ocrx_word' id='word_1_251' title='bbox 1713 4548 1808 4632; x_wconf 92' lang='lat' dir='ltr'>quod</span> <span class='ocrx_word' id='word_1_252' title='bbox 1833 4558 1914 4613; x_wconf 90' lang='lat' dir='ltr'>sunt</span> <span class='ocrx_word' id='word_1_253' title='bbox 1937 4549 2154 4633; x_wconf 80' lang='lat' dir='ltr'>operabilia⁰</span> <span class='ocrx_word' id='word_1_254' title='bbox 2178 4563 2211 4616; x_wconf 94' lang='lat' dir='ltr'>et</span> <span class='ocrx_word' id='word_1_255' title='bbox 2234 4552 2279 4616; x_wconf 91' lang='lat' dir='ltr'>ad</span> <span class='ocrx_word' id='word_1_256' title='bbox 2303 4551 2417 4617; x_wconf 91' lang='lat' dir='ltr'>consi·</span> 
     </span>
     <span class='ocr_line' id='line_1_28' title="bbox 939 4662 2417 4752; baseline 0 -19"><span class='ocrx_word' id='word_1_257' title='bbox 939 4665 1155 4733; x_wconf 91' lang='lat' dir='ltr'>derationem</span> <span class='ocrx_word' id='word_1_258' title='bbox 1179 4664 1386 4752; x_wconf 88' lang='lat' dir='ltr'>prudentiae</span> <span class='ocrx_word' id='word_1_259' title='bbox 1413 4663 1621 4750; x_wconf 89' lang='lat' dir='ltr'>pertinentia</span> <span class='ocrx_word' id='word_1_260' title='bbox 1650 4663 1783 4730; x_wconf 91' lang='lat' dir='ltr'>scilieet</span> <span class='ocrx_word' id='word_1_261' title='bbox 1810 4662 1846 4728; x_wconf 94' lang='lat' dir='ltr'>in</span> <span class='ocrx_word' id='word_1_262' title='bbox 1870 4664 2076 4750; x_wconf 89' lang='lat' dir='ltr'>particulari,</span> <span class='ocrx_word' id='word_1_263' title='bbox 2107 4669 2167 4751; x_wconf 82' lang='lat' dir='ltr'>[ut]</span> <span class='ocrx_word' id='word_1_264' title='bbox 2192 4668 2323 4733; x_wconf 89' lang='lat' dir='ltr'>cadunt</span> <span class='ocrx_word' id='word_1_265' title='bbox 2350 4670 2417 4733; x_wconf 90' lang='lat' dir='ltr'>sub</span> 
     </span>
     <span class='ocr_line' id='line_1_29' title="bbox 938 4779 2417 4867; baseline 0.001 -18"><span class='ocrx_word' id='word_1_266' title='bbox 938 4780 1087 4849; x_wconf 90' lang='lat' dir='ltr'>consilio</span> <span class='ocrx_word' id='word_1_267' title='bbox 1118 4792 1153 4848; x_wconf 91' lang='lat' dir='ltr'>et</span> <span class='ocrx_word' id='word_1_268' title='bbox 1184 4781 1388 4867; x_wconf 90' lang='lat' dir='ltr'>operatione</span> <span class='ocrx_word' id='word_1_269' title='bbox 1419 4780 1548 4861; x_wconf 80' lang='lat' dir='ltr'>ndstra,</span> <span class='ocrx_word' id='word_1_270' title='bbox 1586 4779 1666 4864; x_wconf 87' lang='lat' dir='ltr'>quia</span> <span class='ocrx_word' id='word_1_271' title='bbox 1701 4779 1752 4845; x_wconf 91' lang='lat' dir='ltr'>sic</span> <span class='ocrx_word' id='word_1_272' title='bbox 1782 4779 1960 4845; x_wconf 92' lang='lat' dir='ltr'>variabilia</span> <span class='ocrx_word' id='word_1_273' title='bbox 1995 4791 2075 4846; x_wconf 92' lang='lat' dir='ltr'>sunt</span> <span class='ocrx_word' id='word_1_274' title='bbox 2106 4803 2173 4848; x_wconf 89' lang='lat' dir='ltr'>nec</span> <span class='ocrx_word' id='word_1_275' title='bbox 2204 4784 2334 4849; x_wconf 86' lang='lat' dir='ltr'>cadunt</span> <span class='ocrx_word' id='word_1_276' title='bbox 2366 4784 2417 4850; x_wconf 87' lang='lat' dir='ltr'>sic</span> 
     </span>
     <span class='ocr_line' id='line_1_30' title="bbox 937 4895 2418 4982; baseline 0.001 -19"><span class='ocrx_word' id='word_1_277' title='bbox 937 4898 1004 4963; x_wconf 93' lang='lat' dir='ltr'>sub</span> <span class='ocrx_word' id='word_1_278' title='bbox 1023 4895 1321 4963; x_wconf 84' lang='lat' dir='ltr'>‘consideratione</span> <span class='ocrx_word' id='word_1_279' title='bbox 1357 4895 1551 4961; x_wconf 90' lang='lat' dir='ltr'>intellectus</span> <span class='ocrx_word' id='word_1_280' title='bbox 1586 4895 1653 4960; x_wconf 87' lang='lat' dir='ltr'>nisi</span> <span class='ocrx_word' id='word_1_281' title='bbox 1689 4895 1923 4962; x_wconf 88' lang='lat' dir='ltr'>mediantibus</span> <span class='ocrx_word' id='word_1_282' title='bbox 1958 4897 2122 4982; x_wconf 86' lang='lat' dir='ltr'>potentiis</span> <span class='ocrx_word' id='word_1_283' title='bbox 2153 4898 2338 4966; x_wconf 86' lang='lat' dir='ltr'>sensitivis.</span> <span class='ocrx_word' id='word_1_284' title='bbox 2375 4901 2418 4966; x_wconf 89' lang='lat' dir='ltr'>Et</span> 
     </span>
     <span class='ocr_line' id='line_1_31' title="bbox 937 5010 2419 5100; baseline 0.001 -20"><span class='ocrx_word' id='word_1_285' title='bbox 937 5012 1019 5080; x_wconf 90' lang='lat' dir='ltr'>ideo</span> <span class='ocrx_word' id='word_1_286' title='bbox 1045 5013 1136 5079; x_wconf 91' lang='lat' dir='ltr'>inter</span> <span class='ocrx_word' id='word_1_287' title='bbox 1161 5011 1335 5098; x_wconf 91' lang='lat' dir='ltr'>potentias</span> <span class='ocrx_word' id='word_1_288' title='bbox 1360 5010 1496 5077; x_wconf 90' lang='lat' dir='ltr'>animae</span> <span class='ocrx_word' id='word_1_289' title='bbox 1520 5011 1704 5077; x_wconf 89' lang='lat' dir='ltr'>sensitivas</span> <span class='ocrx_word' id='word_1_290' title='bbox 1731 5011 1872 5097; x_wconf 90' lang='lat' dir='ltr'>ponitur</span> <span class='ocrx_word' id='word_1_291' title='bbox 1894 5035 1965 5077; x_wconf 84' lang='lat' dir='ltr'>una</span> <span class='ocrx_word' id='word_1_292' title='bbox 1992 5014 2148 5099; x_wconf 91' lang='lat' dir='ltr'>potentia</span> <span class='ocrx_word' id='word_1_293' title='bbox 2176 5037 2266 5100; x_wconf 87' lang='lat' dir='ltr'>quae</span> <span class='ocrx_word' id='word_1_294' title='bbox 2293 5016 2419 5082; x_wconf 92' lang='lat' dir='ltr'>dicitur</span> 
     </span>
     <span class='ocr_line' id='line_1_32' title="bbox 938 5126 2417 5215; baseline 0.002 -20"><span class='ocrx_word' id='word_1_295' title='bbox 938 5128 1026 5196; x_wconf 91' lang='lat' dir='ltr'>ratio</span> <span class='ocrx_word' id='word_1_296' title='bbox 1065 5127 1281 5215; x_wconf 88' lang='lat' dir='ltr'>particularis</span> <span class='ocrx_word' id='word_1_297' title='bbox 1323 5128 1396 5193; x_wconf 92' lang='lat' dir='ltr'>sive</span> <span class='ocrx_word' id='word_1_298' title='bbox 1442 5126 1491 5193; x_wconf 86' lang='lat' dir='ltr'>vis</span> <span class='ocrx_word' id='word_1_299' title='bbox 1535 5127 1723 5215; x_wconf 91' lang='lat' dir='ltr'>cogitativa</span> <span class='ocrx_word' id='word_1_300' title='bbox 1762 5149 1851 5212; x_wconf 91' lang='lat' dir='ltr'>quae</span> <span class='ocrx_word' id='word_1_301' title='bbox 1891 5139 1944 5194; x_wconf 92' lang='lat' dir='ltr'>est</span> <span class='ocrx_word' id='word_1_302' title='bbox 1982 5129 2142 5195; x_wconf 92' lang='lat' dir='ltr'>collativa</span> <span class='ocrx_word' id='word_1_303' title='bbox 2186 5130 2417 5198; x_wconf 90' lang='lat' dir='ltr'>intentionum</span> 
     </span>
     <span class='ocr_line' id='line_1_33' title="bbox 939 5243 2418 5337; baseline 0.003 -26"><span class='ocrx_word' id='word_1_304' title='bbox 939 5243 1205 5333; x_wconf 88' lang='lat' dir='ltr'>particularium.</span> <span class='ocrx_word' id='word_1_305' title='bbox 1234 5244 1278 5309; x_wconf 90' lang='lat' dir='ltr'>Et</span> <span class='ocrx_word' id='word_1_306' title='bbox 1313 5243 1394 5330; x_wconf 90' lang='lat' dir='ltr'>quia</span> <span class='ocrx_word' id='word_1_307' title='bbox 1425 5243 1621 5310; x_wconf 88' lang='lat' dir='ltr'>intellectus</span> <span class='ocrx_word' id='word_1_308' title='bbox 1656 5244 1916 5310; x_wconf 87' lang='lat' dir='ltr'>considerando</span> <span class='ocrx_word' id='word_1_309' title='bbox 1946 5244 2147 5312; x_wconf 90' lang='lat' dir='ltr'>huiusmodi</span> <span class='ocrx_word' id='word_1_310' title='bbox 2179 5246 2418 5337; x_wconf 89' lang='lat' dir='ltr'>contingentia</span> 
     </span>
    </p>
   </div>
   <div class='ocr_carea' id='block_1_3' title="bbox 939 5528 2418 5690">
    <p class='ocr_par' dir='ltr' id='par_1_4' title="bbox 939 5528 2418 5690">
     <span class='ocr_line' id='line_1_34' title="bbox 1030 5528 2418 5605; baseline 0.004 -21"><span class='ocrx_word' id='word_1_311' title='bbox 1030 5532 1039 5562; x_wconf 84' lang='lat'><strong>¹</strong></span> <span class='ocrx_word' id='word_1_312' title='bbox 1052 5536 1083 5584; x_wconf 91' lang='lat' dir='ltr'>et</span> <span class='ocrx_word' id='word_1_313' title='bbox 1096 5529 1127 5584; x_wconf 89' lang='lat' dir='ltr'>P.</span> <span class='ocrx_word' id='word_1_314' title='bbox 1138 5561 1172 5569; x_wconf 96' lang='lat'>—</span> <span class='ocrx_word' id='word_1_315' title='bbox 1186 5530 1197 5561; x_wconf 78' lang='lat'>²</span> <span class='ocrx_word' id='word_1_316' title='bbox 1209 5529 1428 5601; x_wconf 88' lang='lat' dir='ltr'>particularium</span> <span class='ocrx_word' id='word_1_317' title='bbox 1442 5528 1644 5599; x_wconf 85' lang='lat' dir='ltr'>operabilium]</span> <span class='ocrx_word' id='word_1_318' title='bbox 1659 5528 1853 5599; x_wconf 85' lang='lat' dir='ltr'>operabilium</span> <span class='ocrx_word' id='word_1_319' title='bbox 1866 5529 2086 5601; x_wconf 83' lang='lat' dir='ltr'>particularium</span> <span class='ocrx_word' id='word_1_320' title='bbox 2101 5531 2131 5585; x_wconf 84' lang='lat' dir='ltr'>P.</span> <span class='ocrx_word' id='word_1_321' title='bbox 2143 5564 2175 5571; x_wconf 96' lang='lat'>—</span> <span class='ocrx_word' id='word_1_322' title='bbox 2190 5534 2201 5565; x_wconf 82' lang='lat'>⁸</span> <span class='ocrx_word' id='word_1_323' title='bbox 2213 5532 2374 5605; x_wconf 88' lang='lat' dir='ltr'>pertineret</span> <span class='ocrx_word' id='word_1_324' title='bbox 2387 5536 2418 5589; x_wconf 86' lang='lat' dir='ltr'>P.</span> 
     </span>
     <span class='ocr_line' id='line_1_35' title="bbox 939 5616 1813 5690; baseline -0.005 -16"><span class='ocrx_word' id='word_1_325' title='bbox 939 5649 974 5659; x_wconf 95' lang='lat'>-</span> <span class='ocrx_word' id='word_1_326' title='bbox 993 5619 1004 5651; x_wconf 86' lang='lat'><strong>⁴</strong></span> <span class='ocrx_word' id='word_1_327' title='bbox 1022 5616 1201 5690; x_wconf 85' lang='lat' dir='ltr'>cognitionis</span> <span class='ocrx_word' id='word_1_328' title='bbox 1213 5617 1276 5672; x_wconf 90' lang='lat' dir='ltr'>PV.</span> <span class='ocrx_word' id='word_1_329' title='bbox 1291 5649 1324 5656; x_wconf 94' lang='lat'>—</span> <span class='ocrx_word' id='word_1_330' title='bbox 1338 5618 1349 5648; x_wconf 76' lang='lat'><strong>³</strong></span> <span class='ocrx_word' id='word_1_331' title='bbox 1362 5635 1416 5670; x_wconf 86' lang='lat' dir='ltr'>om.</span> <span class='ocrx_word' id='word_1_332' title='bbox 1436 5618 1467 5670; x_wconf 88' lang='lat' dir='ltr'>P.</span> <span class='ocrx_word' id='word_1_333' title='bbox 1488 5649 1521 5656; x_wconf 95' lang='lat'><em>-</em></span> <span class='ocrx_word' id='word_1_334' title='bbox 1541 5618 1551 5648; x_wconf 82' lang='lat'>⁶</span> <span class='ocrx_word' id='word_1_335' title='bbox 1569 5616 1762 5688; x_wconf 84' lang='lat' dir='ltr'>operabilium</span> <span class='ocrx_word' id='word_1_336' title='bbox 1783 5617 1813 5670; x_wconf 93' lang='lat' dir='ltr'>P.</span> 
     </span>
    </p>
   </div>
   <div class='ocr_carea' id='block_1_4' title="bbox 940 5816 2419 6141">
    <p class='ocr_par' dir='ltr' id='par_1_5' title="bbox 940 5816 2419 6141">
     <span class='ocr_line' id='line_1_36' title="bbox 940 5816 2419 5903; baseline 0.009 -30"><span class='ocrx_word' id='word_1_337' title='bbox 940 5818 1032 5890; x_wconf 68' lang='grc' dir='ltr'><strong>ὥσπερ</strong></span> <span class='ocrx_word' id='word_1_338' title='bbox 1048 5816 1159 5891; x_wconf 77' lang='grc' dir='ltr'>εἴρηται·</span> <span class='ocrx_word' id='word_1_339' title='bbox 1179 5822 1210 5875; x_wconf 79' lang='grc' dir='ltr'>τὸ</span> <span class='ocrx_word' id='word_1_340' title='bbox 1226 5822 1277 5892; x_wconf 80' lang='grc' dir='ltr'>γὰρ</span> <span class='ocrx_word' id='word_1_341' title='bbox 1293 5820 1412 5890; x_wconf 79' lang='grc' dir='ltr'>πρακτὸν</span> <span class='ocrx_word' id='word_1_342' title='bbox 1431 5825 1560 5873; x_wconf 72' lang='grc' dir='ltr'>τοιοῦτον·</span> <span class='ocrx_word' id='word_1_343' title='bbox 1579 5819 1721 5874; x_wconf 82' lang='grc' dir='ltr'>ἀντίκειται</span> <span class='ocrx_word' id='word_1_344' title='bbox 1738 5822 1785 5888; x_wconf 79' lang='grc' dir='ltr'>μὲν</span> <span class='ocrx_word' id='word_1_345' title='bbox 1801 5823 1833 5888; x_wconf 77' lang='grc' dir='ltr'>δὴ</span> <span class='ocrx_word' id='word_1_346' title='bbox 1849 5830 1888 5893; x_wconf 81' lang='grc' dir='ltr'>τῷ</span> <span class='ocrx_word' id='word_1_347' title='bbox 1904 5831 1950 5894; x_wconf 78' lang='grc' dir='ltr'>νῷ·</span> <span class='ocrx_word' id='word_1_348' title='bbox 1968 5826 1983 5878; x_wconf 80' lang='lat'>‹¹›</span> <span class='ocrx_word' id='word_1_349' title='bbox 2002 5825 2048 5894; x_wconf 80' lang='grc' dir='ltr'>μὲν</span> <span class='ocrx_word' id='word_1_350' title='bbox 2066 5830 2118 5899; x_wconf 79' lang='grc' dir='ltr'>γὰρ</span> <span class='ocrx_word' id='word_1_351' title='bbox 2135 5836 2194 5892; x_wconf 77' lang='grc' dir='ltr'>νοῦς</span> <span class='ocrx_word' id='word_1_352' title='bbox 2212 5838 2266 5885; x_wconf 83' lang='grc' dir='ltr'>τῶν</span> <span class='ocrx_word' id='word_1_353' title='bbox 2284 5834 2363 5903; x_wconf 79' lang='grc' dir='ltr'><strong>ὅρων,</strong></span> <span class='ocrx_word' id='word_1_354' title='bbox 2382 5836 2419 5888; x_wconf 87' lang='grc' dir='ltr'>ὡν</span> 
     </span>
     <span class='ocr_line' id='line_1_37' title="bbox 940 5899 2418 5984; baseline -0.014 -27"><span class='ocrx_word' id='word_1_355' title='bbox 940 5900 991 5957; x_wconf 78' lang='grc' dir='ltr'>οὐκ</span> <span class='ocrx_word' id='word_1_356' title='bbox 1010 5899 1066 5956; x_wconf 74' lang='grc' dir='ltr'>ἔστι</span> <span class='ocrx_word' id='word_1_357' title='bbox 1086 5902 1176 5975; x_wconf 74' lang='grc' dir='ltr'>λόγος,</span> <span class='ocrx_word' id='word_1_358' title='bbox 1198 5904 1214 5968; x_wconf 81' lang='grc' dir='ltr'>ἡ</span> <span class='ocrx_word' id='word_1_359' title='bbox 1235 5902 1263 5956; x_wconf 81' lang='grc' dir='ltr'>δὲ</span> <span class='ocrx_word' id='word_1_360' title='bbox 1284 5908 1330 5955; x_wconf 78' lang='grc' dir='ltr'>τοῦ</span> <span class='ocrx_word' id='word_1_361' title='bbox 1351 5901 1476 5973; x_wconf 71' lang='grc' dir='ltr'>ἐσχάτου,</span> <span class='ocrx_word' id='word_1_362' title='bbox 1498 5902 1529 5954; x_wconf 75' lang='grc' dir='ltr'>οὗ</span> <span class='ocrx_word' id='word_1_363' title='bbox 1549 5900 1599 5955; x_wconf 71' lang='grc' dir='ltr'>οὖν,</span> <span class='ocrx_word' id='word_1_364' title='bbox 1619 5900 1688 5956; x_wconf 82' lang='grc' dir='ltr'>ἔστιν</span> <span class='ocrx_word' id='word_1_365' title='bbox 1709 5903 1842 5972; x_wconf 79' lang='grc' dir='ltr'>ἐπιστήμη</span> <span class='ocrx_word' id='word_1_366' title='bbox 1864 5907 1922 5960; x_wconf 75' lang='grc' dir='ltr'>ἀλλ’</span> <span class='ocrx_word' id='word_1_367' title='bbox 1941 5904 2066 5975; x_wconf 74' lang='grc' dir='ltr'>αἴσθησις,</span> <span class='ocrx_word' id='word_1_368' title='bbox 2086 5909 2137 5984; x_wconf 64' lang='lat'>⁰⁹3¹!</span> <span class='ocrx_word' id='word_1_369' title='bbox 2159 5914 2175 5979; x_wconf 61' lang='grc' dir='ltr'>ἦ</span> <span class='ocrx_word' id='word_1_370' title='bbox 2194 5921 2247 5969; x_wconf 62' lang='grc' dir='ltr'>τῶν</span> <span class='ocrx_word' id='word_1_371' title='bbox 2265 5915 2345 5979; x_wconf 46' lang='grc' dir='ltr'>ἰδίων,</span> <span class='ocrx_word' id='word_1_372' title='bbox 2360 5918 2418 5972; x_wconf 58' lang='grc' dir='ltr'>ἀλλ,</span> 
     </span>
     <span class='ocr_line' id='line_1_38' title="bbox 940 5973 2419 6069; baseline 0.01 -30"><span class='ocrx_word' id='word_1_373' title='bbox 940 5984 984 6055; x_wconf 75' lang='grc' dir='ltr'>οἵᾳ</span> <span class='ocrx_word' id='word_1_374' title='bbox 1003 5984 1180 6053; x_wconf 73' lang='grc' dir='ltr'>αἰσθανόμεθα</span> <span class='ocrx_word' id='word_1_375' title='bbox 1200 5985 1240 6039; x_wconf 75' lang='grc' dir='ltr'>ὅτι</span> <span class='ocrx_word' id='word_1_376' title='bbox 1261 5985 1291 6038; x_wconf 78' lang='grc' dir='ltr'>τὸ</span> <span class='ocrx_word' id='word_1_377' title='bbox 1312 5983 1338 6038; x_wconf 82' lang='grc' dir='ltr'>ἐν</span> <span class='ocrx_word' id='word_1_378' title='bbox 1358 5991 1412 6046; x_wconf 76' lang='grc' dir='ltr'>τοῖς</span> <span class='ocrx_word' id='word_1_379' title='bbox 1435 5988 1630 6050; x_wconf 71' lang='grc' dir='ltr'>μαθηματικοῖς</span> <span class='ocrx_word' id='word_1_380' title='bbox 1650 5979 1764 6056; x_wconf 52' lang='grc' dir='ltr'>ἔσχατον</span> <span class='ocrx_word' id='word_1_381' title='bbox 1785 5988 1923 6062; x_wconf 76' lang='grc' dir='ltr'>τρίγωνον·</span> <span class='ocrx_word' id='word_1_382' title='bbox 1945 5991 2068 6061; x_wconf 69' lang='grc' dir='ltr'>στήσεται</span> <span class='ocrx_word' id='word_1_383' title='bbox 2088 5973 2140 6069; x_wconf 55' lang='lat' dir='ltr'>lli</span> <span class='ocrx_word' id='word_1_384' title='bbox 2163 5996 2248 6054; x_wconf 73' lang='grc' dir='ltr'><strong>κάκεῖ.</strong></span> <span class='ocrx_word' id='word_1_385' title='bbox 2271 5997 2328 6053; x_wconf 77' lang='grc' dir='ltr'><strong>ἀλλ’</strong></span> <span class='ocrx_word' id='word_1_386' title='bbox 2352 6000 2419 6068; x_wconf 72' lang='grc' dir='ltr'>αὕτη</span> 
     </span>
     <span class='ocr_line' id='line_1_39' title="bbox 942 6063 1690 6141; baseline 0.003 -20"><span class='ocrx_word' id='word_1_387' title='bbox 942 6069 1044 6139; x_wconf 81' lang='grc' dir='ltr'>μᾶλλον</span> <span class='ocrx_word' id='word_1_388' title='bbox 1062 6064 1179 6135; x_wconf 77' lang='grc' dir='ltr'>αἴσθησις</span> <span class='ocrx_word' id='word_1_389' title='bbox 1197 6068 1214 6134; x_wconf 75' lang='grc' dir='ltr'>ἢ</span> <span class='ocrx_word' id='word_1_390' title='bbox 1233 6067 1366 6141; x_wconf 69' lang='grc' dir='ltr'>φρόνησις,</span> <span class='ocrx_word' id='word_1_391' title='bbox 1385 6065 1485 6133; x_wconf 78' lang='grc' dir='ltr'>ἐκείνης</span> <span class='ocrx_word' id='word_1_392' title='bbox 1503 6063 1594 6121; x_wconf 64' lang='lat' dir='ltr'>t&#39;tllo</span> <span class='ocrx_word' id='word_1_393' title='bbox 1612 6068 1690 6133; x_wconf 79' lang='grc' dir='ltr'>εἶδος.</span> 
     </span>
    </p>
   </div>
   <div class='ocr_carea' id='block_1_5' title="bbox 0 0 3380 7988">
    <p class='ocr_par' dir='ltr' id='par_1_6' title="bbox 0 0 3380 7988">
     <span class='ocr_line' id='line_1_40' title="bbox 0 0 3380 7988; baseline 0 0"><span class='ocrx_word' id='word_1_394' title='bbox 0 0 3380 7988; x_wconf 95' lang='lat' dir='ltr'> </span> 
     </span>
    </p>
   </div>
  </div>
 </body>
</html>
