6700 7992
1037 1484 1090 1535 282
1404 1482 1595 1538 MAGISTRI
1626 1483 1848 1570 GODEFRlDl
1875 1484 1927 1538 DE
1955 1483 2154 1541 FONTIBUS

1038 1663 1117 1748 quia
1157 1663 1233 1728 talis
1273 1662 1472 1749 simpliciter
1509 1664 1674 1751 proponit
1711 1663 1817 1729 vitam
1857 1675 1999 1745 mutare,
2028 1664 2140 1751 primo
2173 1665 2337 1752 proponit
2374 1666 2513 1733 finalem

1038 1780 1264 1859 mansionem,
1290 1791 1323 1845 et
1353 1792 1494 1866 propter
1523 1784 1615 1846 banc
1641 1780 1788 1846 intendit
1816 1780 1962 1867 experiri
1989 1793 2023 1847 et
2046 1780 2192 1870 ingredi.
2218 1782 2313 1848 Finis
2339 1782 2431 1850 enim
2456 1782 2515 1869 qui

1038 1909 1092 1962 est
1116 1895 1269 1961 ultimum
1295 1896 1328 1961 in
1354 1896 1579 1962 exsecutione
1604 1909 1656 1963 est
1680 1897 1827 1982 primum
1852 1897 1887 1962 in
1915 1897 2117 1963 intentione.
2144 1898 2233 1964 Cum
2258 1910 2373 1966 autem
2398 1900 2516 1966 omnia

1039 2017 1126 2078 baec
1151 2024 1292 2077 manent
1317 2012 1351 2077 in
1376 2012 1568 2098 proposito,
1595 2024 1744 2098 possunt
1760 2013 1877 2078 omnia
1902 2013 2011 2078 omitti
2036 2013 2130 2080 dicto
2147 2016 2265 2080 modo.
2292 2016 2381 2082 Cum
2398 2027 2514 2083 autem

1038 2129 1239 2214 supervenit
1262 2129 1447 2215 promissio
1476 2130 1556 2209 voti,
1587 2129 1616 2194 si
1647 2131 1750 2194 cadat
1774 2131 1886 2194 solum
1911 2152 2017 2214 super
2040 2141 2155 2196 actum
2188 2130 2409 2219 ingrediendi
2434 2132 2515 2200 licet

1038 2246 1072 2310 in
1091 2245 1213 2311 ordine
1238 2247 1282 2311 ad
1307 2246 1372 2310 alia
1397 2247 1467 2311 duo
1484 2268 1574 2330 quae
1598 2256 1740 2312 manent
1757 2247 1881 2311 eodem
1906 2248 2012 2311 modo
2030 2247 2120 2312 sicut
2137 2258 2217 2313 ante
2235 2248 2512 2333 promissionem,

1038 2383 1109 2427 uon
1135 2362 1308 2447 obligatur
1327 2385 1389 2448 per
1405 2372 1522 2427 votum
1541 2363 1609 2427 tale
1633 2363 1677 2426 ad
1702 2362 1951 2447 experiendum
1976 2363 2028 2428 vel
2054 2363 2287 2448 profitendum
2313 2365 2375 2430 sed
2400 2367 2513 2431 solum

1038 2478 1082 2542 ad
1100 2477 1307 2543 intrandum.
1333 2479 1430 2542 Haec
1459 2478 1550 2543 enim
1579 2499 1650 2543 non
1679 2489 1760 2543 sunt
1786 2477 1837 2544 sic
1861 2500 2021 2544 connexa
2049 2479 2132 2563 quin
2159 2481 2353 2545 secundum
2381 2503 2453 2547 rem
2480 2493 2515 2548 et

1038 2595 1232 2660 secundum
1260 2592 1488 2659 intentionem
1512 2593 1581 2658 sint
1605 2593 1822 2679 separabilia,
1847 2594 1898 2660 sic
1916 2595 2010 2678 quod
2035 2607 2151 2679 potest
2175 2617 2308 2661 vovens
2333 2595 2513 2663 intendere

1038 2732 1076 2775 se
1100 2710 1256 2796 obligare
1288 2710 1332 2774 ad
1364 2709 1510 2794 primum
1540 2709 1615 2775 sine
1641 2711 1810 2790 secundm
1835 2710 1889 2774 vel
1914 2712 1958 2774 ad
1989 2710 2137 2795 primum
2162 2723 2195 2776 et
2219 2713 2414 2777 secundum
2438 2713 2514 2778 sine

1037 2825 1147 2905 tertio
1183 2849 1253 2891 non
1291 2826 1342 2890 sic
1373 2838 1487 2890 autem
1514 2827 1558 2890 ad
1585 2825 1721 2890 tertium
1754 2826 1831 2891 sine
1862 2826 2002 2891 duobus
2035 2827 2337 2911 praecedentibus
2368 2850 2434 2895 nec
2469 2830 2513 2894 ad

1038 2943 1231 3009 secundum
1257 2942 1332 3007 sine
1356 2942 1478 3026 primo.
1509 2980 1544 2989 -
1570 2942 1645 3007 Nec
1681 2953 1734 3007 est
1758 2943 2052 3027 praesumendum
2076 2943 2129 3007 vel
2162 2942 2386 3009 iudicandum
2419 2946 2514 3030 quod

1038 3058 1223 3124 intenderit
1250 3082 1288 3123 se
1316 3058 1472 3143 obligare
1501 3057 1567 3122 nisi
1597 3059 1641 3122 ad
1670 3057 1947 3143 ingrediendum,
1977 3058 2059 3143 quia
2085 3059 2114 3123 si
2139 3060 2183 3123 ad
2212 3059 2341 3145 aliquid
2366 3062 2513 3147 amplius

1038 3197 1076 3241 se
1105 3175 1278 3240 videretur
1306 3174 1482 3262 obligasse
1507 3173 1670 3259 implicite
1696 3185 1729 3239 et
1765 3174 1932 3239 indirecte
1956 3174 2089 3240 ratione
2122 3176 2292 3260 propositi
2324 3188 2358 3242 et
2390 3176 2513 3244 intenti

1038 3292 1163 3357 annexi
1192 3302 1357 3376 quantum
1383 3291 1426 3355 ad
1452 3289 1581 3375 aliquid
1606 3289 1708 3370 aliud,
1734 3312 1812 3355 cum
1842 3290 1924 3355 illud
1956 3292 2051 3374 quod
2076 3291 2300 3376 principalius
2329 3293 2515 3359 intenderit

1038 3408 1089 3473 sic
1123 3430 1257 3472 vovens
1293 3407 1335 3470 sit
1379 3406 1412 3470 in
1452 3406 1620 3494 religione
1660 3427 1893 3491 perseverare,
1933 3406 2013 3491 quia
2052 3429 2118 3472 nec
2161 3407 2228 3472 alia
2267 3408 2413 3473 intendit
2448 3409 2514 3475 nisi

1037 3536 1180 3610 propter
1218 3524 1312 3603 illud,
1341 3534 1472 3587 mutato
1512 3522 1692 3608 proposito
1733 3523 1823 3588 cirea
1856 3522 1937 3586 illud
1977 3534 2128 3588 mutatur
2162 3524 2254 3589 circa
2288 3525 2364 3589 alia.
2401 3525 2513 3612 Magis

1038 3641 1178 3706 caderet
1202 3651 1320 3705 votum
1345 3661 1386 3704 ex
1418 3638 1647 3722 consequenti
1673 3661 1779 3723 super
1810 3638 2027 3723 propositum
2053 3639 2279 3725 [experiendi]
2309 3641 2513 3707 remanendi

1039 3778 1141 3840 quam
1166 3777 1272 3840 super
1303 3757 1307 3837 l
1340 3754 1557 3840 propositum
1590 3754 1801 3838 experiendi,
1824 3755 1918 3838 quod
1951 3776 2022 3819 non
2056 3769 2108 3820 est
2139 3755 2336 3821 dicendum.
2362 3758 2512 3823 Stultum

1038 3871 1128 3937 enim
1155 3882 1248 3936 esset
1272 3871 1322 3935 sic
1346 3891 1483 3949 vovere,
1499 3868 1631 3935 scilicet
1655 3870 1809 3955 profiteri
1834 3871 1928 3953 <prod
1954 3870 2100 3955 ignorat.
2127 3872 2229 3936 Unde
2255 3871 2415 3937 intrando
2441 3894 2512 3938 non

1037 3999 1174 4054 tenetur
1190 3989 1319 4052 babere
1336 3986 1438 4052 etiam
1457 3985 1671 4070 propositum
1691 3985 1902 4071 experiendi.
1932 3987 2062 4051 -Cum
2081 3987 2182 4051 etiam
2201 3988 2294 4052 vovit
2311 4011 2382 4053 non
2399 3990 2512 4054 solum

1036 4104 1239 4170 intendebat
1270 4101 1417 4188 experiri
1448 4103 1511 4167 sed
1551 4102 1652 4166 etiam
1686 4101 1848 4187 profiteri.
1881 4103 1975 4187 Ergo
2012 4103 2040 4166 si
2073 4116 2210 4187 oportet
2241 4103 2353 4189 ipsum
2386 4104 2513 4170 intrare

1037 4243 1115 4287 curn
1146 4219 1327 4305 proposito
1366 4217 1578 4302 experiendi,
1610 4216 1728 4302 potius
1766 4217 1869 4282 etiam
1905 4219 2009 4283 debet
2046 4218 2172 4283 intrare
2211 4240 2291 4284 cum
2330 4220 2512 4306 proposito

1036 4335 1328 4403 remaiiendi.Aut
1346 4335 1373 4399 si
1391 4345 1507 4419 potest
1525 4333 1649 4398 intrare
1666 4354 1745 4398 cum
1763 4333 1943 4418 proposito
1962 4356 2031 4399 non
2050 4335 2235 4418 profitendi
2253 4347 2286 4400 et
2301 4335 2513 4421 experientia

1036 4453 1215 4519 ordinatur
1238 4453 1282 4516 ad
1306 4449 1573 4536 professionem,
1598 4461 1730 4514 mutato
1763 4449 1945 4534 proposito
1971 4451 2014 4515 de
2037 4473 2107 4514 nou
2130 4451 2339 4536 prolitend0,
2365 4464 2514 4518 mutatur

1037 4581 1071 4634 et
1102 4571 1146 4635 de
1185 4589 1256 4633 uon
1296 4566 1518 4653 experiendo,
1550 4581 1583 4630 et
1613 4575 1802 4629 mutaretur
1837 4565 2053 4650 propositum
2093 4567 2137 4631 de
2169 4566 2341 4648 intrandO,
2376 4566 2405 4633 si
2441 4590 2512 4634 non

1037 4684 1297 4771 supervenisset
1329 4694 1445 4748 votum
1478 4692 1645 4766 quantum
1677 4682 1721 4744 ad
1761 4682 1839 4756 boc,
1880 4681 1969 4746 sicut
2001 4704 2071 4746 non
2112 4683 2314 4766 supervenit
2346 4695 2513 4768 quantum

1037 4804 1081 4867 ad
1110 4801 1375 4887 professionem,
1401 4811 1434 4863 et
1470 4798 1571 4863 etiam
1607 4809 1775 4880 (plantum
1809 4798 1853 4861 ad
1883 4797 2142 4882 experientiam.
2173 4799 2210 4863 si
2246 4799 2338 4863 enim
2377 4810 2515 4884 oportet

1037 4941 1115 4983 eum
1147 4917 1272 4981 intrare
1303 4937 1382 4981 cum
1416 4912 1596 5000 proposito
1629 4912 1840 4997 experiendi,
1874 4934 1953 4978 cum
1987 4913 2204 4999 propositum
2237 4914 2439 5000 experiendi
2471 4915 2515 4981 sit

1036 5046 1179 5119 propter
1205 5031 1422 5118 propositum
1450 5028 1646 5115 profitendi,
1675 5039 1811 5113 oportet
1841 5028 1942 5093 etiarn
1973 5050 2051 5094 eum
2077 5029 2203 5095 intrare
2229 5052 2306 5096 cum
2332 5031 2513 5116 proposito

1036 5149 1233 5236 profitendi,
1258 5147 1344 5214 etsi
1369 5156 1484 5233 potest
1509 5147 1643 5229 absque
1668 5166 1738 5209 uno
1763 5154 1878 5229 potest
1902 5146 2035 5229 absque
2060 5145 2137 5211 alio.
2157 5146 2213 5212 Sic
2236 5167 2322 5234 ergo
2347 5146 2424 5212 talis
2440 5168 2512 5213 non

1037 5265 1211 5353 obligatur
1234 5263 1300 5329 nisi
1325 5263 1369 5328 ad
1394 5262 1602 5328 intrandum.

1126 5383 1228 5447 Unde
1252 5380 1413 5445 intrando
1438 5377 1540 5444 etiam
1565 5398 1644 5441 cum
1673 5375 1854 5461 proposito
1883 5398 1955 5441 non
1983 5376 2185 5462 experiendi
2212 5388 2271 5443 aut
2300 5378 2513 5459 remanendi,

1037 5497 1227 5564 absolvitur
1254 5497 1297 5561 ab
1322 5493 1536 5579 obligatione
1561 5491 1641 5557 voti.
1667 5491 1892 5576 Exemplum:
1919 5492 1977 5576 qui
2008 5494 2181 5559 contrabit
2205 5514 2285 5559 cuin
2313 5494 2430 5580 aliqua
2452 5516 2515 5581 per

1036 5616 1143 5680 verba
1174 5615 1218 5678 de
1243 5613 1368 5690 futuro,
1387 5611 1505 5674 dando
1529 5609 1633 5673 tidem
1662 5608 1716 5672 vel
1744 5607 1892 5673 iurando
1920 5608 1964 5673 de
1991 5610 2232 5675 contrahendo
2257 5609 2513 5676 matrimonium

1037 5755 1099 5817 per
1115 5731 1221 5795 verba
1245 5730 1288 5793 de
1306 5726 1480 5813 praesenti
1506 5746 1585 5790 cum
1611 5722 1793 5810 proposito
1811 5724 2065 5789 matrimonium
2084 5726 2363 5804 consummandi,
2388 5726 2417 5792 si
2442 5728 2514 5792 vult

1036 5848 1162 5912 intrare
1179 5845 1392 5932 religionem,
1411 5841 1604 5906 consulitur
1619 5841 1714 5924 quod
1738 5839 1849 5924 primo
1867 5842 2048 5905 contrahat
2065 5863 2127 5926 per
2143 5843 2247 5906 verba
2264 5843 2308 5907 de
2325 5842 2512 5927 praesenti.

1036 5964 1108 6029 Sed
1132 5960 1213 6046 quia
1236 5982 1307 6025 non
1334 5957 1456 6023 iuravit
1472 5980 1509 6022 se
1527 5966 1858 6035 consummaturum,
1875 5957 1937 6020 sed
1962 5959 2031 6021 hoe
2047 5957 2159 6021 solum
2184 5957 2379 6043 proposuit,
2396 5968 2514 6044 potest

1036 6078 1141 6147 libere
1166 6076 1281 6145 statim
1305 6074 1485 6141 discedere
1510 6083 1646 6141 etcum
1670 6069 1852 6159 proposito
1876 6070 1990 6137 statim
2012 6070 2218 6137 discedendi
2241 6074 2458 6139 contrahere.
2475 6072 2515 6141 Si
