6700 7992
1051 1408 1086 1486 si
1399 1403 1592 1486 uhfflsnu
1620 1405 1841 1485 coneemm
1871 1428 1922 1482 nu
1950 1395 2149 1483 romilius

1598 2022 1839 2107 Qunesuo
1865 2022 1949 2087 uu.

1184 2265 1328 2355 Uirtun
1357 2273 1540 2351 unimam
1569 2280 1748 2375 respectu
1778 2273 2097 2349 necessariorum
2127 2279 2163 2348 et
2192 2279 2370 2373 respectu

1103 2409 1424 2512 contingentium
1452 2408 1571 2484 aliter
1596 2435 1638 2484 se
1664 2409 1807 2483 labere
1834 2407 1889 2481 sit
1909 2414 2060 2506 poliere
2085 2407 2223 2506 plnres
2245 2408 2448 2507 potentias

1417 2541 1677 2617 intellectione
1705 2539 1867 2616 realiter
1893 2541 2132 2642 (it'fferentes,

1126 2901 1227 2970 Circa
1251 2904 1397 2969 formam
1421 2901 1572 2967 hominis
1597 2901 1793 2986 specialiter
1817 2921 1907 2985 quae
1931 2911 1984 2967 est
2008 2900 2123 2966 anima
2148 2903 2380 2986 quaerebatur
2403 2905 2512 2987 quod·

1037 3017 1116 3085 dam
1141 3019 1206 3085 sibi
1230 3018 1409 3105 pertinens
1433 3027 1601 3103 quantum
1625 3018 1670 3082 ad
1703 3016 1777 3082 elus
1801 3016 1987 3102 potentias
2020 3028 2133 3082 utrum
2168 3016 2327 3082 videlicet
2351 3027 2513 3103 respectu

1036 3134 1314 3202 necessariorum
1339 3144 1373 3200 et
1405 3131 1670 3220 impossibilium
1705 3131 1801 3199 aliter
1828 3154 1867 3198 se
1894 3134 2024 3198 habere
2049 3145 2083 3198 et
2113 3144 2277 3218 respectu
2309 3133 2515 3220 contingen·

1036 3251 1121 3318 tium
1156 3250 1255 3316 aliter
1284 3271 1323 3316 se
1357 3250 1487 3315 habere
1517 3247 1561 3313 sit
1592 3269 1724 3334 ponere
1764 3248 1880 3334 plures
1914 3248 2090 3334 potentias
2122 3247 2349 3314 intellectivas
2380 3248 2516 3313 realiter

1037 3365 1248 3445 differentes
1277 3374 1311 3432 et
1337 3386 1410 3430 non
1435 3364 1547 3430 solum
1573 3385 1678 3429 unam
1703 3365 1898 3430 secundum
1921 3385 2004 3445 rem,
2029 3363 2293 3429 diversificatum
2318 3364 2514 3430 secundum

1036 3481 1217 3548 rationem.
1245 3481 1288 3545 Et
1315 3481 1528 3569 arguebatur
1555 3480 1650 3565 quod
1683 3491 1846 3566 respectu
1874 3478 2152 3568 contingentium
2177 3489 2211 3545 et
2237 3478 2514 3545 necessariorum

1037 3597 1106 3664 sint
1142 3596 1300 3664 diversae
1331 3594 1508 3682 potentiae
1538 3593 1769 3661 intellectivae
1801 3594 1938 3662 realiter
1970 3594 2181 3675 differentes,
2215 3594 2297 3680 quia
2333 3593 2515 3661 diversitas

1037 3724 1071 3780 et
1087 3712 1263 3779 distinctio
1288 3711 1505 3779 obiectorum
1522 3712 1718 3777 secundum
1735 3711 1914 3776 formalem
1932 3709 2101 3776 rationem
2123 3709 2264 3796 requirit
2281 3709 2513 3777 diversitatem

1036 3830 1164 3896 realem
1195 3827 1439 3914 potentiarum.
1467 3826 1540 3894 Sed
1564 3826 1801 3893 necessarium
1826 3837 1860 3893 et
1887 3825 2098 3915 contingens
2122 3837 2204 3892 sunt
2227 3825 2366 3892 obiecta
2389 3827 2514 3891 forma·

1036 3944 1113 4012 liter
1145 3944 1348 4026 differentia,
1377 3943 1459 4029 quia
1485 3944 1681 4009 secundum
1714 3942 1966 4028 Philosophum
1985 3945 2042 4027 (l),
2071 3941 2209 4009 decimo
2241 3941 2514 4029 Metaphysicae‚

1036 4060 1260 4148 corruptibile
1284 4070 1319 4127 et
1342 4058 1602 4146 incorruptibile
1631 4059 1794 4125 differunt
1821 4058 1899 4144 plus
1928 4080 2032 4143 quam
2060 4057 2094 4123 in
2118 4079 2270 4147 genere3
2296 4069 2330 4123 et
2353 4058 2389 4123 in
2413 4067 2514 4123 sexto

1037 4175 1238 4243 Ethicorum
1256 4178 1303 4261 (2)
1329 4174 1411 4242 dicit
1434 4176 1529 4261 quod
1555 4174 1766 4263 contingens
1790 4186 1824 4239 et
1851 4174 2087 4239 necessarium
2116 4185 2198 4239 sunt
2221 4173 2359 4240 obiecta
2383 4192 2515 4262 genere

1038 4292 1184 4358 diversa.
1210 4291 1329 4376 Quare
1354 4303 1388 4357 et
1411 4303 1536 4357 cetera.

876 4422 982 4479 conv
1127 4407 1268 4474 Contra.
1294 4406 1392 4473 Sicut
1420 4428 1457 4472 se
1481 4408 1588 4471 habet
1620 4405 1656 4470 in
1688 4407 1691 4489 l
1724 4405 1881 4471 tellectus
1905 4416 2067 4491 respectu
2098 4405 2375 4493 intelligibilium,
2400 4404 2451 4470 sic
2475 4422 2514 4470 se

843 4495 1015 4552 ¹⁰¹·me
1037 4526 1144 4590 habet
1167 4523 1329 4589 voluntas
1353 4533 1515 4608 respectu
1540 4521 1787 4607 appetibilium.
1817 4522 1888 4588 Sed
1914 4543 1983 4586 una
2007 4532 2041 4586 et
2066 4522 2189 4586 eadem
2215 4521 2370 4607 potentia
2394 4522 2514 4587 volun-

1038 4642 1117 4708 tatis
1154 4640 1349 4706 secundum
1384 4660 1456 4704 rem
1492 4637 1689 4724 appetimus
1725 4637 1923 4702 necessaria
1958 4648 1993 4702 et
2028 4636 2276 4725 contingentia.
2313 4637 2409 4724 Ergo
2444 4658 2515 4702 una

1039 4767 1073 4823 et
1104 4757 1227 4823 eadem
1260 4754 1417 4842 potentia
1448 4753 1644 4819 intellectus
1674 4754 1869 4818 seeundum
1904 4774 1975 4818 rem
2009 4753 2233 4841 intelligimus
2257 4752 2457 4818 necessaria
2481 4763 2515 4818 et

1039 4870 1279 4960 contingentia
1297 4871 1315 4936 ¹.

1125 4963 1340 5073 Respondeo
1371 4985 1559 5052 dicendum
1593 4983 1689 5069 quod
1722 4983 1816 5050 circa
1849 4985 1917 5048 hoc
1950 4983 2085 5049 videtur
2117 4983 2351 5070 Philosophus
2386 4983 2514 5050 sentire

1037 5102 1073 5169 in
1097 5102 1269 5189 principio
1293 5101 1380 5168 sexti
1412 5100 1613 5166 Ethicorum
1632 5101 1679 5183 (2)
1713 5100 1808 5184 quod
1833 5098 2061 5165 scientificum
2087 5110 2120 5164 et
2144 5099 2420 5165 ratiocinativum
2446 5099 2515 5164 sint

1127 5413 1227 5485 ¹Ergo
1247 5445 1280 5453 —
1300 5412 1510 5484 contingentia]
1530 5430 1585 5467 om.
1599 5413 1630 5467 P.

1126 5637 1166 5702 (1)
1179 5634 1209 5688 L.
1224 5634 1264 5688 lx
1278 5633 1325 5703 [al.
1338 5634 1385 5702 Xl,
1404 5650 1429 5687 c.
1444 5636 1477 5688 10
1490 5636 1529 5703 (p.
1545 5634 1632 5698 1058).
1653 5625 1767 5701 'Arii-fan
1781 5628 1870 5700 ’ἕτερον
1883 5629 1946 5683 εἶναι
1958 5636 1997 5701 τῷ
2010 5627 2078 5701 γένει
2089 5630 2121 5684 τὸ
2135 5629 2250 5701 φθαρτὸν
2262 5631 2307 5684 καὶ
2324 5629 2355 5683 τὸ
2368 5627 2511 5702 ἄφθαρτον.

1036 5755 1069 5764 -
1097 5727 1136 5791 (2)
1160 5723 1192 5777 L,
1211 5722 1260 5789 Vl,
1284 5739 1309 5776 c.
1333 5726 1351 5776 2
1374 5732 1414 5793 (p.
1439 5723 1528 5787 1139).
1551 5716 1685 5789 Πρότερον
1699 5717 1745 5786 μὲν
1764 5716 1809 5771 οὗν
1827 5715 1924 5789 ἐλέχθη
1943 5715 2047 5772 δύέἶναι
2067 5715 2134 5788 μέρη
2153 5724 2201 5783 τῆς
2216 5719 2315 5789 ψυχῆς,
2334 5720 2366 5772 τό
2384 5736 2414 5771 τε
2430 5717 2513 5790 λόγον

1036 5802 1099 5881 ἔχον
1120 5806 1215 5863 καὶτὸ
1235 5805 1343 5880 ἄλογον·
1364 5808 1408 5861 νῦν
1428 5805 1456 5861 δὲ
1473 5807 1535 5876 περὶ
1554 5813 1601 5861 τοῦ
1620 5807 1700 5880 λόγον
1722 5803 1832 5879 ἔχοντος
1849 5809 1894 5861 τὸν
1914 5805 2110 5877 αὐτὸντρόπον
2131 5805 2283 5876 διαιρετέον·
2298 5809 2342 5860 καὶ
2362 5805 2513 5861 ὑποκείσθω

1035 5892 1082 5946 δύο
1101 5893 1134 5945 τὰ
1152 5890 1232 5964 λόγον
1253 5886 1360 5962 έχοντα,
1380 5893 1408 5943 ἓν
1430 5889 1477 5957 μὲν
1495 5890 1519 5959 ᾧ
1536 5895 1688 5962 θεωροῦμεν
1709 5892 1742 5944 τὰ
1760 5895 1869 5944 τοιαῦτα
1888 5896 1941 5943 τῶν
1962 5886 2045 5943 ὄντων
2066 5888 2135 5943 ὅσων
2153 5889 2180 5942 αἱ
2200 5887 2282 5960 ἀρχαὶ
2303 5889 2340 5958 μὴ
2361 5886 2514 5960 ἐνδέχονται

1035 5970 1124 6035 ἄλλως
1144 5970 1224 6045 ἔχειν,
1245 5975 1273 6026 ’ἐν
1293 5971 1322 6027 δὲ
1341 5973 1365 6042 ᾧ
1385 5972 1418 6025 τὰ
1440 5970 1611 6044 ἐνδεχόμενα·
1631 5974 1699 6045 πρὸς
1720 5974 1772 6044 γὰρ
1794 5973 1827 6026 τὰ
1846 5978 1885 6043 τῷ
1908 5970 1976 6044 γένει
1998 5972 2074 6043 ἕτερα
2095 5973 2139 6025 καὶ
2159 5977 2212 6024 τῶν
2232 5978 2279 6037 τῆς
2301 5974 2390 6043 ψυχῆς
2412 5969 2513 6041 μορίων

1036 6055 1125 6129 ἕτερον
1135 6062 1174 6128 τῷ
1184 6053 1253 6129 γένει
1264 6053 1295 6108 τὸ
1306 6055 1374 6125 πρὸς
1385 6053 1510 6125 ἑκάτερον
1520 6053 1669 6127 πεφυκός...
1680 6051 1809 6128 Λεγέσθω
1822 6054 1850 6108 δὲ
1861 6053 1963 6108 τούτων
1972 6054 2003 6108 τὸ
2017 6054 2064 6121 μὲν
2073 6052 2258 6121 ἐπιστημικόν,
2269 6053 2300 6107 τὸ
2312 6053 2340 6107 δὲ
2352 6051 2511 6128 λογιστικόν.
