6700 7992
1273 1463 1490 1520 SECUNDUM
1521 1464 1821 1534 QUODLIBETUM,
1841 1464 1876 1534 Q.
1897 1464 1951 1517 Vll
2313 1466 2348 1517 97

869 1646 1033 1726 existenS,
1050 1644 1244 1710 secundum
1270 1643 1405 1729 aliquos
1420 1649 1465 1729 (l)
1492 1655 1669 1730 ponuntur
1693 1643 1727 1709 in
1752 1644 1830 1730 ipso
1855 1645 1972 1730 plures
1997 1645 2128 1710 sormae
2152 1646 2347 1710 secundum

868 1762 1099 1851 pluralitatem
1123 1782 1292 1848 generum
1318 1771 1352 1826 et
1376 1760 1646 1826 differentiarum
1671 1783 1761 1845 quae
1786 1761 1918 1825 suntin
1943 1761 2030 1846 ipso.
2051 1801 2091 1808 —
2110 1760 2201 1844 Quia
2220 1761 2228 1796 ¹
2245 1761 2348 1827 etiam

869 1891 922 1947 est
945 1901 1009 1946 ens
1033 1876 1232 1943 materiale²
1256 1876 1412 1961 (materia
1436 1876 1546 1963 prima
1569 1877 1691 1942 ordine
1716 1877 1977 1962 quodammodo
2000 1876 2147 1942 naturali
2172 1888 2206 1943 et
2230 1899 2348 1943 essen·

868 1996 939 2062 tiali
967 2017 1005 2062 se
1032 1996 1139 2060 habet
1163 1993 1208 2059 ad
1232 1995 1361 2059 formas
1386 1993 1581 2059 materiales
1606 1993 1639 2058 in
1665 1993 1742 2079 ipsa
1770 1993 2016 2078 receptibiles),
2041 1994 2237 2059 secundum
2261 1993 2348 2059 alios

868 2122 1047 2200 ponuntur
1070 2112 1188 2197 plures
1205 2110 1338 2175 formae
1353 2108 1388 2173 in
1406 2108 1483 2195 ipso
1500 2110 1512 2143 ³
1527 2109 1563 2174 in
1580 2120 1748 2194 quantum
1766 2119 1903 2194 oportet
1920 2108 2124 2175 materiam*
2141 2108 2215 2174 eius
2237 2109 2348 2195 primo

869 2227 990 2315 perfici
1021 2224 1141 2320 formis
1171 2224 1398 2311 simplicibus,
1430 2236 1464 2291 et
1495 2225 1729 2290 mediantibus
1761 2225 1825 2290 illis
1858 2224 1972 2309 aliqua
2003 2225 2115 2290 forma
2147 2224 2347 2291 mixtionem

870 2346 1117 2411 elementorum
1148 2352 1397 2426 consequente.
1424 2380 1465 2388 —-
1495 2341 1587 2424 Quia
1612 2341 1714 2406 etiam
1740 2351 1879 2406 esteris
1904 2363 1976 2406 non
2001 2362 2086 2426 pure
2115 2340 2290 2406 materiale
2313 2352 2348 2406 et

869 2459 1091 2546 corruptibile
1118 2458 1191 2523 sive
1219 2459 1385 2537 naturale,
1410 2457 1474 2523 sed
1502 2459 1618 2542 aliquo
1643 2457 1749 2522 modo
1775 2478 1837 2522 ens
1862 2456 2085 2522 immateriale
2110 2466 2144 2521 et
2167 2456 2346 2542 incorrup-

869 2577 963 2642 tibile
980 2587 1014 2641 et
1029 2575 1300 2661 supernaturale,
1319 2574 1352 2638 in
1379 2585 1545 2658 quantum
1563 2574 1598 2637 in
1623 2573 1700 2658 ipso
1725 2584 1778 2640 est
1802 2573 1917 2658 aliqua
1942 2573 2051 2638 forma
2068 2572 2211 2638 omnino
2235 2573 2347 2639 incor-

868 2692 1039 2779 ruptibilis
1056 2703 1090 2756 et
1107 2714 1126 2755 a
1143 2691 1285 2756 materia
1302 2690 1516 2775 separabilia,
1534 2690 1614 2754 ideo
1631 2692 1826 2755 secundum
1845 2689 1978 2775 aliquos
1996 2692 2042 2773 (2)
2061 2700 2199 2774 oportet
2214 2711 2348 2775 ponere

870 2809 904 2874 in
927 2806 1096 2874 homine⁶
1119 2807 1268 2891 aliquam
1285 2806 1430 2871 sormam
1450 2806 1713 2871 substantialem
1738 2806 1929 2871 naturalem
1954 2816 1988 2870 et
2012 2827 2116 2870 unam
2141 2817 2348 2890 supernatu-

869 2926 984 3004 ralem,
1009 2935 1044 2990 et
1067 2945 1154 3010 pure
1178 2923 1389 2988 materialem
1408 2934 1441 2988 et
1473 2925 1477 3006 l
1510 2922 1732 3009 spiritualem.
1751 2923 1793 2987 Et
1817 2921 1868 2989 sic
1892 2932 1973 2987 sunt
1989 2933 2058 2987 tres
2079 2921 2173 2986 modi
2192 2921 2347 3007 ponendi
2374 2924 2539 3051 sopofflla

869 3041 1098 3129 pluralitatem
1124 3040 1322 3104 formarum.
2418 3038 2424 3051 “

958 3283 981 3347 Ι.
1007 3282 1186 3365 Quantum
1204 3281 1307 3369 igitur
1324 3282 1367 3345 ad
1386 3281 1533 3366 primum
1551 3280 1693 3345 istorum
1719 3280 1901 3346 sciendum
1919 3292 1972 3346 est
1990 3281 2086 3365 quod
2103 3280 2225 3346 rationi
2243 3281 2350 3346 huicl
2391 3338 2393 3343 .

870 3399 1034 3478 innititur,
1051 3399 1145 3483 quod
1167 3419 1245 3463 cum
1264 3398 1539 3481 unumquodque
1557 3419 1620 3462 ens
1637 3396 1840 3483 specificum
1859 3398 1955 3481 quod
1977 3419 2058 3463 vere
2083 3409 2135 3463 est
2159 3397 2194 3462 iu
2219 3419 2351 3485 genere

870 3515 914 3603 sit
931 3513 1163 3600 compositum
1181 3534 1369 3599 exgenere
1388 3524 1421 3578 et
1437 3512 1631 3578 differentia
1645 3511 1666 3592 ⁷,
1681 3513 1875 3578 differentia
1893 3524 2006 3578 autem
2032 3524 2085 3578 est
2102 3536 2170 3598 qua
2195 3515 2351 3579 abundat

871 3630 1009 3717 species
1035 3652 1054 3695 a
1078 3651 1209 3717 genere
1227 3641 1259 3694 et
1284 3629 1335 3694 sic
1360 3642 1412 3693 est
1429 3628 1559 3714 aliquid
1584 3629 1739 3693 additum
1757 3629 1877 3716 generi
1896 3629 1930 3693 in
1948 3629 2077 3715 specie,
2095 3640 2234 3714 oportet
2253 3631 2350 3715 quod

872 3747 906 3812 in
934 3747 1029 3812 omni
1057 3745 1114 3810 tali
1143 3745 1212 3811 sint
1238 3746 1357 3830 plures
1382 3745 1513 3810 formae
1538 3744 1675 3810 realiter
1699 3744 1910 3810 differentes.
1935 3746 2183 3811 Verumtamen
2212 3746 2350 3831 species

871 3861 958 3928 erit⁸
974 3862 1058 3948 quid
1082 3884 1189 3926 unum
1215 3883 1277 3945 per
1302 3883 1350 3941 se,
1376 3860 1456 3946 quia
1481 3860 1571 3926 sicut
1595 3861 1737 3926 materia
1763 3873 1796 3927 et
1821 3862 1932 3926 forma
1956 3872 2037 3926 sunt
2060 3864 2234 3946 quaedam
2260 3864 2351 3929 duae

872 3978 1055 4058 essentiae,
1086 3989 1247 4043 neutrum
1280 3977 1434 4062 ipsorum
1466 3987 1519 4041 est
1550 3977 1634 4041 nihil
1662 3977 1804 4062 aliquod
1838 3998 1912 4056 ens
1945 3988 1979 4043 et
2009 3988 2125 4043 tamen
2156 3978 2237 4063 quia
2267 3977 2351 4044 illud

872 4094 1023 4161 entitatis
1052 4095 1146 4178 quod
1176 4093 1338 4178 importat
1366 4093 1509 4158 materia
1537 4093 1727 4179 potentiale
1755 4094 1932 4176 quoddam
1961 4104 2014 4159 est
2046 4105 2080 4159 et
2112 4093 2350 4180 imperfectum

872 4220 1033 4297 respectu
1051 4209 1202 4276 entitatis
1216 4231 1319 4293 quam
1337 4209 1500 4295 importat
1516 4210 1637 4287 forma,
1652 4209 1732 4274 ideo
1750 4231 1792 4274 ex
1809 4208 1951 4275 materia
1964 4220 1998 4276 et
2014 4212 2125 4276 forma
2142 4211 2179 4276 fit
2193 4233 2299 4277 unum
2317 4211 2350 4276 in

871 4329 983 4415 gradu
1003 4325 1239 4412 completiore.
1258 4326 1421 4392 Similiter
1438 4326 1540 4391 etiam
1565 4326 1645 4392 licet
1661 4325 1796 4417 prima⁰
1820 4327 1931 4391 forma
1945 4326 1970 4362 ¹⁰
1985 4327 2126 4415 generis
2143 4327 2187 4392 sit
2211 4328 2351 4412 aliquod

872 4464 945 4523 ens,
970 4442 1051 4528 quia
1075 4454 1191 4507 tamen
1216 4455 1268 4507 est
1293 4442 1375 4527 quid
1401 4441 1590 4527 potentiale
1615 4452 1649 4507 et
1672 4442 1913 4527 imperfectum
1930 4453 2093 4527 respectu
2109 4443 2242 4509 formae
2259 4465 2352 4509 com·

872 4560 986 4646 pletae
1014 4580 1118 4644 quam
1148 4558 1310 4643 importat
1338 4558 1543 4638 differentia,
1573 4571 1607 4623 et
1630 4579 1669 4624 se
1694 4559 1800 4623 habet
1828 4556 2060 4644 compositum
2086 4580 2128 4624 ex
2151 4559 2293 4624 materia
2318 4571 2353 4625 et

872 4674 1071 4741 huiusmodi
1088 4675 1199 4740 forma
1216 4674 1325 4760 prima
1343 4674 1554 4760 incompleta
1572 4675 1616 4739 ad
1641 4674 1786 4739 formam
1812 4675 2020 4759 completam
2046 4685 2083 4739 ut
2107 4675 2248 4740 materia
2273 4697 2352 4761 pro·

871 4791 945 4877 pria
968 4801 1131 4876 respectu
1151 4790 1251 4871 illius,
1277 4790 1357 4856 ideo
1383 4790 1486 4856 etiam
1512 4812 1554 4855 ex
1571 4789 1644 4854 istis
1661 4790 1721 4855 fiet
1738 4784 1923 4875 unum'per
1940 4811 1987 4855 se.
2007 4791 2110 4856 Unde
2127 4790 2256 4856 dictum
2275 4791 2352 4856 Phi·

872 4907 1010 4992 losophi
1023 4910 1069 4991 (3)
1084 4917 1137 4972 est
1153 4906 1302 4992 septimo
1320 4907 1592 4992 Metaplrysicae,
1605 4906 1699 4991 quod
1719 4927 1761 4971 ex
1778 4907 1917 4971 duobus
1934 4905 2070 4971 actibus
2087 4907 2141 4972 vel
2158 4907 2296 4972 entibus
2316 4907 2351 4972 in

872 5034 952 5089 actu
976 5046 1048 5090 non
1072 5023 1109 5089 fit
1133 5022 1262 5108 aliquid
1288 5045 1395 5087 rmum
1421 5045 1483 5108 per
1499 5045 1557 5101 se;
1575 5021 1777 5110 intelligitur
1800 5023 1843 5086 de
1861 5021 1915 5086 his
1932 5044 2079 5106 quorum
2098 5033 2282 5108 utrumque
2299 5037 2352 5088 est

963 5340 969 5371 ¹
984 5355 1074 5410 quare
1090 5339 1119 5391 P.
1140 5370 1173 5376 —
1193 5338 1271 5390 'ona
1293 5338 1323 5390 P.
1344 5369 1376 5376 --
1397 5338 1408 5368 ³
1421 5337 1520 5407 plures
1534 5369 1567 5376 —
1582 5336 1656 5407 ipso]
1678 5335 1706 5388 in
1726 5335 1791 5406 ipso
1810 5335 1910 5407 plures
1923 5335 2035 5390 formae
2050 5337 2082 5390 P.
2096 5368 2130 5376 -
2144 5340 2153 5369 ⁴
2166 5344 2300 5391 naturam
2321 5339 2352 5392 P.

873 5426 931 5465 -l
949 5425 978 5479 in
997 5425 1124 5496 homine]
1146 5443 1200 5479 om.
1221 5427 1251 5479 P.
1272 5458 1305 5464 —
1326 5423 1461 5478 “rationi
1481 5424 1557 5494 huic]
1578 5425 1645 5479 huic
1664 5424 1769 5479 rationi
1790 5426 1820 5478 P.
1839 5457 1872 5464 —
1894 5424 2043 5478 'materia
2063 5425 2095 5479 P.
2115 5457 2148 5464 —
2170 5426 2254 5480 8οηι.
2274 5426 2304 5480 P.
2319 5457 2352 5464 —

872 5514 884 5545 ⁹
896 5513 1029 5584 potentia
1043 5514 1072 5568 P.
1087 5545 1120 5554 -
1136 5516 1157 5546 ¹⁰
1170 5513 1266 5586 prima
1279 5514 1348 5567 add.
1361 5514 1391 5566 P.
1492 5517 1496 5523 '

943 5750 982 5813 (l)
1003 5746 1036 5799 V.
1057 5747 1106 5800 De
1126 5746 1236 5811 Wulf,
1250 5748 1290 5799 Le
1303 5746 1394 5799 truita5
1413 5747 1449 5798 de
1469 5745 1585 5798 imitare
1597 5745 1722 5814 formae
1742 5749 1777 5799 de
1797 5748 1889 5800 Gillrs
1909 5749 1943 5800 de
1964 5748 2097 5801 Lessines
2114 5754 2204 5812 (texte
2219 5747 2310 5818 inridit
2324 5756 2353 5802 ct

873 5834 982 5900 etudc),
996 5835 1080 5905 chap.
1095 5836 1120 5888 ll
1136 5844 1165 5888 et
1180 5835 1218 5888 l'l
1239 5835 1307 5901 (Les
1326 5834 1517 5904 I-'lrilosoplres
1535 5834 1649 5905 Belgas,
1663 5842 1682 5887 t.
1698 5836 1730 5899 Ι),
1750 5835 1890 5901 Ι,οιινιιίιι,
1908 5839 1981 5889 lool.
2001 5868 2035 5876 -
2057 5840 2095 5893 ‹2›
2113 5836 2290 5889 Henricus
2311 5836 2353 5890 de

874 5921 1058 5989 tilandavo,
1080 5924 1188 5992 Quodl.
1209 5924 1256 5987 IV,
1271 5942 1298 5994 q.
1320 5927 1361 5987 123,
1381 5932 1400 5975 t.
1421 5924 1442 5988 I,
1456 5940 1483 5992 p.
1506 5926 1563 5976 167.
1581 5953 1613 5960 -
1633 5927 1672 5987 (tl)
1694 5924 1779 5975 L.t'1
1800 5923 1846 5990 lul.
1861 5923 1934 5991 Vlll.
1954 5942 1979 5976 c.
1999 5926 2030 5976 13
2051 5929 2089 5994 tp.
2107 5927 2193 5989 lusu).
2214 5919 2352 5976 Ἀδύνατον

873 6008 924 6079 γὰρ
941 6005 1029 6061 οὐσίαν
1048 6006 1073 6071 ἐξ
1092 6006 1187 6062 οὐσιῶν
1205 6010 1268 6062 εἶναι
1287 6007 1493 6080 ἐνυπαρχουσῶν
1512 6009 1548 6069 ὡς
1567 6005 1734 6080 ἐντελέχεια·
1753 6010 1838 6080 τὰγάρ
1856 6008 1903 6062 tto
1914 6009 1999 6070 οὕτως
2018 6007 2166 6080 ἐντελεχείᾳ
2184 6007 2311 6063 οὐδέποτε
2325 6014 2352 6064 ’ἐν

873 6088 1031 6163 ἐντελεχείᾳ.
