6700 7992
1123 1434 1173 1506 {24
1485 1429 1678 1539 nncrsmr
1707 1433 1928 1509 consumor
1957 1454 2008 1507 na
2036 1436 2235 1509 sommus

1122 1631 1188 1720 ipsi
1212 1632 1408 1719 composito
1433 1643 1467 1698 et
1483 1632 1648 1700 materiae
1673 1654 1866 1720 corporeae
1883 1645 1917 1698 et
1933 1644 2113 1699 extensae:
2139 1634 2234 1719 quod
2259 1645 2313 1700 est
2336 1634 2436 1700 valde
2461 1633 2599 1700 difficile

1122 1748 1315 1836 intelligere
1339 1750 1534 1814 secundum
1559 1771 1816 1834 quamcumque
1841 1748 2007 1816 dictarum
2033 1749 2256 1834 positionum.

1211 1864 1254 1930 Et
1288 1865 1368 1931 ideo
1404 1865 1605 1951 philosophi
1637 1865 1696 1950 qui
1731 1887 1801 1930 non
1840 1877 2035 1951 posuerunt
2070 1866 2103 1930 in
2140 1866 2281 1931 homine
2318 1866 2434 1952 plures
2470 1867 2599 1932 formas

1123 1981 1247 2047 dantes
1265 2002 1344 2048 esse
1367 1981 1596 2047 substantiale
1621 1981 1733 2069 magis
1758 2004 1861 2066 quam
1886 1980 1920 2047 in
1946 1981 2020 2047 aliis
2045 1982 2108 2047 sed
2133 2003 2237 2047 unam
2263 1993 2406 2064 tantum,
2432 1982 2476 2048 de
2503 1982 2600 2048 intel-

934 2066 1099 2193 folilthb
1122 2098 1212 2163 lectu
1237 2097 1415 2182 quomodo
1439 2119 1479 2163 se
1502 2099 1593 2163 habe
1628 2101 1631 2181 l
1664 2110 1699 2163 at
1723 2100 1767 2163 ad
1787 2097 1962 2163 hominem
1988 2098 2132 2163 multum
2157 2098 2249 2164 varie
2273 2110 2355 2165 sunt
2377 2097 2494 2164 locuti.

1211 2213 1412 2279 Alexander
1428 2217 1474 2297 (l)
1499 2213 1590 2279 enim
1616 2214 1752 2279 videtur
1775 2213 1929 2280 sensisse
1960 2215 2054 2299 quod
2079 2213 2273 2280 intellectus
2305 2213 2483 2300 possibilis
2507 2224 2600 2281 esset

1122 2329 1229 2394 virtus
1264 2328 1448 2394 materialis
1488 2341 1522 2395 et
1561 2341 1655 2396 esset
1694 2329 1851 2415 potentia
1889 2329 2105 2396 substantiae
2142 2330 2194 2395 vel
2229 2330 2363 2397 formae
2398 2329 2598 2416 corporalis,

1122 2444 1191 2509 Alii
1209 2448 1254 2528 (2)
1280 2456 1394 2511 autem
1420 2456 1614 2531 posuerunt
1646 2467 1724 2511 eum
1761 2466 1840 2510 esse
1872 2456 2071 2531 separatum
2106 2445 2141 2510 in
2178 2467 2267 2527 esse,
2302 2445 2529 2512 coniunctum
2564 2445 2600 2510 in

1122 2560 1327 2646 operatione
1348 2571 1382 2625 et
1406 2560 1565 2645 quideml
1588 2583 1696 2626 unum
1720 2572 1865 2641 tautum,
1883 2561 1978 2645 quod
2003 2572 2055 2627 est
2079 2583 2273 2628 erroneum.
2299 2561 2402 2627 Unde
2427 2561 2455 2627 si
2479 2571 2600 2647 posset

1121 2676 1205 2763 poni
1230 2678 1323 2761 quod
1348 2676 1543 2743 intellectus
1577 2699 1647 2742 non
1682 2676 1837 2742 uniretur
1871 2677 2045 2758 materiae,
2087 2678 2204 2743 dando
2240 2677 2306 2764 ipsi
2330 2699 2420 2758 esse,
2445 2678 2508 2744 sed
2533 2677 2599 2742 alia

1121 2793 1232 2859 forma
1268 2792 1432 2858 sensitiva
1464 2793 1597 2860 scilicet
1631 2793 1847 2858 nobilissima
1875 2803 1909 2859 et
1941 2804 2056 2859 tamen
2088 2793 2372 2879 multiplicaretur
2403 2793 2598 2861 intellectus

1121 2910 1317 2975 secundum
1347 2908 1669 2995 multiplicationem
1698 2909 1877 2975 hominum
1908 2920 1941 2975 et
1972 2909 2287 2976 communicaretur
2319 2910 2476 2997 operatio
2502 2909 2599 2976 intel·

1120 3025 1253 3114 ligendi
1285 3037 1319 3090 et
1349 3025 1490 3091 volendi
1524 3035 1557 3091 et
1590 3025 1746 3091 merendi
1779 3037 1814 3090 et
1845 3036 1961 3091 cetera
1991 3025 2193 3092 hominibus
2218 3027 2414 3091 secundum
2438 3025 2598 3114 singulos

1121 3141 1327 3221 intellectus,
1363 3141 1497 3207 facilius
1533 3141 1744 3207 evitarentur
1774 3141 2058 3208 inconvenientia
2094 3141 2170 3207 alia.
2204 3141 2276 3209 Sed
2309 3141 2389 3228 quia
2419 3144 2490 3208 hoc
2526 3164 2598 3209 non

1121 3268 1259 3324 tenetur
1282 3278 1348 3325 nec
1380 3257 1505 3323 dicitur
1528 3278 1607 3323 esse
1631 3257 1809 3343 possibile,
1841 3259 1905 3324 sed
1938 3268 2076 3324 tenetur
2108 3260 2204 3343 quod
2236 3258 2431 3325 substantia
2462 3258 2598 3324 animae

1122 3374 1298 3440 rationalis
1323 3385 1375 3440 est
1399 3375 1487 3440 dans
1511 3373 1643 3439 homini
1668 3396 1747 3440 esse
1772 3374 1999 3440 substantiale
2024 3386 2059 3440 et
2081 3374 2295 3460 specificum‚
2320 3376 2390 3440 hoc
2414 3374 2599 3462 supposito

1121 3479 1277 3557 remanet
1300 3512 1430 3578 magna
1453 3489 1637 3555 difficultas
1662 3489 1855 3575 utrobique.

1117 3693 1119 3697 ¹
1210 3608 1343 3672 Tamen
1367 3606 1502 3672 videtur
1536 3606 1631 3691 quod
1667 3605 1803 3672 facilius
1830 3606 1873 3671 sit
1904 3617 2023 3672 tenere
2058 3606 2157 3672 non²
2181 3628 2260 3673 esse
2291 3606 2326 3672 in
2355 3606 2498 3672 homine
2533 3606 2599 3672 nisi

1122 3744 1228 3788 unam
1252 3723 1409 3788 formam.
1445 3723 1535 3788 Nam
1566 3732 1710 3809 propter
1743 3722 1933 3789 efficaciam
1963 3721 2135 3788 rationum
2167 3721 2425 3788 ostendentium
2454 3722 2489 3787 in
2523 3722 2598 3788 aliis

1121 3841 1165 3904 ab
1194 3838 1337 3905 homine
1363 3861 1435 3905 non
1463 3860 1570 3926 posse
1595 3860 1674 3905 esse
1702 3838 1768 3904 nisi
1796 3861 1901 3904 unam
1933 3840 2091 3921 formam,
2119 3861 2210 3924 quae
2237 3839 2386 3904 eandem
2414 3837 2600 3904 videntur³

1120 3957 1251 4022 habere
1275 3954 1465 4023 efficaciam
1494 3954 1530 4020 in
1558 3954 1711 4036 homine,
1739 3955 1876 4021 videtur
1907 3954 2009 4020 etiarn
2034 3956 2130 4040 quod
2163 3955 2193 4020 si
2216 3965 2367 4041 ponatur
2396 3954 2432 4020 in
2456 3953 2598 4020 homine

1121 4071 1237 4158 aliqua
1264 4072 1375 4138 forma
1402 4070 1569 4137 naturalis
1597 4071 1686 4136 dans
1719 4092 1809 4152 esse,
1843 4072 1938 4156 quod
1963 4070 2138 4157 oportebit
2169 4071 2381 4138 intellectum
2414 4092 2486 4138 non
2519 4092 2599 4138 esse

1121 4188 1267 4254 formam
1299 4189 1438 4254 dantem
1473 4208 1561 4268 esse,
1593 4187 1656 4253 sed
1685 4197 1880 4273 separatam
1909 4199 1943 4253 et
1971 4210 2076 4253 unam
2101 4189 2195 4273 quod
2224 4199 2277 4254 est
2305 4207 2510 4267 erroneum;
2539 4196 2599 4252 aut

1121 4303 1224 4370 etiam
1263 4305 1358 4391 quod
1398 4313 1498 4370 erunt
1543 4303 1660 4390 plures
1700 4303 1794 4369 dicto
1833 4304 1950 4384 mod0,
1991 4306 2086 4390 quod
2125 4325 2198 4370 non
2237 4302 2284 4369 ita
2323 4293 2507 4371 manifeste
2546 4314 2599 4370 est

1121 4441 1315 4487 erroneum.

1210 4730 1253 4800 Et
1276 4731 1356 4800 ideo
1388 4731 1547 4799 absolute
1578 4730 1757 4818 loquendo
1789 4730 1925 4798 videtur
1959 4730 2174 4818 probabilior
2208 4731 2337 4817 positio
2373 4751 2464 4817 quae
2499 4728 2600 4819 ponit

1120 4861 1254 4916 tanturn
1278 4872 1383 4916 unam
1408 4849 1442 4914 in
1467 4849 1640 4929 omnibus
1665 4847 1925 4934 improbabilior
1945 4870 2035 4933 quae
2059 4849 2177 4935 plures
2201 4847 2236 4913 in
2261 4847 2424 4914 omnibus
2437 4847 2460 4929 ⁴,
2484 4847 2599 4914 minus

1120 4965 1358 5053 improbabilis
1386 4975 1501 5032 autem
1530 4986 1619 5050 quae
1644 4975 1776 5031 tantum
1803 4963 1837 5029 in
1865 4964 2007 5029 homine
2031 4963 2129 5050 ponit
2151 4964 2269 5050 plures
2293 4985 2357 5050 pro
2381 4973 2513 5050 quanto
2537 4963 2600 5030 id⁶

1121 5081 1244 5168 quod⁰
1270 5081 1385 5148 minus
1413 5092 1465 5148 est
1492 5059 1684 5167 probabile,
1713 5080 1845 5147 scilicet
1871 5081 1989 5167 plures
2022 5102 2099 5146 esse
2127 5081 2257 5147 formas
2290 5079 2535 5147 substantiales
2563 5079 2598 5146 in

1120 5198 1237 5284 aliquo
1261 5197 1361 5285 ponit
1385 5197 1419 5263 in
1439 5197 1675 5283 paucioribus
1701 5208 1735 5262 et
1758 5218 1822 5282 pro
1846 5207 1977 5281 quanto
1994 5197 2101 5262 homo
2119 5208 2172 5263 est
2188 5218 2251 5263 ens
2267 5198 2413 5262 multum
2435 5196 2598 5262 differens

1120 5316 1165 5379 ab
1189 5313 1264 5380 aliis
1288 5313 1492 5400 compositis
1520 5312 1764 5379 materialibus.
1793 5312 1973 5378 Difficilior
2000 5324 2116 5378 tamen
2145 5323 2197 5378 est
2225 5314 2270 5379 ad
2298 5314 2489 5380 tenendum
2516 5311 2600 5399 quia

1120 5432 1248 5496 habeat
1272 5441 1436 5515 utrasque
1460 5429 1545 5495 alias
1569 5429 1762 5516 positiones
1787 5440 1908 5494 contra
1933 5450 1971 5495 se
1995 5439 2029 5494 et
2053 5428 2205 5494 rationes
2229 5449 2357 5495 earum.

1211 5721 1219 5750 ¹
1239 5716 1357 5789 quidam
1377 5716 1441 5769 PV.
1455 5747 1489 5755 -
1509 5715 1562 5768 ³in
1582 5715 1612 5769 P.
1632 5746 1665 5754 -
1686 5714 1825 5768 ⁸videtur
1839 5714 1902 5767 PV.
1917 5744 1950 5754 -—
1966 5713 2212 5785 ‘improbabilior
2225 5745 2258 5753 —
2272 5713 2418 5784 omnibus]
2439 5732 2494 5768 om.
2515 5715 2545 5771 P.
2565 5742 2598 5755 -

1121 5806 1132 5838 ⁵
1150 5805 1221 5861 illud
1241 5806 1272 5860 P.
1291 5835 1325 5845 -
1344 5805 1356 5836 ⁰
1374 5813 1419 5858 est
1437 5804 1507 5857 add.
1526 5803 1558 5856 P.

1211 5988 1250 6052 (1)
1271 5984 1342 6039 Scr'l.
1362 5981 1673 6054 Aphrodisiensis
1694 5981 1754 6036 cfr.
1774 5981 1967 6050 AverroeS,
1987 5982 2032 6035 De
2050 5981 2165 6050 animo,
2184 5982 2267 6049 l.111‚
2286 5999 2311 6037 c.
2333 5985 2346 6037 1
2368 5980 2399 6049 (f.
2420 5985 2472 6037 162
2490 5982 2598 6050 Ru).-

1121 6074 1160 6143 (2)
1181 6073 1250 6128 Scil.
1270 6072 1464 6127 AverroeS.
1485 6069 1545 6125 Cfr.
1564 6070 1645 6137 ibid,
1665 6088 1689 6125 c.
1711 6075 1734 6138 l,
1754 6088 1829 6125 corn.
1848 6073 1873 6124 5.
