6700 7992
1187 1403 1382 1476 QUARTUM
1411 1403 1709 1474 QUODLIBETUM,
1738 1404 1774 1476 Q.
1802 1401 1845 1459 111
2200 1404 2252 1457 245

775 1606 796 1652 a
831 1582 942 1673 prima
976 1586 1108 1651 unitate
1144 1607 1234 1669 quae
1271 1596 1323 1650 est
1359 1584 1565 1670 principium
1602 1586 1735 1650 numeri
1772 1586 1958 1651 virtualiter
1990 1586 2251 1670 quodammodo

777 1723 900 1769 omnes
924 1723 1089 1768 numeros
1114 1701 1309 1777 continens
1335 1723 1354 1765 a
1392 1724 1458 1784 qua
1491 1723 1561 1765 non
1587 1703 1700 1786 magis
1734 1703 1786 1768 vel
1819 1701 1931 1767 minus
1966 1702 2153 1782 recederet,
2185 1700 2252 1766 nisi

776 1819 969 1885 secundum
996 1818 1143 1902 aliquem
1168 1819 1315 1905 gradum
1341 1829 1471 1882 certum
1508 1818 1553 1881 illi
1588 1819 1885 1904 appropinrpraret
1918 1820 2112 1884 secundum
2148 1839 2251 1902 quern

775 1956 847 2001 non
872 1933 1172 2021 appropinquatur
1188 1933 1276 1998 alius
1292 1946 1481 2015 numerus),
1499 1974 1539 1979 --
1559 1935 1603 1997 ita
1628 1934 1731 1998 etiam
1750 1936 1853 1999 debet
1870 1935 2000 1999 attendi
2018 1934 2252 2020 principaliter

775 2051 862 2117 ordo
887 2050 1082 2116 essentialis
1098 2072 1210 2115 rerum
1229 2072 1290 2134 per
1306 2063 1503 2149 respectum
1521 2052 1564 2113 ad
1583 2050 1747 2115 unitatem
1767 2051 1922 2135 primam,
1940 2072 2030 2134 quae
2047 2063 2099 2116 est
2117 2072 2252 2115 summa

775 2165 978 2252 simplicitas
1003 2179 1037 2231 et
1060 2165 1229 2251 perfectio
1254 2165 1393 2230 divinae
1418 2165 1601 2244 essentiae,
1628 2188 1821 2249 quaecum
1847 2166 1891 2230 sit
1924 2180 2023 2231 actus
2060 2188 2167 2251 purus
2199 2176 2252 2232 est

776 2281 984 2368 principium
1020 2282 1164 2346 aliorum
1201 2282 1395 2346 secundum
1432 2282 1606 2364 (piendam
1645 2302 1822 2346 recessum
1858 2283 1902 2346 ab
1939 2282 2013 2347 eius
2048 2281 2180 2347 unitate
2219 2294 2252 2346 et

776 2397 1005 2484 simplicitate,
1046 2408 1080 2462 et
1119 2398 1313 2462 secundum
1353 2399 1527 2480 quendam
1569 2418 1751 2461 accessum
1792 2398 1836 2461 ad
1887 2397 2178 2483 compositionem
2218 2411 2253 2463 ct

776 2512 1052 2592 multitudinem3
1089 2524 1191 2598 prout
1227 2535 1330 2576 omne
1367 2513 1578 2598 participans
1614 2536 1686 2576 uno
1724 2528 1776 2577 est
1807 2514 2053 2597 aliquomodo
2087 2536 2193 2578 unum
2219 2525 2253 2578 et

776 2649 847 2694 non
873 2651 980 2694 unum
1006 2630 1199 2694 secundum
1226 2608 1385 2693 Procliun
1404 2632 1461 2709 (l),
1487 2630 1642 2693 secunda
1668 2628 1919 2714 propositione.

865 2744 963 2811 Sicut
980 2766 1064 2832 ergo
1082 2755 1135 2809 est
1152 2746 1235 2809 dare
1253 2744 1430 2808 minimum
1448 2766 1628 2809 numerum
1646 2758 1679 2809 et
1702 2745 1858 2829 q'rrimtrm,
1876 2745 1922 2809 ita
1939 2745 2040 2810 etiam
2059 2760 2251 2811 creamram

776 2881 866 2945 quae
897 2872 950 2925 est
979 2860 1127 2925 maxime
1160 2872 1241 2924 nata
1270 2861 1346 2925 lleo
1375 2860 1657 2945 appa->pinque
1689 2873 1831 2945 propter
1855 2861 2028 2925 minimam
2058 2861 2133 2926 eius
2158 2883 2251 2926 com-

2307 2958 2373 3013 cod.
2387 2959 2415 3012 V

775 2976 984 3062 positionem
1017 2982 1021 3061 l
1054 2989 1087 3041 et
1111 2975 1368 3061 simplicitatem
1386 2998 1476 3060 (prae
1500 2989 1581 3041 nata
1606 2989 1658 3042 est
1683 2999 1761 3042 esse
1786 2977 1819 3041 in
1845 2989 2010 3043 creatura.
2036 2978 2134 3043 Sicut
2158 2978 2249 3043 enim
2273 3028 2313 3084 fol
2336 3030 2444 3085 283Rb

775 3092 805 3158 si
836 3114 909 3159 non
941 3106 1033 3159 esset
1063 3094 1151 3157 ordo
1181 3115 1405 3157 numerorum
1440 3095 1484 3156 ad
1517 3093 1683 3157 unitatem
1717 3093 1859 3178 primam
1888 3117 1959 3158 non
1988 3105 2081 3159 esset
2105 3094 2250 3158 omnino

776 3210 863 3289 ordo
888 3208 978 3274 inter
1004 3209 1110 3293 ipsos,
1137 3230 1204 3274 nec
1229 3220 1344 3295 potest
1373 3209 1405 3272 in
1435 3209 1485 3273 eis
1509 3226 1571 3294 per
1598 3231 1636 3273 se
1664 3209 1774 3294 accipi
1801 3212 1888 3274 ordo
1913 3231 1955 3274 ex
1980 3210 2182 3275 habitudine
2207 3211 2252 3275 ad

776 3325 932 3390 ultimum
961 3347 1142 3390 numerum
1172 3325 1273 3389 etiam
1299 3325 1327 3388 si
1344 3324 1510 3409 possibile
1538 3337 1640 3405 esset,
1666 3325 1731 3389 nisi
1758 3326 1791 3389 in
1809 3337 1976 3410 quantum
1994 3348 2037 3391 ex
2064 3328 2132 3391 hoc
2158 3327 2253 3410 quod

776 3441 888 3529 magis
916 3441 1125 3506 accederent
1154 3442 1197 3505 ad
1224 3441 1315 3505 illum
1346 3441 1456 3527 magis
1485 3443 1690 3506 recederent
1717 3464 1736 3505 a
1763 3441 1873 3527 prima
1900 3441 2031 3508 unitate
2057 3465 2076 3507 a
2101 3465 2169 3527 qua
2197 3443 2253 3508 ille

775 3557 923 3622 maxime
945 3558 1133 3637 recederet,
1152 3597 1192 3603 —
1218 3556 1264 3622 ita
1288 3559 1389 3621 etiam
1416 3557 1449 3621 in
1474 3557 1641 3623 creaturis
1667 3579 1738 3620 non
1763 3568 1815 3622 est
1839 3559 1922 3622 dare
1947 3558 2104 3624 ordinem
2128 3580 2191 3644 per
2214 3581 2253 3625 se

777 3682 811 3739 et
834 3672 946 3759 primo
978 3694 1020 3738 ex
1046 3672 1250 3737 habitudine
1275 3673 1319 3736 ad
1348 3673 1501 3737 intimum
1532 3694 1611 3749 ens;
1640 3696 1719 3737 narn
1750 3674 1843 3757 quod
1869 3674 1998 3758 aliquid
2022 3675 2147 3740 dicitur
2175 3696 2253 3741 esse

775 3787 1012 3875 imperfectius
1028 3789 1223 3853 secundum
1247 3790 1349 3854 talem
1374 3790 1520 3876 gradum
1548 3790 1580 3853 in
1606 3800 1773 3873 quantum
1799 3800 1932 3855 tantum
1957 3790 2093 3856 accedit
2117 3791 2161 3855 ad
2186 3791 2253 3856 tale

777 3926 850 3985 enS,
875 3907 945 3970 hoc
972 3916 1025 3970 est
1052 3904 1086 3970 in
1115 3916 1282 3990 quantum
1311 3905 1394 3969 illud
1420 3906 1567 3970 maxime
1598 3906 1728 4000 recedit
1753 3930 1773 3970 a
1797 3906 1908 3991 primo
1940 3918 1973 3972 et
2005 3918 2129 3973 cetera.
2155 3906 2255 3973 Sicut

777 4041 862 4110 ergo
902 4021 937 4086 in
976 4021 1129 4086 numeris
1168 4021 1309 4105 requirit
1348 4022 1435 4087 ordo
1480 4021 1675 4086 essentialis
1716 4021 1862 4104 primurn
1899 4045 2081 4088 numerum
2121 4022 2255 4087 scilicet

777 4136 959 4217 binarium,
991 4137 1038 4202 ita
1073 4137 1175 4202 etiam
1208 4138 1295 4201 ordo
1328 4138 1522 4222 specierum
1560 4137 1632 4201 sive
1666 4137 1818 4222 ipsarum
1851 4138 2079 4204 essentiarum
2113 4136 2255 4223 requirit

777 4253 924 4339 primam
953 4264 1145 4319 creaturam
1176 4276 1267 4337 quae
1299 4254 1443 4338 primam
1477 4252 1769 4338 compositionem
1804 4265 1837 4318 et
1869 4254 2044 4319 minimam
2083 4255 2190 4319 babet
2221 4265 2255 4319 et

777 4379 902 4435 cetera.
928 4368 971 4434 Et
1000 4368 1051 4434 sic
1076 4379 1129 4435 est
1159 4372 1246 4434 ordo
1276 4392 1389 4435 rerum
1415 4368 1642 4454 accipiendus
1671 4391 1712 4433 ex
1742 4369 1965 4452 elongatione
1994 4393 2014 4434 a
2039 4370 2149 4454 primo
2174 4382 2255 4436 ente

776 4496 811 4550 et
840 4506 911 4550 non
940 4506 983 4550 ex
1011 4485 1234 4571 elongatione
1260 4486 1303 4549 ab
1336 4485 1455 4549 ultimo
1484 4484 1548 4548 nisi
1580 4507 1643 4570 per
1667 4484 1843 4564 accidens,
1872 4485 1906 4549 in
1932 4497 2098 4569 quantum
2123 4485 2256 4551 scilicet

776 4612 908 4686 quanto
925 4601 1055 4685 aliquid
1079 4601 1191 4687 magis
1216 4602 1401 4685 elongatur
1424 4602 1468 4664 ab
1494 4600 1562 4678 illo,
1577 4600 1692 4665 minus
1710 4602 1931 4688 elongatura
1955 4601 2065 4685 primo
2092 4612 2255 4687 respectu

777 4716 876 4782 cuius
900 4729 953 4782 est
977 4719 1064 4782 ordo
1089 4739 1151 4802 per
1174 4738 1212 4782 se
1230 4717 1474 4781 attendendus.
1494 4717 1596 4781 Unde
1623 4716 1814 4801 Dionysius
1831 4721 1887 4800 (2),
1915 4717 2035 4801 quinto
2060 4719 2103 4782 de
2122 4719 2256 4784 Divinis

776 4832 1006 4899 Nominibus:
1043 4835 1140 4898 Deus
1175 4832 1376 4918 simpliciter
1406 4843 1439 4896 et
1471 4831 1773 4916 incircumscripte
1802 4844 1911 4897 totum
1941 4833 1975 4897 in
2012 4855 2051 4898 se
2076 4833 2152 4919 ipso
2178 4856 2257 4899 esse

777 4948 960 5035 coaccepit
978 4960 1012 5013 et
1036 4949 1280 5034 praeaccepit;
1306 4960 1340 5013 ct
1365 4949 1472 5013 infra:
1499 4948 1533 5013 in
1559 4949 1709 5012 monade
1736 4959 1904 5032 quantum
1929 4960 2043 5014 autem
2068 4952 2257 5014 amonade

778 5065 945 5151 procedit,
974 5075 1106 5130 tanturn
1147 5065 1354 5129 discernitur
1386 5075 1419 5130 et
1457 5064 1713 5149 multiplicatur.
1754 5065 1798 5128 Et
1837 5066 2057 5149 Proclus(.⁹ll,
2089 5065 2256 5151 vigesima

777 5180 908 5268 prima:
934 5181 1048 5246 omnis
1073 5182 1159 5245 ordo
1185 5182 1228 5244 ab
1258 5181 1388 5245 unitate
1418 5180 1589 5265 incipiens
1609 5180 1768 5264 procedit
1795 5180 1829 5244 in
1856 5180 2110 5247 multitudinem
2136 5181 2258 5247 unitati

870 5496 909 5561 (l)
930 5493 1050 5548 Procli
1069 5492 1277 5546 Institutioor's
1296 5493 1474 5563 theologicae
1493 5493 1541 5562 §⁸2
1561 5510 1599 5563 tp.
1613 5496 1660 5559 4)ss
1682 5501 1734 5549 llio
1754 5496 1868 5569 μετέχον
1886 5504 1933 5552 τοῦ
1952 5498 2017 5561 ἑνός,
2037 5501 2081 5552 καὶ
2099 5499 2125 5551 ἓν
2143 5498 2196 5553 ἐστι
2215 5502 2259 5554 καὶ

780 5576 834 5649 οὐχ
846 5578 883 5633 ἓν.
895 5613 928 5620 -
940 5586 980 5648 (2)
994 5581 1171 5650 [Pseudo-l
1186 5581 1351 5652 Dionysii
1367 5582 1411 5634 De
1424 5582 1537 5634 divinis
1551 5581 1722 5634 troorr'm'bus
1733 5583 1766 5640 V.
1781 5587 1832 5636 οἵ)
1847 5583 1889 5648 (Ρ.
1901 5584 1940 5645 L,
1956 5585 2011 5636 rol.
2025 5587 2083 5647 122,
2094 5584 2148 5637 col.
2162 5588 2258 5651 lllat:

780 5690 793 5719 ‹
810 5668 925 5723 Etenim
944 5670 973 5723 in
993 5669 1119 5722 monade
1139 5670 1234 5723 omnis
1254 5688 1390 5723 numerus
1411 5678 1478 5722 ante
1498 5668 1639 5733 subsistit,
1706 5679 1735 5723 et
1755 5670 1849 5723 ornuis
1869 5688 2005 5724 numerus
2024 5671 2121 5725 unitur
2140 5672 2258 5743 quidem

777 5754 808 5810 in
835 5756 980 5811 monade:
1010 5765 1149 5828 quantum
1175 5766 1272 5810 autem
1299 5757 1424 5810 monade
1455 5758 1600 5828 provenit,
1620 5764 1731 5810 tantum
1759 5758 1933 5813 discernitur
1958 5768 1987 5812 et
2013 5759 2258 5831 multiplicatur».

779 5842 839 5899 cfr.
858 5862 887 5916 p.
907 5834 969 5912 178ss
985 5863 1013 5898 n.
1033 5856 1043 5913 l
1063 5856 1081 5911 ).
1102 5876 1136 5883 -
1159 5848 1198 5911 (3)
1220 5846 1294 5898 Ibid.
1315 5850 1331 5914 ξ
1351 5849 1383 5899 21
1406 5855 1444 5916 (p.
1465 5849 1527 5911 alb:
1548 5854 1623 5903 Πᾶσα
1641 5849 1710 5910 τάξις
1730 5849 1782 5903 άπὸ
1804 5850 1917 5917 μονάδος
1936 5850 2074 5923 ἀρχομένη
2092 5852 2209 5925 πρόεισιν
2223 5852 2258 5915 εἷς

777 5931 880 5997 πλῆθος
896 5936 930 6002 τῇ
949 5929 1042 5998 μονάδι
1060 5929 1208 6001 ουότοιχον.

2136 6023 2272 6093 32η
