6700 7992
1353 1446 1528 1510 resnou
1557 1448 1856 1524 Qcoottnsron,
1885 1453 1920 1523 Q.
1949 1449 1974 1507 v
2355 1448 2404 1507 nr

926 1635 1166 1715 ostendamus,
1205 1645 1264 1699 aut
1296 1634 1389 1699 nulla
1421 1632 1638 1699 dubitatione
1679 1635 1861 1700 credamus
1901 1655 1980 1699 esse
2019 1632 2263 1704 falsissimum:
2300 1644 2404 1717 atque

928 1751 974 1819 ita
997 1760 1181 1819 teneamus
1205 1750 1432 1816 mediatorem
1458 1762 1625 1825 nostrum,
1651 1750 1684 1814 in
1711 1772 1781 1834 quo
1805 1762 1885 1816 sunt
1903 1772 2025 1816 omnes
2042 1749 2195 1815 thesauri
2212 1748 2404 1834 sapientiae

928 1877 962 1934 et
996 1865 1164 1933 scientiae
1198 1865 1404 1945 absconditi,
1440 1877 1477 1931 ut
1512 1887 1626 1950 neque
1662 1865 1908 1951 philosophiae
1931 1866 2040 1930 falsae
2064 1865 2274 1950 loquacitate
2302 1867 2404 1931 sedu-

929 2004 1058 2065 camur,
1082 2003 1197 2067 neque
1221 1982 1330 2047 falsae
1354 1981 1533 2069 religionis
1556 1981 1803 2067 superstitione
1829 1993 2026 2047 terreamur.

973 2097 1066 2183 Quia
1089 2096 1194 2187 igitur
1227 2097 1386 2183 quaestio
1411 2098 1454 2162 de
1491 2096 1622 2162 unitate
1641 2085 1791 2162 tonnae
1827 2097 2064 2163 substantialis
2100 2097 2132 2163 in
2170 2118 2403 2183 quocumque,

929 2236 1019 2301 quae
1041 2213 1285 2302 philosophica
1318 2224 1381 2293 est,
1405 2213 1582 2278 reducitur
1605 2214 1649 2278 ad
1674 2214 1778 2278 tidem
1804 2235 1845 2278 cx
1870 2213 1945 2279 eius
1969 2212 2102 2280 artione
2138 2216 2181 2278 ad
2216 2213 2403 2294 hominem,

928 2342 962 2398 et
984 2329 1180 2417 specialiter
1203 2330 1248 2394 ad
1283 2328 1469 2407 Christum,
1495 2341 1528 2395 et
1564 2328 1699 2394 videtur
1732 2329 1904 2414 aliquibus
1936 2330 2031 2413 quod
2062 2332 2289 2415 repugna[n]t
2323 2330 2403 2394 fidei

928 2466 1060 2533 ponere
1098 2455 1232 2512 tantum
1271 2467 1376 2510 unam
1416 2445 1561 2510 formam
1602 2444 1864 2510 substantialem
1905 2444 1939 2510 in
1980 2445 2132 2525 Christe,
2172 2445 2246 2510 aliis
2288 2456 2403 2510 autem

930 2562 1066 2629 videtur
1080 2560 1301 2640 contrarium,
1326 2571 1360 2626 et
1384 2559 1543 2644 quaestio
1568 2560 1749 2646 proposita
1774 2563 1817 2625 ab
1843 2560 1899 2625 illa
1927 2562 2114 2647 dependet,
2139 2601 2180 2609 —
2206 2560 2286 2626 ideo
2311 2560 2404 2625 circa

929 2678 986 2745 illa
1015 2677 1100 2745 nihil
1135 2676 1204 2743 dixi
1244 2676 1446 2743 definiendo
1482 2677 1536 2742 vel
1576 2676 1852 2758 determinando,
1877 2676 1958 2762 quia
1993 2698 2060 2743 nec
2096 2677 2229 2743 asserui
2253 2676 2404 2761 aliquam

928 2804 1059 2881 partem
1084 2793 1311 2859 determinate
1337 2813 1415 2857 esse
1443 2792 1566 2857 falsam
1594 2792 1649 2857 vel
1677 2792 1926 2878 impossibilem
1944 2805 1978 2858 et
2002 2793 2076 2859 eius
2102 2793 2299 2879 oppositam
2325 2813 2405 2857 esse

928 2931 1043 2977 veram
1076 2911 1130 2975 vel
1161 2907 1406 2975 necessariam.
1433 2908 1504 2973 Sed
1528 2907 1598 2973 dixi
1622 2909 1864 2973 tantummodo
1894 2909 1988 2993 quod
2013 2908 2141 2994 positio
2177 2930 2246 2994 qua
2280 2908 2405 2975 dicitur

929 3026 1023 3111 quod
1062 3024 1097 3091 in
1131 3023 1283 3104 homine,
1318 3023 1408 3088 sicut
1443 3023 1545 3088 etiarn
1581 3023 1614 3087 in
1656 3045 1872 3108 unoquoque
1908 3023 1975 3089 alio
2011 3036 2091 3090 ente
2130 3024 2325 3111 composito
2362 3047 2404 3091 ex

928 3140 1071 3208 materia
1093 3154 1127 3207 et
1143 3141 1254 3206 forma
1277 3141 1505 3204 substantiali
1518 3142 1535 3219 ¹,
1561 3150 1613 3204 est
1630 3152 1762 3203 tantum
1796 3162 1864 3204 una
1894 3141 2004 3205 tonna
2021 3140 2267 3232 substantialis
2288 3152 2404 3226 potest

928 3269 1093 3342 tanquam
1129 3255 1317 3342 probabilis
1353 3254 1524 3333 sustineri,
1562 3265 1595 3320 et
1629 3254 1783 3320 rationes
1820 3256 1853 3319 in
1889 3255 2089 3341 oppositum
2124 3255 2226 3322 etiarn
2256 3268 2404 3342 possunt

928 3371 1152 3460 probabiliter
1168 3371 1320 3451 dissolvi,
1346 3382 1379 3440 et
1396 3372 1564 3455 quasdam
1591 3370 1722 3435 illarum
1742 3393 1803 3455 per
1820 3372 1962 3436 modum
1979 3371 2168 3457 probabilis
2186 3371 2329 3437 dissolvi
2346 3375 2403 3455 (l),

928 3487 1079 3554 dicendo
1114 3488 1158 3553 ad
1194 3489 1295 3552 talem
1329 3487 1517 3552 rationem:
1554 3487 1690 3552 videtur
1725 3509 1831 3572 posse
1867 3486 1936 3553 dici
1970 3487 2065 3572 quod
2101 3490 2170 3554 hoc
2204 3487 2298 3567 nihil,
2334 3490 2404 3554 hoc

928 3602 1042 3691 posito
1077 3602 1331 3670 inconveniens
1367 3623 1439 3667 non
1471 3615 1684 3687 sequeretur,
1721 3615 1755 3667 et
1786 3601 1995 3668 huiusmodi.
2020 3603 2064 3669 Et
2095 3603 2175 3688 quia
2200 3603 2403 3690 potissimae

927 3730 960 3787 et
982 3718 1246 3815 efficacissimae
1270 3718 1423 3784 rationes
1448 3718 1574 3802 quibus
1599 3720 1642 3782 ab
1668 3718 1840 3802 aliquibus
1876 3718 2017 3804 ponitur
2039 3731 2174 3785 tantum
2198 3741 2268 3784 una
2290 3720 2404 3784 forma

927 3835 961 3901 in
998 3835 1082 3924 igne
1107 3835 1174 3901 vel
1211 3835 1247 3899 in
1286 3834 1402 3920 lapide
1442 3835 1590 3900 eandem
1628 3835 1761 3900 habent
1809 3834 1999 3901 efficaciam
2040 3835 2074 3900 in
2113 3833 2255 3901 homine
2294 3847 2329 3901 et
2368 3835 2404 3900 in

927 3972 1147 4037 quocumque
1175 3950 1243 4017 alio
1271 3950 1478 4036 composito,
1503 3949 1583 4016 ideo
1611 3949 1701 4015 sicut
1726 3972 1798 4015 non
1824 3950 1958 4016 asserui
1986 3952 2081 4036 quod
2107 3950 2142 4016 in
2164 3950 2306 4017 homine
2330 3972 2404 4017 non

928 4067 969 4135 sit
999 4066 1067 4134 nisi
1098 4088 1169 4133 una
1195 4067 1306 4132 forma
1342 4065 1579 4132 substantialis
1610 4087 1678 4132 nec
1714 4087 1843 4147 assera,
1869 4066 1915 4131 ita
1947 4066 2050 4132 etiam
2082 4088 2149 4133 nec
2177 4066 2309 4133 asserui
2336 4088 2404 4133 nec

928 4204 1047 4251 assero
1084 4182 1180 4267 quod
1212 4181 1246 4247 in
1278 4181 1353 4248 aliis
1384 4204 1456 4247 non
1488 4181 1532 4247 sit
1557 4181 1624 4247 nisi
1656 4204 1726 4247 una
1765 4183 1876 4247 forma
1916 4182 2174 4263 substantialis;
2210 4204 2290 4248 nam
2330 4204 2402 4248 non

928 4298 1030 4366 video
1055 4297 1140 4385 quin
1165 4297 1278 4365 dictae
1302 4297 1455 4364 rationes
1480 4299 1628 4363 eandem
1654 4298 1844 4364 efficaciam
1868 4300 2021 4364 habeant
2046 4298 2079 4364 in
2105 4298 2276 4364 omnibus.

1015 4413 1060 4481 Et
1091 4414 1121 4481 si
1155 4416 1244 4480 haec
1271 4413 1398 4500 positio
1423 4412 1467 4478 sit
1494 4414 1592 4493 falsa,
1619 4414 1700 4500 quia
1733 4416 1906 4499 quaedam
1939 4415 2027 4480 falsa
2057 4415 2292 4501 probabiliora
2322 4425 2404 4480 sunt

929 4529 1136 4618 quibusdam
1160 4528 1261 4610 veria,
1294 4550 1374 4596 cum
1399 4528 1474 4595 eius
1502 4529 1634 4594 falsitas
1658 4530 1713 4595 vel
1740 4551 1803 4616 per
1827 4531 2061 4597 evidentiores
2085 4531 2238 4596 rationes
2262 4530 2318 4597 vel
2342 4552 2405 4616 per

929 4645 1249 4714 determinationem
1270 4656 1305 4711 et
1328 4643 1569 4711 auctoritatem
1594 4645 1774 4712 Ecclesiae
1798 4646 1990 4733 apparebit,
2008 4659 2067 4713 aut
2091 4647 2119 4712 si
2144 4657 2196 4713 est
2213 4668 2304 4727 vera,
2324 4667 2403 4713 curn

927 4762 996 4830 hoc
1019 4761 1122 4830 etiam
1147 4761 1367 4828 evidentibus
1392 4760 1584 4827 rationibus
1602 4763 1655 4827 vel
1680 4784 1742 4848 per
1766 4762 2089 4829 determinationem
2106 4774 2140 4829 et
2164 4763 2402 4829 auctoritatem

928 4877 1106 4946 Ecclesiae
1131 4876 1322 4965 apparebit,
1347 4897 1416 4964 ego
1443 4877 1502 4961 qui
1533 4898 1605 4942 non
1637 4877 1732 4943 tenui
1756 4898 1823 4956 nec
1855 4878 1988 4943 asserui
2019 4894 2096 4945 nec'
2117 4900 2237 4944 assero
2262 4879 2404 4945 alteram

929 5004 1061 5083 partem
1101 4992 1337 5077 determinate,
1370 4994 1510 5058 alteram
1551 4993 1835 5060 certitudinaliter
1867 5005 1900 5060 et
1939 4994 2166 5061 determinate
2206 4994 2331 5083 eligam
2371 5006 2405 5061 et

929 5132 1091 5194 asseram,
1137 5111 1228 5177 illam
1268 5110 1428 5179 videlicet
1475 5133 1578 5198 quarn
1617 5110 1775 5176 Ecclesia
1806 5111 1859 5177 vel
1900 5110 2044 5176 evidens
2083 5110 2170 5177 ratio
2216 5113 2405 5177 tenendam

930 5225 1190 5304 demonstrabit,
1222 5237 1257 5293 et
1286 5228 1375 5294 forte
1410 5227 1502 5293 illarn
1534 5247 1624 5312 quae
1658 5227 1854 5292 secundum
1884 5248 1922 5292 se
1954 5237 1988 5292 et
2022 5228 2216 5293 secundum
2252 5227 2404 5293 rationes

929 5344 1102 5410 naturales
1126 5342 1347 5410 considerata
1371 5343 1485 5409 minus
1517 5342 1706 5429 probabilis
1736 5341 1917 5408 videbitur.
1951 5343 2027 5408 Nec
2057 5345 2127 5409 hoc
2157 5354 2210 5409 est
2241 5343 2404 5409 inconve-

931 5457 1040 5541 nienS,
1079 5456 1186 5525 immo
1232 5458 1267 5524 in
1305 5461 1374 5525 hoc
1413 5470 1466 5525 est
1504 5458 1662 5525 meritum
1701 5457 1784 5524 fidei
1823 5457 1951 5543 quotl‘
1997 5459 2031 5523 in
2075 5458 2149 5526 eius
2196 5459 2403 5544 obsequium

929 5573 1122 5642 intellectus
1160 5575 1363 5660 captivetur,
1403 5587 1440 5640 ut
1479 5585 1599 5641 contra
1638 5595 1680 5640 ea
1716 5595 1806 5658 quae
1842 5596 1884 5639 ex
1915 5574 2165 5660 apparentibus
2200 5575 2405 5659 rationibus,

1018 5860 1026 5892 ¹
1039 5857 1175 5915 subiecto
1188 5859 1222 5914 V.
1237 5891 1269 5900 -—
1284 5859 1295 5892 ¹
1308 5876 1384 5931 quae
1404 5861 1437 5914 V.

1017 6060 1054 6137 (l)
1075 6064 1184 6137 Quodl.
1204 6062 1242 6134 11,
1261 6068 1287 6133 7,
1306 6082 1355 6139 pp.
1376 6067 1427 6119 125
1446 6072 1476 6119 et
1497 6067 1555 6120 lut.
