6700 7992
1115 2159 1647 2265 Quonnmurun
1704 2153 2062 2265 Qunnrun

1440 2464 1710 2534 Quaestio
1745 2465 1757 2517 1

1509 2622 1673 2678 (BREVIS).

991 2811 1098 2866 Utrum
1125 2811 1157 2863 in
1184 2811 1246 2864 Deo
1270 2811 1311 2863 sit
1331 2811 1461 2882 propria
1487 2811 1554 2864 idea
1580 2814 1609 2864 et
1633 2812 1763 2864 discreto
1788 2816 1921 2882 respectu
1946 2811 2114 2882 singularis
2135 2818 2145 2877 t
2164 2816 2184 2877 ).

935 3078 1032 3131 Primo
1052 3079 1249 3148 quaerebatur
1268 3096 1356 3132 unum
1377 3080 1456 3132 circa
1475 3079 1579 3145 Deum,
1599 3088 1695 3132 utrum
1719 3078 1831 3132 scilicet
1854 3078 1883 3132 in
1906 3080 1970 3131 Deo
1991 3078 2028 3132 sit
2047 3078 2166 3150 propria
2185 3078 2253 3131 idea
2272 3086 2302 3131 et
2320 3081 2326 3109 ¹

844 3173 974 3228 discreta
1002 3182 1140 3245 respectu
1169 3173 1326 3244 singularis
1346 3175 1364 3227 ².
1392 3175 1429 3227 Et
1458 3174 1588 3244 arguitur
1616 3174 1697 3245 quod
1726 3174 1778 3241 sic,
1807 3174 1874 3245 quia
1904 3192 1969 3227 cum
1999 3174 2084 3228 ideae
2116 3175 2174 3228 sint
2199 3174 2327 3227 rationes

846 3271 1046 3342 cognoscendi
1078 3271 1259 3325 diversorum
1291 3271 1546 3343 cognoscibilium,
1578 3280 1645 3325 sunt
1677 3272 1705 3325 in
1737 3272 1802 3325 Deo
1831 3271 1967 3325 diversae
1996 3272 2088 3325 ideae.
2118 3272 2177 3326 Sed
2210 3272 2327 3326 diversa

844 3367 997 3421 individua
1016 3375 1083 3421 sunt
1103 3366 1221 3421 diversa
1241 3367 1463 3437 cognoscibilia.
1483 3368 1562 3438 Ergo
1582 3376 1611 3421 et
1630 3375 1740 3421 cetera.

934 3462 1053 3517 Contra.
1085 3464 1299 3535 Quaecumque
1330 3463 1480 3517 imitantur
1511 3462 1672 3517 divinam⁸
1699 3463 1856 3517 essentiam
1888 3463 2050 3517 secundum
2082 3481 2170 3516 unum
2202 3464 2326 3532 gradum

844 3559 1050 3613 imitabilitatis
1078 3560 1187 3613 habent
1209 3577 1296 3613 unam
1321 3558 1418 3613 ideam
1441 3559 1469 3612 in
1493 3560 1566 3626 Deo,
1587 3576 1652 3612 cum
1669 3547 1758 3612 ideae
1777 3576 1836 3612 non
1855 3559 1913 3612 sint
1935 3558 1991 3613 nisi
2013 3558 2158 3629 quaedam
2181 3559 2326 3613 imitabili·
2350 3586 2353 3591 -

845 3659 945 3709 tates⁴
964 3656 1111 3709 essentiae
1131 3655 1247 3709 (livinae
1267 3673 1284 3708 a
1303 3656 1453 3710 creaturis
1467 3654 1527 3709 Sed
1547 3653 1698 3708 individua
1718 3653 1849 3708 eiusdem
1869 3653 1980 3725 speciei
2000 3654 2149 3708 imitantur
2168 3654 2325 3709 essentiam

845 3750 973 3804 divinam
1003 3751 1164 3805 secundum
1194 3769 1281 3804 unum
1309 3751 1433 3821 gradum
1463 3768 1528 3804 cum
1558 3750 1708 3804 individua
1737 3750 1869 3804 eiusdem
1902 3750 2012 3822 speciei
2046 3767 2104 3804 non
2135 3768 2167 3804 se
2199 3750 2325 3805 invicem

845 3847 1014 3901 excedant³
1033 3846 1192 3901 secundum
1213 3846 1347 3901 diversos
1366 3846 1484 3918 gradus.
1504 3847 1582 3917 Ergo
1602 3854 1632 3899 et
1651 3855 1759 3901 cetera.

935 3942 1114 4014 Respondeo
1143 3942 1299 3996 dicendum
1329 3942 1501 4013 simpliciter
1530 3942 1610 4013 quod
1638 3943 1708 3996 licet
1730 3942 1816 3996 ideae
1839 3941 1956 3997 divinae
1980 3942 2037 3996 sint
2062 3944 2191 3996 rationes
2216 3959 2327 4013 cogno-

846 4037 948 4093 scendi
977 4047 1036 4092 tarn
1064 4039 1181 4109 species
1211 4056 1298 4109 quarn
1327 4038 1478 4092 individua
1507 4038 1638 4093 eiusdem
1667 4038 1788 4109 speciei,
1817 4047 1915 4092 tamen
1943 4038 2010 4092 idea
2040 4038 2136 4109 primo
2161 4046 2191 4092 et
2216 4056 2269 4109 per
2294 4055 2326 4092 se

846 4134 1006 4206 respondet
1025 4134 1183 4206 speciebus
1201 4142 1230 4188 et
1249 4152 1286 4188 ex
1304 4134 1496 4206 consequenti
1515 4134 1683 4198 individuis
1696 4152 1751 4188 nec
1770 4134 1972 4205 plurificantur
1985 4133 2071 4188 ideae
2090 4134 2146 4187 nisi
2165 4135 2326 4188 secundum

845 4230 1042 4301 pluralitatem
1072 4231 1247 4301 specierum.
1276 4231 1312 4283 Et
1340 4231 1397 4283 hoc
1424 4238 1507 4301 patet
1536 4248 1587 4284 sex
1617 4231 1787 4284 rationibus.
1808 4262 1841 4270 —
1865 4229 1961 4283 Prima
1984 4229 2050 4284 talis
2073 4238 2126 4283 est.
2149 4229 2250 4284 Solum
2270 4230 2327 4284 illis

846 4326 1051 4398 respondent⁶
1068 4326 1204 4380 diversae
1223 4326 1308 4379 ideae
1325 4326 1354 4379 in
1373 4327 1437 4380 Deo
1456 4344 1532 4397 quae
1550 4334 1620 4380 nata
1638 4334 1705 4381 sunt
1718 4326 1825 4379 imitari
1844 4326 1972 4379 divinam
1992 4326 2150 4380 essentiam
2166 4325 2327 4380 secundum

846 4420 957 4475 formas
986 4421 1118 4475 diversas
1139 4422 1282 4475 habentes
1310 4439 1363 4492 per
1391 4438 1424 4475 se
1452 4421 1585 4475 diversas
1606 4420 1737 4475 rationes
1758 4420 1915 4486 formales3
1940 4428 1969 4475 et
1987 4422 2045 4475 hoc
2063 4429 2154 4491 patet,
2174 4438 2240 4475 cum
2260 4421 2327 4475 idea

846 4517 884 4571 sit
903 4517 1049 4588 quaedam
1070 4517 1250 4570 imitabilitas
1269 4517 1430 4571 secundum
1450 4517 1593 4571 rationem
1613 4515 1726 4570 formae
1746 4516 1930 4588 exemplaris,
1944 4517 2004 4571 Sed
2023 4515 2175 4570 individua
2194 4516 2326 4571 eiusdem

846 4612 956 4683 speciei
976 4629 1035 4665 non
1054 4613 1163 4666 habent
1188 4631 1241 4683 per
1265 4630 1298 4666 se
1317 4612 1450 4667 diversas
1470 4612 1580 4666 formas
1599 4629 1654 4666 nec
1674 4612 1808 4666 diversas
1826 4612 1955 4666 rationes
1977 4612 2125 4679 formaleS,
2144 4612 2213 4666 licet
2232 4611 2326 4666 forma
2382 4632 2446 4685 md¹
2462 4633 2486 4686 ς

845 4706 1051 4781 plurificetur⁷
1076 4711 1079 4777 Ι
1105 4708 1134 4762 in
1160 4708 1203 4762 eis
1228 4726 1282 4780 per
1307 4708 1453 4763 accidens
1474 4710 1552 4781 Ergo
1572 4717 1602 4762 et
1621 4717 1728 4763 cetera.
1748 4740 1782 4748 -
1802 4708 1939 4762 Secunda
1961 4708 2028 4762 talis
2051 4717 2103 4762 est.
2127 4708 2208 4762 Sicut
2230 4708 2328 4763 unitas
2359 4701 2457 4757 fotu?
2472 4704 2513 4756 Ψ

847 4811 892 4858 est
911 4822 1047 4858 mensura
1066 4806 1196 4858 omnium
1215 4821 1410 4870 numerorum,
1432 4803 1497 4858 ita⁸
1519 4804 1647 4859 essentia
1667 4803 1767 4857 divina
1788 4803 1949 4858 secundum
1973 4804 2105 4857 diversas
2127 4803 2210 4858 ideas
2235 4807 2239 4871 Ι
2265 4804 2327 4858 sive
2359 4775 2455 4900 soff}
2468 4775 2509 4898 {a

847 4898 1059 4954 imitabilitates
1078 4907 1124 4954 est
1143 4917 1279 4954 mensura
1299 4900 1427 4954 omnium
1450 4909 1658 4954 creaturarum.
1679 4900 1740 4954 Sed
1762 4899 1859 4954 unitas
1881 4900 1986 4953 eodem
2006 4900 2095 4954 modo
2115 4907 2145 4954 et
2166 4918 2220 4971 per
2241 4916 2328 4955 unam
2403 4887 2409 4899 ⁸

848 4995 991 5050 rationem
1018 5004 1063 5049 est
1089 5013 1226 5050 mensura
1246 4997 1374 5050 omnium
1397 5014 1584 5050 numerorum
1608 4996 1739 5050 eiusdem
1759 4995 1879 5066 speciei,
1899 4996 1967 5066 quia
1987 4995 2083 5050 unitas
2105 5012 2158 5066 per
2180 4996 2330 5050 eandem⁹

848 5090 992 5145 rationem
1023 5100 1173 5145 mensurat
1204 5109 1307 5146 omnes
1338 5091 1550 5164 quaternarios,
1581 5109 1640 5145 non
1671 5100 1770 5145 tamen
1800 5109 1854 5161 per
1884 5109 1971 5145 unam
2002 5092 2146 5145 rationem
2180 5099 2329 5146 mensurat

847 5185 1067 5257 quaternarium
1086 5194 1116 5240 et
1135 5188 1302 5242 temarium.
1322 5188 1401 5259 Ergo
1423 5205 1441 5241 a
1462 5186 1550 5241 simili
1572 5185 1701 5241 essentia
1723 5186 1823 5240 divina
1845 5195 1891 5240 est
1913 5203 2050 5241 mensura
2072 5195 2102 5240 et
2123 5188 2198 5241 ratio
2218 5204 2329 5258 cogno-

847 5280 949 5336 scendi
968 5291 1106 5354 respectu
1125 5283 1254 5337 omnium
1274 5282 1492 5360 individuorum
1512 5282 1643 5337 eiusdem
1663 5282 1775 5353 speciei
1794 5300 1848 5353 per
1865 5298 1952 5337 unam
1976 5282 2082 5337 ideam.
2095 5315 2129 5323 —
2142 5282 2243 5338 Tertia
2262 5282 2329 5338 talis

847 5385 900 5432 est.
920 5378 1000 5432 lnter
1018 5378 1102 5433 ideas
1121 5387 1166 5434 est
1186 5378 1259 5434 ordo
1278 5379 1384 5433 saltem
1404 5379 1566 5434 secundum
1585 5376 1729 5432 rationem
1749 5386 1779 5432 et
1798 5396 1857 5432 non
1877 5377 2021 5444 confusio,
2040 5379 2080 5432 ita
2101 5378 2179 5451 quod
2199 5378 2329 5433 essentia

938 5644 1100 5700 ¹distincta
1118 5646 1181 5700 sive
1200 5646 1269 5701 add.
1291 5645 1323 5700 C.
1343 5677 1377 5685 —
1397 5646 1408 5678 ⁸
1426 5645 1617 5717 singularium
1637 5644 1670 5700 C.
1690 5676 1724 5685 -
1744 5646 1755 5678 ⁸
1774 5643 1871 5700 ideam
1891 5645 1961 5701 add.
1982 5645 2014 5701 C.
2034 5678 2068 5686 -
2087 5649 2098 5679 ⁴
2117 5646 2327 5702 imitabilitatio

842 5732 918 5804 (sic)
931 5730 965 5788 C.
978 5764 1012 5773 -
1026 5734 1038 5765 ⁸
1050 5732 1211 5788 extendant
1223 5733 1255 5788 P.
1270 5764 1304 5773 -
1318 5732 1502 5806 ‘respondet
1516 5732 1549 5788 C.
1564 5764 1596 5773 —
1612 5731 1729 5787 'forma
1743 5731 1933 5805 plurificetur]
1953 5732 2067 5788 formae
2081 5733 2282 5806 plurificentur
2295 5734 2329 5790 C.

847 5818 1272 5876 ÷-⁸sicC.-⁹unamC.

938 6000 978 6066 (ι)
997 5995 1057 6053 cfr.
1077 6016 1127 6072 pp.
1145 6001 1272 6055 ees-235.
1473 6021 1478 6029 ·
2173 6001 2223 6056 41·
