6700 7992
1039 1433 1138 1525 ἤι’
1405 1467 2155 1529 ummmmmmmmwmmm

1129 1651 1171 1717 Et
1195 1652 1274 1718 ideo
1299 1674 1378 1717 cum
1404 1653 1580 1741 theologia
1605 1663 1755 1738 ponatur
1779 1674 1857 1718 esse
1883 1651 2039 1732 scientia,
2065 1662 2205 1738 oportet
2225 1652 2322 1737 quod
2345 1651 2518 1739 principia

1039 1765 1114 1831 eius
1139 1766 1222 1831 fiant
1246 1766 1363 1851 aliquo
1388 1766 1493 1831 molo
1518 1766 1694 1832 evidentia
1725 1776 1759 1831 et
1793 1777 1877 1831 nota
1902 1765 1975 1832 sive
2001 1765 2185 1847 intellecta,
2217 1776 2251 1832 et
2278 1767 2347 1833 hoc
2375 1765 2515 1851 quidem

1039 1879 1213 1945 evidentia
1237 1901 1326 1964 quae
1361 1880 1527 1945 convenit
1560 1880 1784 1946 excellentiae
1817 1880 1894 1945 talis
1929 1879 2092 1945 materiae
2117 1890 2280 1965 respectu
2311 1879 2516 1945 infirmitatis

1039 1993 1116 2058 talis
1151 1993 1302 2058 scientis.
1343 1994 1444 2059 Unde
1483 1993 1653 2059 instructo
1685 1993 1720 2058 in
1752 1993 1930 2081 theologia
1969 1993 2077 2059 multo
2113 1993 2309 2060 evidentius
2345 1993 2383 2058 fit
2421 1995 2516 2079 quod

1039 2106 1198 2172 Christus
1233 2108 1331 2173 Deus
1366 2120 1400 2173 et
1434 2109 1541 2172 homo
1576 2108 1771 2188 resurrexit,
1807 2108 1880 2174 sive
1911 2108 2088 2192 quomodo
2124 2110 2193 2173 hoc
2224 2107 2392 2194 possibile
2415 2107 2458 2174 sit
2482 2119 2517 2174 et

1038 2242 1109 2285 non
1156 2220 1381 2306 impossihile,
1429 2243 1532 2305 quam
1579 2221 1726 2307 simplici
1765 2220 1867 2286 laico.
1907 2221 1950 2286 Et
1988 2221 2068 2286 ideo
2115 2220 2217 2287 etiam
2257 2221 2424 2309 theologo
2463 2233 2516 2288 est

1038 2334 1236 2400 evidentius
1267 2336 1363 2419 quod
1395 2357 1460 2399 nos
1493 2357 1716 2418 resurgemus
1753 2357 1855 2419 quam
1891 2334 1990 2401 laico.
2028 2335 2125 2400 Licet
2159 2356 2245 2423 ergo
2280 2356 2351 2400 non
2377 2335 2516 2402 sintita

1039 2447 1213 2514 evidentia
1237 2457 1378 2532 propter
1402 2449 1711 2533 improportionem
1729 2449 1804 2514 eius
1821 2448 1910 2514 sicut
1934 2447 2104 2534 principia
2121 2448 2264 2514 aliarum
2281 2448 2515 2528 scientiarum,

1037 2575 1118 2627 sunt
1142 2574 1258 2627 tamen
1283 2563 1339 2626 tuli
1372 2562 1546 2628 evidentia
1583 2574 1664 2627 nota
1701 2584 1792 2646 quac
1827 2562 1965 2628 suflicit.
2003 2563 2044 2626 Et
2077 2584 2194 2626 uerum
2232 2574 2285 2626 est
2320 2562 2415 2647 quod
2447 2565 2516 2629 hoc

1039 2675 1140 2740 etiam
1176 2675 1279 2741 fidem
1305 2675 1507 2760 simpliciter
1530 2698 1601 2740 non
1627 2686 1784 2755 evacuat,
1817 2676 1897 2760 quia
1933 2698 2005 2741 non
2042 2676 2124 2741 facit
2148 2676 2292 2741 omnino
2324 2676 2513 2762 perfectam

1037 2788 1193 2855 notitiam
1217 2789 1264 2854 rei
1285 2790 1319 2854 in
1345 2812 1383 2854 se
1408 2790 1484 2876 ipsa
1501 2802 1534 2855 et
1551 2802 1677 2855 cetera.
1696 2791 1844 2854 Constat
1861 2790 1952 2854 enim
1970 2790 2165 2855 secundum
2186 2789 2438 2874 Philosophum
2455 2794 2514 2873 (l),

1038 2902 1119 2968 illud
1144 2903 1307 2987 quodde
1332 2903 1613 2969 immaterialilms
1638 2904 1728 2969 scire
1760 2903 1936 2988 possimus
1961 2926 2003 2969 ex
2040 2903 2279 2988 probabilibus
2311 2914 2363 2968 est
2398 2903 2514 2989 aliquo

1037 3018 1143 3080 modo
1168 3006 1256 3082 scire
1281 3029 1442 3102 respectu
1467 3017 1686 3102 ignorantiae
1710 3017 1886 3082 laicorum.
1909 3018 1956 3081 lta
1981 3016 2083 3082 etiam
2107 3017 2140 3081 in
2166 3016 2356 3103 proposito,
2377 3016 2515 3083 Fideles

1038 3130 1285 3216 participantes
1311 3131 1489 3196 scientiam
1515 3133 1697 3196 beatorum
1722 3131 1821 3216 quasi
1846 3119 2116 3196 subalternantis
2140 3130 2213 3196 sive
2238 3129 2350 3218 magis
2374 3130 2514 3216 proprie

1037 3243 1258 3329 principalis3
1284 3244 1316 3309 in
1343 3255 1509 3330 quantum
1547 3245 1756 3310 adiuvantur
1791 3259 1825 3310 et
1856 3245 2068 3309 illustrantur
2095 3243 2211 3328 aliquo
2242 3243 2371 3310 lumine
2395 3266 2515 3330 super·

1037 3357 1183 3422 naturali
1209 3357 1412 3443 imperfecto
1436 3370 1597 3443 respectu
1623 3359 1761 3424 luminis
1785 3345 1927 3446 gloriae,
1953 3370 1987 3424 et
2015 3357 2120 3422 adiuti
2152 3379 2258 3423 sensu
2286 3368 2319 3423 et
2347 3358 2513 3424 memoria

1038 3471 1111 3535 sive
1135 3471 1256 3535 notitia
1280 3494 1383 3555 quam
1409 3493 1451 3536 ex
1476 3472 1637 3537 scnsihus
1662 3486 1696 3537 ct
1720 3471 1866 3536 naturali
1888 3471 2031 3558 ingenio
2053 3473 2182 3536 hahere
2205 3482 2362 3556 possunt,
2384 3471 2515 3537 habent

1038 3584 1219 3650 scientiam
1243 3597 1405 3670 respectu
1429 3585 1514 3673 igno
1547 3589 1550 3668 l
1583 3586 1715 3651 rantiae
1747 3586 1923 3650 laicorum.
1949 3585 2060 3648 Aliam
2093 3606 2178 3669 ergo
2203 3585 2359 3650 notitiam
2384 3587 2514 3651 habent

1038 3698 1213 3783 simplices
1238 3699 1281 3763 de
1307 3699 1361 3763 his
1385 3720 1475 3783 quae
1500 3699 1579 3765 fidei
1613 3711 1703 3778 sunt,
1740 3699 1841 3763 aliam
1878 3699 2034 3764 instructi
2070 3699 2104 3762 in
2130 3698 2317 3786 theologia,
2342 3710 2376 3765 et
2411 3698 2512 3764 aliam

1037 3812 1139 3876 beati.
1173 3811 1286 3876 Prima
1310 3813 1405 3876 nullo
1430 3813 1536 3877 modo
1571 3813 1696 3878 (licitur
1720 3812 1887 3890 scientia3
1922 3812 2079 3877 secunda
2111 3812 2235 3877 dicitur
2262 3812 2407 3877 scientia
2431 3812 2513 3878 fidei

1037 3925 1111 3990 sive
1135 3925 1239 3990 fidem
1264 3947 1336 3990 non
1361 3946 1538 3992 evacuans
1563 3939 1596 3991 et
1620 3926 1700 3992 ideo
1724 3926 1949 4011 imperfecta;
1986 3925 2085 3991 tertia
2121 3925 2246 3990 dicitur
2279 3925 2367 3990 visio
2403 3937 2436 3991 et
2461 3938 2514 3992 est

1037 4038 1183 4104 scientia
1207 4039 1351 4104 omnino
1388 4041 1543 4126 perfecta
1579 4040 1681 4105 tidem
1722 4040 1866 4105 omnino
1902 4061 2081 4104 evacuans
2121 4051 2154 4104 et
2193 4051 2319 4104 cetera.
2355 4039 2409 4106 De
2445 4041 2514 4106 hoc

1037 4150 1257 4237 Augustinus
1271 4156 1328 4235 (2),
1364 4154 1501 4219 decimo
1537 4166 1659 4237 quarto
1696 4156 1739 4220 de
1765 4153 1953 4218 Trinitate:
1991 4156 2057 4218 hac
2092 4153 2237 4218 scientia
2273 4174 2344 4218 non
2380 4152 2514 4239 pollent

1037 4266 1222 4349 [inlfideles
1246 4266 1381 4352 plurimi
1407 4268 1564 4351 quamvis
1589 4269 1742 4352 polleant
1766 4267 1842 4352 ipsa
1866 4268 1954 4345 fide3
1987 4266 2079 4331 aliud
2112 4267 2203 4331 enim
2235 4278 2288 4331 est
2316 4265 2404 4332 scire
2429 4265 2512 4351 quid

1036 4381 1142 4444 homo
1166 4381 1309 4446 credere
1334 4381 1461 4445 debeat
1495 4395 1636 4466 propter
1670 4381 1934 4466 adipiscendam
1968 4380 2070 4444 vitam
2106 4381 2255 4456 beatam,
2292 4380 2384 4445 aliud
2423 4380 2513 4446 scire

1036 4494 1329 4578 quemadmodum
1355 4497 1423 4560 hoc
1449 4494 1561 4580 ipsum
1587 4507 1620 4560 et
1646 4495 1711 4580 piis
1735 4495 1922 4579 opituletur
1947 4506 1979 4559 et
2004 4504 2126 4559 contra
2151 4493 2276 4580 impius
2294 4494 2511 4559 defendatur.

1579 4780 1873 4862 potissim
1921 4780 1971 4845 m

1683 4936 1867 5005 (ponuat

1202 5121 1345 5196 Ulr‘um
1376 5119 1478 5195 illud
1505 5121 1610 5222 quod
1633 5127 1710 5218 per
1736 5145 1778 5194 se
1806 5125 1863 5194 est
1892 5118 2044 5194 arulum
2068 5120 2198 5218 possit
2225 5118 2360 5222 aliquo

1558 5253 1674 5325 modo
1691 5251 1794 5353 fieri
1821 5252 1979 5325 honum.
2415 5242 2417 5245 ⁵

1123 5514 1207 5578 Post
1241 5514 1311 5577 hoc
1346 5535 1427 5578 vero
1464 5514 1696 5597 ‹praerehatur
1731 5513 1824 5578 aliud
1860 5513 2037 5598 pertinens
2066 5514 2109 5578 ad
2142 5511 2382 5598 operationem
2414 5513 2510 5591 boni,

1033 5625 1164 5692 scilicet
1185 5637 1297 5691 utrum
1322 5626 1405 5692 illud
1430 5628 1525 5712 (prod
1551 5650 1673 5712 perse
1700 5628 1752 5691 vel
1779 5628 1974 5693 secundum
2000 5649 2038 5691 se
2063 5637 2115 5691 est
2141 5626 2268 5692 malum
2293 5637 2326 5692 et
2355 5625 2509 5691 illicitum

1122 5915 1161 5978 tlt
1183 5912 1399 5965 Aristotelis
1420 5913 1464 5964 Ile
1484 5912 1625 5983 partibus
1646 5913 1828 5965 nrrimnlium
1852 5912 1905 5975 ll,
1929 5915 1984 5964 ch
2006 5922 2045 5982 (p.
2068 5915 2151 5969 lltlt:
2215 5919 2273 5968 Τῶν
2292 5915 2408 5986 μὲνγὰρ
2426 5913 2511 5968 εἶκαὶ

1033 5998 1100 6051 κατὰ
1119 5997 1213 6068 μικρὸν
1231 5995 1412 6070 ἐφαπτόμεθα,
1435 5997 1509 6063 ὅμως
1528 5998 1570 6050 διὰ
1591 5998 1637 6063 τὴν
1658 5996 1799 6063 nutritura
1819 6002 1866 6050 τοῦ
1887 5996 2021 6068 γνωρίζειν
2042 5998 2115 6061 ἥδιον
2136 5995 2151 6062 ἢ
2173 5998 2206 6049 τὰ
2226 5993 2288 6067 παρ’
2311 5998 2374 6063 ἡμῖν
2395 5996 2508 6056 ἅπαντα.

1032 6114 1066 6124 -
1087 6086 1126 6149 (2)
1146 6081 1344 6164 Augustini
1363 6082 1408 6139 De
1432 6082 1580 6143 Trint'tnte
1599 6082 1616 6138 l.
1637 6083 1714 6151 XlV,
1733 6100 1758 6136 c.
1779 6086 1792 6136 l
1814 6083 1856 6149 (P.
1878 6082 1917 6148 L,
1937 6082 1994 6138 vol.
2014 6085 2057 6150 4⁴2,
2077 6081 2132 6136 col.
2154 6084 2243 6149 1037).
