<?xml version="1.0" encoding="UTF-8"?>
<!DOCTYPE html PUBLIC "-//W3C//DTD XHTML 1.0 Transitional//EN"
    "http://www.w3.org/TR/xhtml1/DTD/xhtml1-transitional.dtd">
<html xmlns="http://www.w3.org/1999/xhtml" xml:lang="en" lang="en">
 <head>
  <title>
</title>
<meta http-equiv="Content-Type" content="text/html;charset=utf-8" />
  <meta name='ocr-system' content='tesseract 3.04.00' />
  <meta name='ocr-capabilities' content='ocr_page ocr_carea ocr_par ocr_line ocrx_word'/>
</head>
<body>
  <div class='ocr_page' id='page_1' title='image "./lesquatrepremie00wulfgoog_0094.png"; bbox 0 0 6700 7992; ppageno 0'>
   <div class='ocr_carea' id='block_1_1' title="bbox 1039 1441 2152 1504">
    <p class='ocr_par' dir='ltr' id='par_1_1' title="bbox 1039 1441 2152 1504">
     <span class='ocr_line' id='line_1_1' title="bbox 1039 1441 2152 1504; baseline -0.001 -1"><span class='ocrx_word' id='word_1_1' title='bbox 1039 1452 1073 1503; x_wconf 85' lang='lat'>70</span> <span class='ocrx_word' id='word_1_2' title='bbox 1405 1441 1595 1503; x_wconf 73' lang='lat' dir='ltr'>llauls&#39;rul</span> <span class='ocrx_word' id='word_1_3' title='bbox 1625 1449 1844 1504; x_wconf 83' lang='lat' dir='ltr'>GODEFRlDl</span> <span class='ocrx_word' id='word_1_4' title='bbox 1875 1449 1925 1503; x_wconf 83' lang='lat' dir='ltr'>DE</span> <span class='ocrx_word' id='word_1_5' title='bbox 1955 1449 2152 1504; x_wconf 70' lang='lat' dir='ltr'>Fox&#39;slssus</span> 
     </span>
    </p>
   </div>
   <div class='ocr_carea' id='block_1_2' title="bbox 1038 1628 2595 2176">
    <p class='ocr_par' dir='ltr' id='par_1_2' title="bbox 1038 1628 2595 2176">
     <span class='ocr_line' id='line_1_2' title="bbox 1039 1628 2516 1714; baseline 0.001 -21"><span class='ocrx_word' id='word_1_6' title='bbox 1039 1632 1133 1714; x_wconf 92' lang='lat' dir='ltr'>quod</span> <span class='ocrx_word' id='word_1_7' title='bbox 1159 1640 1308 1714; x_wconf 89' lang='lat' dir='ltr'>ponatur</span> <span class='ocrx_word' id='word_1_8' title='bbox 1325 1630 1438 1694; x_wconf 91' lang='lat' dir='ltr'>Deum</span> <span class='ocrx_word' id='word_1_9' title='bbox 1457 1628 1638 1693; x_wconf 85' lang='lat' dir='ltr'>duratione</span> <span class='ocrx_word' id='word_1_10' title='bbox 1663 1641 1896 1694; x_wconf 81' lang='lat' dir='ltr'>creaturarum</span> <span class='ocrx_word' id='word_1_11' title='bbox 1916 1630 1923 1663; x_wconf 88' lang='lat'>¹</span> <span class='ocrx_word' id='word_1_12' title='bbox 1945 1629 2145 1693; x_wconf 68' lang='lat' dir='ltr'>existentias</span> <span class='ocrx_word' id='word_1_13' title='bbox 2164 1628 2408 1712; x_wconf 71' lang='lat' dir='ltr'>praecessisse,</span> <span class='ocrx_word' id='word_1_14' title='bbox 2423 1629 2516 1714; x_wconf 90' lang='lat' dir='ltr'>quod</span> 
     </span>
     <span class='ocr_line' id='line_1_3' title="bbox 1039 1744 2516 1829; baseline 0 -20"><span class='ocrx_word' id='word_1_15' title='bbox 1039 1746 1082 1809; x_wconf 90' lang='lat' dir='ltr'>sit</span> <span class='ocrx_word' id='word_1_16' title='bbox 1106 1745 1299 1810; x_wconf 85' lang='lat' dir='ltr'>differentia</span> <span class='ocrx_word' id='word_1_17' title='bbox 1324 1745 1424 1808; x_wconf 88' lang='lat' dir='ltr'>realis</span> <span class='ocrx_word' id='word_1_18' title='bbox 1450 1745 1538 1809; x_wconf 89' lang='lat' dir='ltr'>inter</span> <span class='ocrx_word' id='word_1_19' title='bbox 1565 1745 1753 1809; x_wconf 84' lang='lat' dir='ltr'>essentiam</span> <span class='ocrx_word' id='word_1_20' title='bbox 1778 1758 1811 1808; x_wconf 81' lang='lat' dir='ltr'>et</span> <span class='ocrx_word' id='word_1_21' title='bbox 1836 1744 2051 1808; x_wconf 81' lang='lat' dir='ltr'>existentiam</span> <span class='ocrx_word' id='word_1_22' title='bbox 2083 1756 2326 1819; x_wconf 80' lang='lat' dir='ltr'>ereaturarum,</span> <span class='ocrx_word' id='word_1_23' title='bbox 2353 1745 2397 1808; x_wconf 89' lang='lat' dir='ltr'>ita</span> <span class='ocrx_word' id='word_1_24' title='bbox 2422 1746 2516 1829; x_wconf 92' lang='lat' dir='ltr'>quod</span> 
     </span>
     <span class='ocr_line' id='line_1_4' title="bbox 1039 1860 2517 1926; baseline -0.001 -1"><span class='ocrx_word' id='word_1_25' title='bbox 1039 1863 1082 1925; x_wconf 89' lang='lat' dir='ltr'>ab</span> <span class='ocrx_word' id='word_1_26' title='bbox 1107 1872 1249 1926; x_wconf 84' lang='lat' dir='ltr'>aeterno</span> <span class='ocrx_word' id='word_1_27' title='bbox 1275 1874 1453 1925; x_wconf 75' lang='lat' dir='ltr'>creaturae</span> <span class='ocrx_word' id='word_1_28' title='bbox 1478 1860 1579 1925; x_wconf 89' lang='lat' dir='ltr'>etiam</span> <span class='ocrx_word' id='word_1_29' title='bbox 1605 1862 1649 1924; x_wconf 89' lang='lat' dir='ltr'>de</span> <span class='ocrx_word' id='word_1_30' title='bbox 1675 1861 1885 1925; x_wconf 85' lang='lat' dir='ltr'>necessitate.</span> <span class='ocrx_word' id='word_1_31' title='bbox 1908 1862 2105 1924; x_wconf 83' lang='lat' dir='ltr'>habuerunt</span> <span class='ocrx_word' id='word_1_32' title='bbox 2130 1882 2208 1925; x_wconf 84' lang='lat' dir='ltr'>esse</span> <span class='ocrx_word' id='word_1_33' title='bbox 2226 1860 2423 1925; x_wconf 73' lang='lat' dir='ltr'>essentiae²</span> <span class='ocrx_word' id='word_1_34' title='bbox 2440 1860 2517 1924; x_wconf 90' lang='lat' dir='ltr'>sim·</span> 
     </span>
     <span class='ocr_line' id='line_1_5' title="bbox 1038 1976 2595 2062; baseline 0 -22"><span class='ocrx_word' id='word_1_35' title='bbox 1038 1976 1172 2062; x_wconf 87' lang='lat' dir='ltr'>pliciter</span> <span class='ocrx_word' id='word_1_36' title='bbox 1203 1980 1250 2059; x_wconf 84' lang='lat' dir='ltr'>(et</span> <span class='ocrx_word' id='word_1_37' title='bbox 1283 1977 1333 2041; x_wconf 86' lang='lat' dir='ltr'>sie</span> <span class='ocrx_word' id='word_1_38' title='bbox 1367 1978 1464 2041; x_wconf 86' lang='lat' dir='ltr'>Deus</span> <span class='ocrx_word' id='word_1_39' title='bbox 1495 1977 1607 2041; x_wconf 89' lang='lat' dir='ltr'>solum</span> <span class='ocrx_word' id='word_1_40' title='bbox 1640 1989 1772 2055; x_wconf 87' lang='lat' dir='ltr'>natura,</span> <span class='ocrx_word' id='word_1_41' title='bbox 1805 1999 1875 2040; x_wconf 91' lang='lat' dir='ltr'>non</span> <span class='ocrx_word' id='word_1_42' title='bbox 1908 1976 2089 2040; x_wconf 88' lang='lat' dir='ltr'>duratione</span> <span class='ocrx_word' id='word_1_43' title='bbox 2126 1976 2315 2061; x_wconf 74' lang='lat' dir='ltr'>praecessit</span> <span class='ocrx_word' id='word_1_44' title='bbox 2346 1976 2517 2042; x_wconf 75' lang='lat' dir='ltr'>essentias</span> <span class='ocrx_word' id='word_1_45' title='bbox 2592 1991 2595 1999; x_wconf 86' lang='lat'>&#39;</span> 
     </span>
     <span class='ocr_line' id='line_1_6' title="bbox 1039 2091 2516 2176; baseline 0 -19"><span class='ocrx_word' id='word_1_46' title='bbox 1039 2102 1297 2173; x_wconf 74' lang='lat' dir='ltr'>creaturarum),</span> <span class='ocrx_word' id='word_1_47' title='bbox 1323 2093 1385 2157; x_wconf 89' lang='lat' dir='ltr'>sed</span> <span class='ocrx_word' id='word_1_48' title='bbox 1411 2094 1454 2156; x_wconf 90' lang='lat' dir='ltr'>de</span> <span class='ocrx_word' id='word_1_49' title='bbox 1479 2113 1572 2157; x_wconf 87' lang='lat' dir='ltr'>novo</span> <span class='ocrx_word' id='word_1_50' title='bbox 1597 2094 1794 2157; x_wconf 90' lang='lat' dir='ltr'>habuerunt</span> <span class='ocrx_word' id='word_1_51' title='bbox 1819 2091 1922 2157; x_wconf 78' lang='lat' dir='ltr'>esse²</span> <span class='ocrx_word' id='word_1_52' title='bbox 1947 2091 2149 2156; x_wconf 83' lang='lat' dir='ltr'>existentiae</span> <span class='ocrx_word' id='word_1_53' title='bbox 2174 2104 2208 2156; x_wconf 91' lang='lat' dir='ltr'>et</span> <span class='ocrx_word' id='word_1_54' title='bbox 2232 2093 2326 2176; x_wconf 87' lang='lat' dir='ltr'>quod</span> <span class='ocrx_word' id='word_1_55' title='bbox 2351 2103 2516 2176; x_wconf 91' lang='lat' dir='ltr'>quantum</span> 
     </span>
    </p>
   </div>
   <div class='ocr_carea' id='block_1_3' title="bbox 1039 2191 2427 2292">
    <p class='ocr_par' dir='ltr' id='par_1_3' title="bbox 1039 2191 2427 2292">
     <span class='ocr_line' id='line_1_7' title="bbox 1039 2191 2427 2292; baseline -0.001 -20"><span class='ocrx_word' id='word_1_56' title='bbox 1039 2209 1082 2272; x_wconf 89' lang='lat' dir='ltr'>ad</span> <span class='ocrx_word' id='word_1_57' title='bbox 1108 2206 1216 2272; x_wconf 79' lang='lat' dir='ltr'>illud³</span> <span class='ocrx_word' id='word_1_58' title='bbox 1240 2207 1430 2292; x_wconf 85' lang='lat' dir='ltr'>praecessit</span> <span class='ocrx_word' id='word_1_59' title='bbox 1456 2208 1552 2272; x_wconf 88' lang='lat' dir='ltr'>Deus</span> <span class='ocrx_word' id='word_1_60' title='bbox 1578 2191 1760 2271; x_wconf 86' lang='lat' dir='ltr'>duratione</span> <span class='ocrx_word' id='word_1_61' title='bbox 1785 2219 1972 2285; x_wconf 86' lang='lat' dir='ltr'>creaturas,</span> <span class='ocrx_word' id='word_1_62' title='bbox 1998 2217 2034 2271; x_wconf 93' lang='lat' dir='ltr'>ut</span> <span class='ocrx_word' id='word_1_63' title='bbox 2059 2218 2153 2291; x_wconf 90' lang='lat' dir='ltr'>patet</span> <span class='ocrx_word' id='word_1_64' title='bbox 2171 2228 2211 2272; x_wconf 87' lang='lat' dir='ltr'>ex</span> <span class='ocrx_word' id='word_1_65' title='bbox 2230 2206 2427 2292; x_wconf 86' lang='lat' dir='ltr'>praedictis.</span> 
     </span>
    </p>
   </div>
   <div class='ocr_carea' id='block_1_4' title="bbox 1035 2322 2517 5414">
    <p class='ocr_par' dir='ltr' id='par_1_4' title="bbox 1035 2322 2517 4951">
     <span class='ocr_line' id='line_1_8' title="bbox 1128 2322 2516 2407; baseline 0 -20"><span class='ocrx_word' id='word_1_66' title='bbox 1128 2324 1235 2387; x_wconf 89' lang='lat' dir='ltr'>lmmo</span> <span class='ocrx_word' id='word_1_67' title='bbox 1260 2324 1361 2388; x_wconf 88' lang='lat' dir='ltr'>etiam</span> <span class='ocrx_word' id='word_1_68' title='bbox 1392 2335 1467 2388; x_wconf 91' lang='lat' dir='ltr'>esto</span> <span class='ocrx_word' id='word_1_69' title='bbox 1492 2325 1586 2407; x_wconf 90' lang='lat' dir='ltr'>quod</span> <span class='ocrx_word' id='word_1_70' title='bbox 1615 2323 1717 2387; x_wconf 89' lang='lat' dir='ltr'>realis</span> <span class='ocrx_word' id='word_1_71' title='bbox 1746 2323 1868 2387; x_wconf 85' lang='lat' dir='ltr'>esset⁴</span> <span class='ocrx_word' id='word_1_72' title='bbox 1899 2323 2094 2387; x_wconf 82' lang='lat' dir='ltr'>differentia</span> <span class='ocrx_word' id='word_1_73' title='bbox 2122 2323 2210 2387; x_wconf 89' lang='lat' dir='ltr'>inter</span> <span class='ocrx_word' id='word_1_74' title='bbox 2238 2346 2317 2388; x_wconf 88' lang='lat' dir='ltr'>esse</span> <span class='ocrx_word' id='word_1_75' title='bbox 2342 2322 2516 2389; x_wconf 85' lang='lat' dir='ltr'>essentiae</span> 
     </span>
     <span class='ocr_line' id='line_1_9' title="bbox 1039 2438 2517 2523; baseline -0.001 -20"><span class='ocrx_word' id='word_1_76' title='bbox 1039 2452 1072 2504; x_wconf 91' lang='lat' dir='ltr'>et</span> <span class='ocrx_word' id='word_1_77' title='bbox 1101 2438 1304 2504; x_wconf 86' lang='lat' dir='ltr'>existentiae</span> <span class='ocrx_word' id='word_1_78' title='bbox 1333 2450 1522 2515; x_wconf 84' lang='lat' dir='ltr'>creaturae,</span> <span class='ocrx_word' id='word_1_79' title='bbox 1540 2439 1630 2503; x_wconf 89' lang='lat' dir='ltr'>sicut</span> <span class='ocrx_word' id='word_1_80' title='bbox 1658 2439 1747 2503; x_wconf 90' lang='lat' dir='ltr'>inter</span> <span class='ocrx_word' id='word_1_81' title='bbox 1774 2439 1919 2503; x_wconf 83' lang='lat' dir='ltr'>formale</span> <span class='ocrx_word' id='word_1_82' title='bbox 1947 2440 2091 2516; x_wconf 84' lang='lat' dir='ltr'>actuale,</span> <span class='ocrx_word' id='word_1_83' title='bbox 2121 2439 2297 2503; x_wconf 89' lang='lat' dir='ltr'>materiale</span> <span class='ocrx_word' id='word_1_84' title='bbox 2329 2452 2363 2503; x_wconf 87' lang='lat' dir='ltr'>et</span> <span class='ocrx_word' id='word_1_85' title='bbox 2395 2450 2517 2523; x_wconf 92' lang='lat' dir='ltr'>poten·</span> 
     </span>
     <span class='ocr_line' id='line_1_10' title="bbox 1038 2553 2516 2639; baseline 0 -20"><span class='ocrx_word' id='word_1_86' title='bbox 1038 2555 1128 2633; x_wconf 89' lang='lat' dir='ltr'>tiale,</span> <span class='ocrx_word' id='word_1_87' title='bbox 1147 2567 1261 2619; x_wconf 91' lang='lat' dir='ltr'>tamen</span> <span class='ocrx_word' id='word_1_88' title='bbox 1281 2567 1383 2639; x_wconf 89' lang='lat' dir='ltr'>prout</span> <span class='ocrx_word' id='word_1_89' title='bbox 1399 2567 1556 2619; x_wconf 88' lang='lat' dir='ltr'>creatura</span> <span class='ocrx_word' id='word_1_90' title='bbox 1574 2554 1686 2638; x_wconf 90' lang='lat' dir='ltr'>potuit</span> <span class='ocrx_word' id='word_1_91' title='bbox 1703 2556 1746 2618; x_wconf 90' lang='lat' dir='ltr'>ab</span> <span class='ocrx_word' id='word_1_92' title='bbox 1764 2567 1906 2618; x_wconf 87' lang='lat' dir='ltr'>aeterno</span> <span class='ocrx_word' id='word_1_93' title='bbox 1925 2576 2002 2618; x_wconf 87' lang='lat' dir='ltr'>esse</span> <span class='ocrx_word' id='word_1_94' title='bbox 2020 2555 2214 2619; x_wconf 87' lang='lat' dir='ltr'>seeundum</span> <span class='ocrx_word' id='word_1_95' title='bbox 2237 2576 2314 2620; x_wconf 88' lang='lat' dir='ltr'>esse</span> <span class='ocrx_word' id='word_1_96' title='bbox 2332 2553 2516 2633; x_wconf 82' lang='lat' dir='ltr'>essentiae,</span> 
     </span>
     <span class='ocr_line' id='line_1_11' title="bbox 1038 2670 2516 2755; baseline -0.001 -20"><span class='ocrx_word' id='word_1_97' title='bbox 1038 2670 1151 2755; x_wconf 88' lang='lat' dir='ltr'>potuit</span> <span class='ocrx_word' id='word_1_98' title='bbox 1179 2671 1281 2735; x_wconf 89' lang='lat' dir='ltr'>etiam</span> <span class='ocrx_word' id='word_1_99' title='bbox 1311 2692 1388 2734; x_wconf 88' lang='lat' dir='ltr'>esse</span> <span class='ocrx_word' id='word_1_100' title='bbox 1425 2671 1618 2735; x_wconf 88' lang='lat' dir='ltr'>secundum</span> <span class='ocrx_word' id='word_1_101' title='bbox 1652 2691 1732 2735; x_wconf 88' lang='lat' dir='ltr'>esse</span> <span class='ocrx_word' id='word_1_102' title='bbox 1768 2670 1972 2735; x_wconf 84' lang='lat' dir='ltr'>existentiae</span> <span class='ocrx_word' id='word_1_103' title='bbox 2005 2682 2040 2734; x_wconf 92' lang='lat' dir='ltr'>ut</span> <span class='ocrx_word' id='word_1_104' title='bbox 2073 2671 2249 2754; x_wconf 87' lang='lat' dir='ltr'>quoddam</span> <span class='ocrx_word' id='word_1_105' title='bbox 2283 2670 2516 2755; x_wconf 89' lang='lat' dir='ltr'>compositum</span> 
     </span>
     <span class='ocr_line' id='line_1_12' title="bbox 1038 2785 2517 2870; baseline -0.001 -20"><span class='ocrx_word' id='word_1_106' title='bbox 1038 2786 1231 2870; x_wconf 85' lang='lat' dir='ltr'>perfectum</span> <span class='ocrx_word' id='word_1_107' title='bbox 1257 2786 1346 2850; x_wconf 88' lang='lat' dir='ltr'>sicut</span> <span class='ocrx_word' id='word_1_108' title='bbox 1371 2785 1473 2850; x_wconf 87' lang='lat' dir='ltr'>etiam</span> <span class='ocrx_word' id='word_1_109' title='bbox 1499 2786 1640 2851; x_wconf 89' lang='lat' dir='ltr'>materia</span> <span class='ocrx_word' id='word_1_110' title='bbox 1666 2798 1699 2850; x_wconf 88' lang='lat' dir='ltr'>et</span> <span class='ocrx_word' id='word_1_111' title='bbox 1725 2787 1835 2850; x_wconf 82' lang='lat' dir='ltr'>l&#39;orma</span> <span class='ocrx_word' id='word_1_112' title='bbox 1860 2785 2033 2850; x_wconf 75' lang='lat' dir='ltr'>‹litl&#39;erunt</span> <span class='ocrx_word' id='word_1_113' title='bbox 2052 2787 2094 2850; x_wconf 86' lang='lat' dir='ltr'>Et</span> <span class='ocrx_word' id='word_1_114' title='bbox 2119 2797 2222 2869; x_wconf 88' lang='lat' dir='ltr'>prout</span> <span class='ocrx_word' id='word_1_115' title='bbox 2246 2808 2300 2851; x_wconf 88' lang='lat' dir='ltr'>res</span> <span class='ocrx_word' id='word_1_116' title='bbox 2329 2785 2517 2851; x_wconf 88' lang='lat' dir='ltr'>materialis</span> 
     </span>
     <span class='ocr_line' id='line_1_13' title="bbox 1038 2901 2517 2986; baseline 0 -20"><span class='ocrx_word' id='word_1_117' title='bbox 1038 2901 1150 2986; x_wconf 88' lang='lat' dir='ltr'>potuit</span> <span class='ocrx_word' id='word_1_118' title='bbox 1177 2924 1255 2966; x_wconf 89' lang='lat' dir='ltr'>esse</span> <span class='ocrx_word' id='word_1_119' title='bbox 1284 2924 1304 2965; x_wconf 90' lang='lat' dir='ltr'>a</span> <span class='ocrx_word' id='word_1_120' title='bbox 1332 2902 1409 2966; x_wconf 91' lang='lat' dir='ltr'>Deo</span> <span class='ocrx_word' id='word_1_121' title='bbox 1437 2914 1604 2985; x_wconf 84' lang='lat' dir='ltr'>(prantmu</span> <span class='ocrx_word' id='word_1_122' title='bbox 1633 2902 1678 2965; x_wconf 89' lang='lat' dir='ltr'>ad</span> <span class='ocrx_word' id='word_1_123' title='bbox 1707 2901 1914 2986; x_wconf 91' lang='lat' dir='ltr'>principium</span> <span class='ocrx_word' id='word_1_124' title='bbox 1944 2902 2129 2980; x_wconf 86' lang='lat' dir='ltr'>materiale,</span> <span class='ocrx_word' id='word_1_125' title='bbox 2160 2901 2269 2986; x_wconf 86' lang='lat' dir='ltr'>potuit</span> <span class='ocrx_word' id='word_1_126' title='bbox 2302 2902 2403 2966; x_wconf 89' lang='lat' dir='ltr'>etiam</span> <span class='ocrx_word' id='word_1_127' title='bbox 2437 2922 2517 2966; x_wconf 88' lang='lat' dir='ltr'>esse</span> 
     </span>
     <span class='ocr_line' id='line_1_14' title="bbox 1039 3017 2516 3102; baseline 0.001 -22"><span class='ocrx_word' id='word_1_128' title='bbox 1039 3018 1082 3080; x_wconf 91' lang='lat' dir='ltr'>ab</span> <span class='ocrx_word' id='word_1_129' title='bbox 1111 3017 1188 3102; x_wconf 87' lang='lat' dir='ltr'>ipso</span> <span class='ocrx_word' id='word_1_130' title='bbox 1216 3029 1383 3101; x_wconf 90' lang='lat' dir='ltr'>quantum</span> <span class='ocrx_word' id='word_1_131' title='bbox 1413 3018 1456 3081; x_wconf 89' lang='lat' dir='ltr'>ad</span> <span class='ocrx_word' id='word_1_132' title='bbox 1486 3017 1692 3101; x_wconf 90' lang='lat' dir='ltr'>principium</span> <span class='ocrx_word' id='word_1_133' title='bbox 1720 3017 1864 3081; x_wconf 81' lang='lat' dir='ltr'>formale</span> <span class='ocrx_word' id='word_1_134' title='bbox 1893 3028 1930 3080; x_wconf 90' lang='lat' dir='ltr'>ut</span> <span class='ocrx_word' id='word_1_135' title='bbox 1958 3018 2135 3100; x_wconf 79' lang='lat' dir='ltr'>quoddam</span> <span class='ocrx_word' id='word_1_136' title='bbox 2164 3017 2397 3101; x_wconf 73' lang='lat' dir='ltr'>eouqtositum</span> <span class='ocrx_word' id='word_1_137' title='bbox 2423 3038 2516 3082; x_wconf 92' lang='lat' dir='ltr'>com·</span> 
     </span>
     <span class='ocr_line' id='line_1_15' title="bbox 1038 3132 2516 3217; baseline 0.001 -22"><span class='ocrx_word' id='word_1_138' title='bbox 1038 3133 1178 3216; x_wconf 91' lang='lat' dir='ltr'>pletum.</span> <span class='ocrx_word' id='word_1_139' title='bbox 1212 3132 1254 3197; x_wconf 84' lang='lat' dir='ltr'>Et</span> <span class='ocrx_word' id='word_1_140' title='bbox 1280 3133 1337 3215; x_wconf 93' lang='lat' dir='ltr'>qui</span> <span class='ocrx_word' id='word_1_141' title='bbox 1367 3132 1465 3217; x_wconf 91' lang='lat' dir='ltr'>ponit</span> <span class='ocrx_word' id='word_1_142' title='bbox 1493 3133 1664 3198; x_wconf 85' lang='lat' dir='ltr'>essentias</span> <span class='ocrx_word' id='word_1_143' title='bbox 1694 3145 1926 3197; x_wconf 88' lang='lat' dir='ltr'>creaturarum</span> <span class='ocrx_word' id='word_1_144' title='bbox 1959 3133 2069 3198; x_wconf 76' lang='lat' dir='ltr'>fuisse</span> <span class='ocrx_word' id='word_1_145' title='bbox 2101 3134 2154 3197; x_wconf 85' lang='lat' dir='ltr'>vel</span> <span class='ocrx_word' id='word_1_146' title='bbox 2190 3154 2297 3217; x_wconf 88' lang='lat' dir='ltr'>posse</span> <span class='ocrx_word' id='word_1_147' title='bbox 2330 3132 2439 3198; x_wconf 88' lang='lat' dir='ltr'>fuisse</span> <span class='ocrx_word' id='word_1_148' title='bbox 2472 3133 2516 3197; x_wconf 89' lang='lat' dir='ltr'>ab</span> 
     </span>
     <span class='ocr_line' id='line_1_16' title="bbox 1039 3247 2515 3332; baseline 0 -20"><span class='ocrx_word' id='word_1_149' title='bbox 1039 3261 1181 3313; x_wconf 88' lang='lat' dir='ltr'>aeterno</span> <span class='ocrx_word' id='word_1_150' title='bbox 1210 3250 1402 3312; x_wconf 86' lang='lat' dir='ltr'>secundum</span> <span class='ocrx_word' id='word_1_151' title='bbox 1438 3247 1471 3312; x_wconf 89' lang='lat' dir='ltr'>id</span> <span class='ocrx_word' id='word_1_152' title='bbox 1505 3249 1598 3332; x_wconf 89' lang='lat' dir='ltr'>quod</span> <span class='ocrx_word' id='word_1_153' title='bbox 1634 3261 1715 3312; x_wconf 89' lang='lat' dir='ltr'>sunt</span> <span class='ocrx_word' id='word_1_154' title='bbox 1748 3249 1978 3314; x_wconf 84' lang='lat' dir='ltr'>essentialiter</span> <span class='ocrx_word' id='word_1_155' title='bbox 2009 3248 2081 3313; x_wconf 83' lang='lat' dir='ltr'>sive</span> <span class='ocrx_word' id='word_1_156' title='bbox 2114 3261 2289 3313; x_wconf 87' lang='lat' dir='ltr'>creaturas</span> <span class='ocrx_word' id='word_1_157' title='bbox 2322 3248 2515 3313; x_wconf 87' lang='lat' dir='ltr'>secundum</span> 
     </span>
     <span class='ocr_line' id='line_1_17' title="bbox 1039 3364 2516 3450; baseline 0 -22"><span class='ocrx_word' id='word_1_158' title='bbox 1039 3385 1119 3428; x_wconf 89' lang='lat' dir='ltr'>esse</span> <span class='ocrx_word' id='word_1_159' title='bbox 1148 3364 1320 3429; x_wconf 88' lang='lat' dir='ltr'>essentiae</span> <span class='ocrx_word' id='word_1_160' title='bbox 1350 3364 1513 3448; x_wconf 89' lang='lat' dir='ltr'>ipsarum,</span> <span class='ocrx_word' id='word_1_161' title='bbox 1543 3386 1613 3427; x_wconf 89' lang='lat' dir='ltr'>non</span> <span class='ocrx_word' id='word_1_162' title='bbox 1640 3364 1742 3428; x_wconf 86' lang='lat' dir='ltr'>debet</span> <span class='ocrx_word' id='word_1_163' title='bbox 1773 3385 1903 3450; x_wconf 77' lang='lat' dir='ltr'>negare</span> <span class='ocrx_word' id='word_1_164' title='bbox 1932 3365 2039 3428; x_wconf 84' lang='lat' dir='ltr'>luisse</span> <span class='ocrx_word' id='word_1_165' title='bbox 2069 3366 2121 3429; x_wconf 86' lang='lat' dir='ltr'>vel</span> <span class='ocrx_word' id='word_1_166' title='bbox 2151 3386 2257 3448; x_wconf 88' lang='lat' dir='ltr'>posse</span> <span class='ocrx_word' id='word_1_167' title='bbox 2286 3364 2393 3429; x_wconf 82' lang='lat' dir='ltr'>fuisse</span> <span class='ocrx_word' id='word_1_168' title='bbox 2422 3384 2516 3429; x_wconf 91' lang='lat' dir='ltr'>crea·</span> 
     </span>
     <span class='ocr_line' id='line_1_18' title="bbox 1039 3479 2515 3565; baseline 0.001 -22"><span class='ocrx_word' id='word_1_169' title='bbox 1039 3490 1132 3544; x_wconf 90' lang='lat' dir='ltr'>turas</span> <span class='ocrx_word' id='word_1_170' title='bbox 1169 3479 1370 3565; x_wconf 88' lang='lat' dir='ltr'>simpliciter</span> <span class='ocrx_word' id='word_1_171' title='bbox 1410 3481 1453 3543; x_wconf 78' lang='lat' dir='ltr'>alr</span> <span class='ocrx_word' id='word_1_172' title='bbox 1493 3490 1644 3544; x_wconf 87' lang='lat' dir='ltr'>aeterno.</span> <span class='ocrx_word' id='word_1_173' title='bbox 1684 3480 1726 3543; x_wconf 71' lang='lat' dir='ltr'>lit</span> <span class='ocrx_word' id='word_1_174' title='bbox 1765 3479 1845 3544; x_wconf 87' lang='lat' dir='ltr'>ideo</span> <span class='ocrx_word' id='word_1_175' title='bbox 1878 3480 1957 3564; x_wconf 91' lang='lat' dir='ltr'>quia</span> <span class='ocrx_word' id='word_1_176' title='bbox 1997 3502 2120 3545; x_wconf 88' lang='lat' dir='ltr'>omnes</span> <span class='ocrx_word' id='word_1_177' title='bbox 2157 3492 2294 3565; x_wconf 90' lang='lat' dir='ltr'>ponunt</span> <span class='ocrx_word' id='word_1_178' title='bbox 2330 3490 2515 3560; x_wconf 81' lang='lat' dir='ltr'>creaturaS,</span> 
     </span>
     <span class='ocr_line' id='line_1_19' title="bbox 1039 3594 2516 3680; baseline 0.001 -22"><span class='ocrx_word' id='word_1_179' title='bbox 1039 3607 1205 3680; x_wconf 91' lang='lat' dir='ltr'>quantum</span> <span class='ocrx_word' id='word_1_180' title='bbox 1234 3596 1278 3659; x_wconf 90' lang='lat' dir='ltr'>ad</span> <span class='ocrx_word' id='word_1_181' title='bbox 1307 3617 1387 3659; x_wconf 88' lang='lat' dir='ltr'>esse</span> <span class='ocrx_word' id='word_1_182' title='bbox 1415 3594 1588 3660; x_wconf 87' lang='lat' dir='ltr'>essentiae</span> <span class='ocrx_word' id='word_1_183' title='bbox 1627 3594 1780 3679; x_wconf 89' lang='lat' dir='ltr'>ipsarum</span> <span class='ocrx_word' id='word_1_184' title='bbox 1817 3610 1850 3661; x_wconf 91' lang='lat' dir='ltr'>et</span> <span class='ocrx_word' id='word_1_185' title='bbox 1885 3596 2019 3661; x_wconf 79' lang='lat' dir='ltr'>etiam⁵</span> <span class='ocrx_word' id='word_1_186' title='bbox 2053 3609 2220 3680; x_wconf 86' lang='lat' dir='ltr'>quantum</span> <span class='ocrx_word' id='word_1_187' title='bbox 2249 3597 2293 3659; x_wconf 88' lang='lat' dir='ltr'>ad</span> <span class='ocrx_word' id='word_1_188' title='bbox 2322 3617 2401 3660; x_wconf 90' lang='lat' dir='ltr'>esse</span> <span class='ocrx_word' id='word_1_189' title='bbox 2431 3595 2516 3661; x_wconf 87' lang='lat' dir='ltr'>exis·</span> 
     </span>
     <span class='ocr_line' id='line_1_20' title="bbox 1037 3709 2516 3796; baseline 0 -22"><span class='ocrx_word' id='word_1_190' title='bbox 1037 3710 1165 3775; x_wconf 86' lang='lat' dir='ltr'>tentiae</span> <span class='ocrx_word' id='word_1_191' title='bbox 1194 3733 1311 3776; x_wconf 91' lang='lat' dir='ltr'>earum</span> <span class='ocrx_word' id='word_1_192' title='bbox 1342 3710 1449 3775; x_wconf 87' lang='lat' dir='ltr'>fuisse</span> <span class='ocrx_word' id='word_1_193' title='bbox 1477 3712 1520 3774; x_wconf 89' lang='lat' dir='ltr'>ab</span> <span class='ocrx_word' id='word_1_194' title='bbox 1550 3721 1704 3790; x_wconf 88' lang='lat' dir='ltr'>aeterno,</span> <span class='ocrx_word' id='word_1_195' title='bbox 1724 3713 1844 3777; x_wconf 86' lang='lat' dir='ltr'>saltem</span> <span class='ocrx_word' id='word_1_196' title='bbox 1871 3711 1904 3775; x_wconf 89' lang='lat' dir='ltr'>in</span> <span class='ocrx_word' id='word_1_197' title='bbox 1933 3712 2057 3776; x_wconf 88' lang='lat' dir='ltr'>virtute</span> <span class='ocrx_word' id='word_1_198' title='bbox 2078 3725 2111 3777; x_wconf 92' lang='lat' dir='ltr'>et</span> <span class='ocrx_word' id='word_1_199' title='bbox 2135 3710 2291 3796; x_wconf 88' lang='lat' dir='ltr'>potentia</span> <span class='ocrx_word' id='word_1_200' title='bbox 2309 3710 2373 3776; x_wconf 90' lang='lat' dir='ltr'>Dei</span> <span class='ocrx_word' id='word_1_201' title='bbox 2400 3709 2516 3794; x_wconf 90' lang='lat' dir='ltr'>—qui</span> 
     </span>
     <span class='ocr_line' id='line_1_21' title="bbox 1038 3825 2515 3910; baseline -0.001 -19"><span class='ocrx_word' id='word_1_202' title='bbox 1038 3838 1090 3891; x_wconf 89' lang='lat' dir='ltr'>est</span> <span class='ocrx_word' id='word_1_203' title='bbox 1118 3827 1378 3910; x_wconf 87' lang='lat' dir='ltr'>quodammodo</span> <span class='ocrx_word' id='word_1_204' title='bbox 1410 3825 1526 3890; x_wconf 87' lang='lat' dir='ltr'>onmia</span> <span class='ocrx_word' id='word_1_205' title='bbox 1555 3826 1742 3892; x_wconf 86' lang='lat' dir='ltr'>continens</span> <span class='ocrx_word' id='word_1_206' title='bbox 1779 3827 1810 3889; x_wconf 93' lang='lat' dir='ltr'>in</span> <span class='ocrx_word' id='word_1_207' title='bbox 1849 3825 1972 3891; x_wconf 87' lang='lat' dir='ltr'>virtute</span> <span class='ocrx_word' id='word_1_208' title='bbox 2001 3839 2038 3891; x_wconf 92' lang='lat' dir='ltr'>ut</span> <span class='ocrx_word' id='word_1_209' title='bbox 2066 3827 2196 3891; x_wconf 89' lang='lat' dir='ltr'>dictum</span> <span class='ocrx_word' id='word_1_210' title='bbox 2225 3839 2277 3892; x_wconf 90' lang='lat' dir='ltr'>est</span> <span class='ocrx_word' id='word_1_211' title='bbox 2310 3829 2356 3908; x_wconf 81' lang='lat' dir='ltr'>(l)</span> <span class='ocrx_word' id='word_1_212' title='bbox 2396 3838 2430 3890; x_wconf 91' lang='lat' dir='ltr'>et</span> <span class='ocrx_word' id='word_1_213' title='bbox 2458 3825 2515 3909; x_wconf 92' lang='lat' dir='ltr'>qui</span> 
     </span>
     <span class='ocr_line' id='line_1_22' title="bbox 1038 3941 2514 4026; baseline -0.001 -21"><span class='ocrx_word' id='word_1_214' title='bbox 1038 3942 1081 4005; x_wconf 91' lang='lat' dir='ltr'>ad</span> <span class='ocrx_word' id='word_1_215' title='bbox 1110 3943 1178 4005; x_wconf 88' lang='lat' dir='ltr'>hoc</span> <span class='ocrx_word' id='word_1_216' title='bbox 1202 3943 1297 4025; x_wconf 91' lang='lat' dir='ltr'>quod</span> <span class='ocrx_word' id='word_1_217' title='bbox 1322 3942 1405 4006; x_wconf 89' lang='lat' dir='ltr'>illud</span> <span class='ocrx_word' id='word_1_218' title='bbox 1430 3941 1524 4025; x_wconf 89' lang='lat' dir='ltr'>quod</span> <span class='ocrx_word' id='word_1_219' title='bbox 1549 3941 1582 4005; x_wconf 89' lang='lat' dir='ltr'>iu</span> <span class='ocrx_word' id='word_1_220' title='bbox 1613 3965 1656 4007; x_wconf 87' lang='lat' dir='ltr'>eo</span> <span class='ocrx_word' id='word_1_221' title='bbox 1683 3953 1734 4006; x_wconf 87' lang='lat' dir='ltr'>est</span> <span class='ocrx_word' id='word_1_222' title='bbox 1759 3941 1792 4005; x_wconf 89' lang='lat' dir='ltr'>in</span> <span class='ocrx_word' id='word_1_223' title='bbox 1823 3942 1979 4026; x_wconf 89' lang='lat' dir='ltr'>potentia</span> <span class='ocrx_word' id='word_1_224' title='bbox 2004 3944 2131 4005; x_wconf 83' lang='lat' dir='ltr'>lrabeat</span> <span class='ocrx_word' id='word_1_225' title='bbox 2160 3964 2237 4007; x_wconf 87' lang='lat' dir='ltr'>esse</span> <span class='ocrx_word' id='word_1_226' title='bbox 2262 3942 2296 4006; x_wconf 91' lang='lat' dir='ltr'>in</span> <span class='ocrx_word' id='word_1_227' title='bbox 2326 3953 2416 4021; x_wconf 85' lang='lat' dir='ltr'>actu,</span> <span class='ocrx_word' id='word_1_228' title='bbox 2442 3963 2514 4005; x_wconf 90' lang='lat' dir='ltr'>non</span> 
     </span>
     <span class='ocr_line' id='line_1_23' title="bbox 1037 4055 2514 4142; baseline 0 -22"><span class='ocrx_word' id='word_1_229' title='bbox 1037 4055 1171 4141; x_wconf 70' lang='lat' dir='ltr'>indiget</span> <span class='ocrx_word' id='word_1_230' title='bbox 1186 4056 1301 4141; x_wconf 90' lang='lat' dir='ltr'>aliquo</span> <span class='ocrx_word' id='word_1_231' title='bbox 1319 4057 1385 4121; x_wconf 87' lang='lat' dir='ltr'>alio</span> <span class='ocrx_word' id='word_1_232' title='bbox 1411 4056 1581 4142; x_wconf 86' lang='lat' dir='ltr'>principio</span> <span class='ocrx_word' id='word_1_233' title='bbox 1607 4057 1721 4122; x_wconf 90' lang='lat' dir='ltr'>activo</span> <span class='ocrx_word' id='word_1_234' title='bbox 1746 4058 1798 4121; x_wconf 90' lang='lat' dir='ltr'>vel</span> <span class='ocrx_word' id='word_1_235' title='bbox 1825 4057 1965 4141; x_wconf 88' lang='lat' dir='ltr'>passivo</span> <span class='ocrx_word' id='word_1_236' title='bbox 1991 4057 2258 4142; x_wconf 89' lang='lat' dir='ltr'>praesupposito</span> <span class='ocrx_word' id='word_1_237' title='bbox 2284 4078 2369 4122; x_wconf 91' lang='lat' dir='ltr'>suae</span> <span class='ocrx_word' id='word_1_238' title='bbox 2393 4078 2514 4122; x_wconf 88' lang='lat' dir='ltr'>causa·</span> 
     </span>
     <span class='ocr_line' id='line_1_24' title="bbox 1035 4171 2512 4256; baseline -0.001 -20"><span class='ocrx_word' id='word_1_239' title='bbox 1035 4171 1130 4251; x_wconf 88' lang='lat' dir='ltr'>litati,</span> <span class='ocrx_word' id='word_1_240' title='bbox 1149 4173 1211 4237; x_wconf 88' lang='lat' dir='ltr'>sed</span> <span class='ocrx_word' id='word_1_241' title='bbox 1240 4172 1315 4256; x_wconf 84' lang='lat' dir='ltr'>ipsa</span> <span class='ocrx_word' id='word_1_242' title='bbox 1344 4173 1504 4237; x_wconf 88' lang='lat' dir='ltr'>voluntas</span> <span class='ocrx_word' id='word_1_243' title='bbox 1534 4173 1599 4237; x_wconf 90' lang='lat' dir='ltr'>Dei</span> <span class='ocrx_word' id='word_1_244' title='bbox 1623 4185 1676 4238; x_wconf 89' lang='lat' dir='ltr'>est</span> <span class='ocrx_word' id='word_1_245' title='bbox 1703 4184 1825 4236; x_wconf 88' lang='lat' dir='ltr'>natura</span> <span class='ocrx_word' id='word_1_246' title='bbox 1850 4172 1898 4237; x_wconf 87' lang='lat' dir='ltr'>rei</span> <span class='ocrx_word' id='word_1_247' title='bbox 1915 4174 2110 4238; x_wconf 86' lang='lat' dir='ltr'>secundum</span> <span class='ocrx_word' id='word_1_248' title='bbox 2134 4172 2357 4237; x_wconf 75' lang='lat' dir='ltr'>Ambrosium</span> <span class='ocrx_word' id='word_1_249' title='bbox 2376 4175 2445 4255; x_wconf 82' lang='lat'><strong>(2);</strong></span> <span class='ocrx_word' id='word_1_250' title='bbox 2476 4212 2512 4218; x_wconf 99' lang='lat'><em>-</em></span> 
     </span>
     <span class='ocr_line' id='line_1_25' title="bbox 1036 4287 2513 4373; baseline 0 -22"><span class='ocrx_word' id='word_1_251' title='bbox 1036 4287 1117 4352; x_wconf 87' lang='lat' dir='ltr'>ideo</span> <span class='ocrx_word' id='word_1_252' title='bbox 1134 4287 1223 4353; x_wconf 89' lang='lat' dir='ltr'>sicut</span> <span class='ocrx_word' id='word_1_253' title='bbox 1251 4287 1285 4352; x_wconf 92' lang='lat' dir='ltr'>in</span> <span class='ocrx_word' id='word_1_254' title='bbox 1315 4288 1484 4353; x_wconf 75' lang='lat' dir='ltr'>Christo⁰</span> <span class='ocrx_word' id='word_1_255' title='bbox 1511 4299 1677 4371; x_wconf 89' lang='lat' dir='ltr'>quantum</span> <span class='ocrx_word' id='word_1_256' title='bbox 1706 4289 1750 4352; x_wconf 87' lang='lat' dir='ltr'>ad</span> <span class='ocrx_word' id='word_1_257' title='bbox 1779 4287 1854 4353; x_wconf 88' lang='lat' dir='ltr'>eius</span> <span class='ocrx_word' id='word_1_258' title='bbox 1883 4288 2070 4353; x_wconf 88' lang='lat' dir='ltr'>essentiam</span> <span class='ocrx_word' id='word_1_259' title='bbox 2099 4287 2253 4352; x_wconf 87' lang='lat' dir='ltr'>onmium</span> <span class='ocrx_word' id='word_1_260' title='bbox 2278 4287 2408 4352; x_wconf 90' lang='lat' dir='ltr'>entium</span> <span class='ocrx_word' id='word_1_261' title='bbox 2437 4309 2513 4373; x_wconf 90' lang='lat' dir='ltr'>per·</span> 
     </span>
     <span class='ocr_line' id='line_1_26' title="bbox 1036 4403 2514 4488; baseline -0.001 -20"><span class='ocrx_word' id='word_1_262' title='bbox 1036 4403 1208 4468; x_wconf 81' lang='lat' dir='ltr'>sectiones</span> <span class='ocrx_word' id='word_1_263' title='bbox 1244 4405 1611 4488; x_wconf 86' lang='lat' dir='ltr'>comprelremlentem,</span> <span class='ocrx_word' id='word_1_264' title='bbox 1649 4417 1682 4468; x_wconf 89' lang='lat' dir='ltr'>et</span> <span class='ocrx_word' id='word_1_265' title='bbox 1718 4417 1884 4487; x_wconf 74' lang='lat' dir='ltr'>(plantum</span> <span class='ocrx_word' id='word_1_266' title='bbox 1927 4405 1970 4468; x_wconf 86' lang='lat' dir='ltr'>ad</span> <span class='ocrx_word' id='word_1_267' title='bbox 2004 4404 2079 4468; x_wconf 90' lang='lat' dir='ltr'>eius</span> <span class='ocrx_word' id='word_1_268' title='bbox 2115 4403 2295 4468; x_wconf 87' lang='lat' dir='ltr'>scientiam</span> <span class='ocrx_word' id='word_1_269' title='bbox 2328 4403 2444 4468; x_wconf 90' lang='lat' dir='ltr'>omnia</span> <span class='ocrx_word' id='word_1_270' title='bbox 2480 4415 2514 4467; x_wconf 93' lang='lat' dir='ltr'>et</span> 
     </span>
     <span class='ocr_line' id='line_1_27' title="bbox 1037 4517 2514 4603; baseline -0.001 -20"><span class='ocrx_word' id='word_1_271' title='bbox 1037 4540 1159 4583; x_wconf 89' lang='lat' dir='ltr'>omnes</span> <span class='ocrx_word' id='word_1_272' title='bbox 1189 4520 1313 4583; x_wconf 89' lang='lat' dir='ltr'>modos</span> <span class='ocrx_word' id='word_1_273' title='bbox 1347 4518 1476 4583; x_wconf 90' lang='lat' dir='ltr'>entium</span> <span class='ocrx_word' id='word_1_274' title='bbox 1514 4519 1547 4582; x_wconf 92' lang='lat' dir='ltr'>in</span> <span class='ocrx_word' id='word_1_275' title='bbox 1584 4518 1659 4602; x_wconf 87' lang='lat' dir='ltr'>ipsa</span> <span class='ocrx_word' id='word_1_276' title='bbox 1695 4541 1758 4583; x_wconf 87' lang='lat' dir='ltr'>sua</span> <span class='ocrx_word' id='word_1_277' title='bbox 1782 4519 1935 4584; x_wconf 85' lang='lat' dir='ltr'>essentia</span> <span class='ocrx_word' id='word_1_278' title='bbox 1966 4519 2300 4603; x_wconf 86' lang='lat' dir='ltr'>apprehendentem,</span> <span class='ocrx_word' id='word_1_279' title='bbox 2326 4517 2514 4583; x_wconf 83' lang='lat' dir='ltr'>virtualiter</span> 
     </span>
     <span class='ocr_line' id='line_1_28' title="bbox 1036 4633 2513 4719; baseline -0.001 -19"><span class='ocrx_word' id='word_1_280' title='bbox 1036 4646 1069 4700; x_wconf 90' lang='lat' dir='ltr'>et</span> <span class='ocrx_word' id='word_1_281' title='bbox 1094 4634 1332 4719; x_wconf 85' lang='lat' dir='ltr'>exemplariter</span> <span class='ocrx_word' id='word_1_282' title='bbox 1356 4645 1534 4698; x_wconf 89' lang='lat' dir='ltr'>creaturae</span> <span class='ocrx_word' id='word_1_283' title='bbox 1560 4636 1756 4699; x_wconf 83' lang='lat' dir='ltr'>habuerunt</span> <span class='ocrx_word' id='word_1_284' title='bbox 1785 4656 1864 4699; x_wconf 87' lang='lat' dir='ltr'>esse</span> <span class='ocrx_word' id='word_1_285' title='bbox 1893 4637 1936 4699; x_wconf 79' lang='lat' dir='ltr'>alr</span> <span class='ocrx_word' id='word_1_286' title='bbox 1965 4645 2117 4713; x_wconf 89' lang='lat' dir='ltr'>aeterno,</span> <span class='ocrx_word' id='word_1_287' title='bbox 2150 4634 2200 4699; x_wconf 85' lang='lat' dir='ltr'>sie</span> <span class='ocrx_word' id='word_1_288' title='bbox 2229 4635 2272 4698; x_wconf 85' lang='lat' dir='ltr'>ab</span> <span class='ocrx_word' id='word_1_289' title='bbox 2301 4633 2378 4718; x_wconf 90' lang='lat' dir='ltr'>ipso</span> <span class='ocrx_word' id='word_1_290' title='bbox 2404 4655 2513 4717; x_wconf 90' lang='lat' dir='ltr'>quan·</span> 
     </span>
     <span class='ocr_line' id='line_1_29' title="bbox 1036 4750 2511 4834; baseline 0 -20"><span class='ocrx_word' id='word_1_291' title='bbox 1036 4761 1106 4814; x_wconf 93' lang='lat' dir='ltr'>tum</span> <span class='ocrx_word' id='word_1_292' title='bbox 1125 4750 1170 4814; x_wconf 88' lang='lat' dir='ltr'>ad</span> <span class='ocrx_word' id='word_1_293' title='bbox 1186 4750 1261 4814; x_wconf 89' lang='lat' dir='ltr'>eius</span> <span class='ocrx_word' id='word_1_294' title='bbox 1278 4750 1467 4834; x_wconf 87' lang='lat' dir='ltr'>potentiam</span> <span class='ocrx_word' id='word_1_295' title='bbox 1486 4762 1519 4815; x_wconf 91' lang='lat' dir='ltr'>et</span> <span class='ocrx_word' id='word_1_296' title='bbox 1543 4751 1755 4815; x_wconf 82' lang='lat' dir='ltr'>voluntatem</span> <span class='ocrx_word' id='word_1_297' title='bbox 1781 4750 2059 4816; x_wconf 79' lang='lat' dir='ltr'>efficacissimam</span> <span class='ocrx_word' id='word_1_298' title='bbox 2085 4772 2104 4813; x_wconf 89' lang='lat' dir='ltr'>a</span> <span class='ocrx_word' id='word_1_299' title='bbox 2130 4750 2224 4814; x_wconf 89' lang='lat' dir='ltr'>nullu</span> <span class='ocrx_word' id='word_1_300' title='bbox 2250 4750 2511 4834; x_wconf 85' lang='lat' dir='ltr'>dependentem</span> 
     </span>
     <span class='ocr_line' id='line_1_30' title="bbox 1037 4865 2060 4951; baseline -0.002 -20"><span class='ocrx_word' id='word_1_301' title='bbox 1037 4877 1132 4931; x_wconf 88' lang='lat' dir='ltr'>extra</span> <span class='ocrx_word' id='word_1_302' title='bbox 1156 4865 1191 4930; x_wconf 91' lang='lat' dir='ltr'>in</span> <span class='ocrx_word' id='word_1_303' title='bbox 1216 4888 1255 4931; x_wconf 87' lang='lat' dir='ltr'>se</span> <span class='ocrx_word' id='word_1_304' title='bbox 1279 4866 1363 4950; x_wconf 86' lang='lat' dir='ltr'>ipsis</span> <span class='ocrx_word' id='word_1_305' title='bbox 1389 4878 1577 4951; x_wconf 89' lang='lat' dir='ltr'>potuerunt</span> <span class='ocrx_word' id='word_1_306' title='bbox 1600 4868 1731 4931; x_wconf 90' lang='lat' dir='ltr'>habere</span> <span class='ocrx_word' id='word_1_307' title='bbox 1756 4889 1834 4931; x_wconf 88' lang='lat' dir='ltr'>esse</span> <span class='ocrx_word' id='word_1_308' title='bbox 1860 4866 2060 4931; x_wconf 81' lang='lat' dir='ltr'>efficienter.</span> 
     </span>
    </p>

    <p class='ocr_par' dir='ltr' id='par_1_5' title="bbox 1035 4979 2514 5414">
     <span class='ocr_line' id='line_1_31' title="bbox 1125 4979 2513 5070; baseline 0 -24"><span class='ocrx_word' id='word_1_309' title='bbox 1125 4981 1218 5064; x_wconf 84' lang='lat' dir='ltr'>Quia</span> <span class='ocrx_word' id='word_1_310' title='bbox 1245 5003 1330 5070; x_wconf 86' lang='lat' dir='ltr'>ergo</span> <span class='ocrx_word' id='word_1_311' title='bbox 1355 5005 1587 5067; x_wconf 86' lang='lat' dir='ltr'>unaquaeque</span> <span class='ocrx_word' id='word_1_312' title='bbox 1612 5002 1769 5048; x_wconf 86' lang='lat' dir='ltr'>creatura</span> <span class='ocrx_word' id='word_1_313' title='bbox 1799 4983 1993 5047; x_wconf 89' lang='lat' dir='ltr'>secundum</span> <span class='ocrx_word' id='word_1_314' title='bbox 2026 4981 2193 5045; x_wconf 81' lang='lat' dir='ltr'>rationem</span> <span class='ocrx_word' id='word_1_315' title='bbox 2223 5003 2308 5047; x_wconf 87' lang='lat' dir='ltr'>suae</span> <span class='ocrx_word' id='word_1_316' title='bbox 2340 4979 2513 5046; x_wconf 88' lang='lat' dir='ltr'>essentiae</span> 
     </span>
     <span class='ocr_line' id='line_1_32' title="bbox 1035 5094 2513 5183; baseline -0.001 -22"><span class='ocrx_word' id='word_1_317' title='bbox 1035 5097 1221 5182; x_wconf 86' lang='lat' dir='ltr'>specificae</span> <span class='ocrx_word' id='word_1_318' title='bbox 1246 5098 1414 5163; x_wconf 79' lang='lat' dir='ltr'>abstrahit</span> <span class='ocrx_word' id='word_1_319' title='bbox 1437 5101 1481 5162; x_wconf 89' lang='lat' dir='ltr'>ab</span> <span class='ocrx_word' id='word_1_320' title='bbox 1505 5097 1586 5162; x_wconf 84' lang='lat' dir='ltr'>lric⁷</span> <span class='ocrx_word' id='word_1_321' title='bbox 1603 5110 1636 5163; x_wconf 87' lang='lat' dir='ltr'>et</span> <span class='ocrx_word' id='word_1_322' title='bbox 1660 5121 1765 5177; x_wconf 87' lang='lat' dir='ltr'>nunc,</span> <span class='ocrx_word' id='word_1_323' title='bbox 1783 5099 2034 5183; x_wconf 89' lang='lat' dir='ltr'>propterquod</span> <span class='ocrx_word' id='word_1_324' title='bbox 2053 5097 2177 5162; x_wconf 77' lang='lat' dir='ltr'>(licitur</span> <span class='ocrx_word' id='word_1_325' title='bbox 2195 5099 2288 5181; x_wconf 89' lang='lat' dir='ltr'>quod</span> <span class='ocrx_word' id='word_1_326' title='bbox 2305 5094 2513 5161; x_wconf 86' lang='lat' dir='ltr'>universalia</span> 
     </span>
     <span class='ocr_line' id='line_1_33' title="bbox 1036 5211 2512 5298; baseline -0.001 -22"><span class='ocrx_word' id='word_1_327' title='bbox 1036 5224 1116 5277; x_wconf 90' lang='lat' dir='ltr'>sunt</span> <span class='ocrx_word' id='word_1_328' title='bbox 1145 5213 1274 5298; x_wconf 91' lang='lat' dir='ltr'>ubique</span> <span class='ocrx_word' id='word_1_329' title='bbox 1302 5225 1335 5278; x_wconf 93' lang='lat' dir='ltr'>et</span> <span class='ocrx_word' id='word_1_330' title='bbox 1363 5236 1510 5298; x_wconf 89' lang='lat' dir='ltr'>semper,</span> <span class='ocrx_word' id='word_1_331' title='bbox 1536 5214 1617 5298; x_wconf 87' lang='lat' dir='ltr'>quia</span> <span class='ocrx_word' id='word_1_332' title='bbox 1647 5214 1778 5279; x_wconf 86' lang='lat' dir='ltr'>scilicet</span> <span class='ocrx_word' id='word_1_333' title='bbox 1809 5235 1880 5279; x_wconf 90' lang='lat' dir='ltr'>non</span> <span class='ocrx_word' id='word_1_334' title='bbox 1915 5213 2034 5278; x_wconf 89' lang='lat' dir='ltr'>dicunt</span> <span class='ocrx_word' id='word_1_335' title='bbox 2062 5213 2155 5278; x_wconf 90' lang='lat' dir='ltr'>entia</span> <span class='ocrx_word' id='word_1_336' title='bbox 2184 5211 2402 5277; x_wconf 88' lang='lat' dir='ltr'>determinati</span> <span class='ocrx_word' id='word_1_337' title='bbox 2431 5223 2512 5276; x_wconf 89' lang='lat' dir='ltr'>tem·</span> 
     </span>
     <span class='ocr_line' id='line_1_34' title="bbox 1037 5327 2514 5414; baseline -0.001 -22"><span class='ocrx_word' id='word_1_338' title='bbox 1037 5327 1130 5413; x_wconf 89' lang='lat' dir='ltr'>poris</span> <span class='ocrx_word' id='word_1_339' title='bbox 1155 5327 1363 5414; x_wconf 88' lang='lat' dir='ltr'>simpliciter,</span> <span class='ocrx_word' id='word_1_340' title='bbox 1389 5331 1451 5394; x_wconf 88' lang='lat' dir='ltr'>sed</span> <span class='ocrx_word' id='word_1_341' title='bbox 1477 5329 1596 5394; x_wconf 89' lang='lat' dir='ltr'>dicunt</span> <span class='ocrx_word' id='word_1_342' title='bbox 1620 5351 1675 5394; x_wconf 91' lang='lat' dir='ltr'>res</span> <span class='ocrx_word' id='word_1_343' title='bbox 1701 5342 1734 5394; x_wconf 89' lang='lat' dir='ltr'>et</span> <span class='ocrx_word' id='word_1_344' title='bbox 1758 5342 1900 5394; x_wconf 89' lang='lat' dir='ltr'>naturas</span> <span class='ocrx_word' id='word_1_345' title='bbox 1924 5351 2014 5413; x_wconf 90' lang='lat' dir='ltr'>quae</span> <span class='ocrx_word' id='word_1_346' title='bbox 2040 5341 2142 5393; x_wconf 86' lang='lat' dir='ltr'>natae</span> <span class='ocrx_word' id='word_1_347' title='bbox 2171 5340 2251 5392; x_wconf 92' lang='lat' dir='ltr'>sunt</span> <span class='ocrx_word' id='word_1_348' title='bbox 2269 5349 2347 5393; x_wconf 87' lang='lat' dir='ltr'>esse</span> <span class='ocrx_word' id='word_1_349' title='bbox 2375 5347 2514 5411; x_wconf 88' lang='lat' dir='ltr'>semper</span> 
     </span>
    </p>
   </div>
   <div class='ocr_carea' id='block_1_5' title="bbox 1035 5610 2512 5755">
    <p class='ocr_par' dir='ltr' id='par_1_6' title="bbox 1035 5610 2512 5755">
     <span class='ocr_line' id='line_1_35' title="bbox 1126 5610 2512 5681; baseline -0.002 -15"><span class='ocrx_word' id='word_1_350' title='bbox 1126 5615 1133 5643; x_wconf 87' lang='lat'><strong>¹</strong></span> <span class='ocrx_word' id='word_1_351' title='bbox 1148 5622 1296 5667; x_wconf 86' lang='lat' dir='ltr'>creaturas</span> <span class='ocrx_word' id='word_1_352' title='bbox 1310 5614 1340 5667; x_wconf 89' lang='lat' dir='ltr'>P.</span> <span class='ocrx_word' id='word_1_353' title='bbox 1357 5646 1388 5652; x_wconf 88' lang='lat'>—</span> <span class='ocrx_word' id='word_1_354' title='bbox 1410 5615 1420 5645; x_wconf 79' lang='lat'><strong>²</strong></span> <span class='ocrx_word' id='word_1_355' title='bbox 1433 5613 1579 5667; x_wconf 83' lang='lat' dir='ltr'>essentiae</span> <span class='ocrx_word' id='word_1_356' title='bbox 1594 5645 1627 5652; x_wconf 90' lang='lat'>—</span> <span class='ocrx_word' id='word_1_357' title='bbox 1641 5616 1717 5681; x_wconf 78' lang='lat' dir='ltr'>esse]</span> <span class='ocrx_word' id='word_1_358' title='bbox 1738 5630 1793 5666; x_wconf 84' lang='lat' dir='ltr'>om.</span> <span class='ocrx_word' id='word_1_359' title='bbox 1808 5614 1839 5666; x_wconf 93' lang='lat' dir='ltr'>P.</span> <span class='ocrx_word' id='word_1_360' title='bbox 1857 5644 1890 5652; x_wconf 91' lang='lat'>—</span> <span class='ocrx_word' id='word_1_361' title='bbox 1910 5614 1921 5644; x_wconf 82' lang='lat'>⁸</span> <span class='ocrx_word' id='word_1_362' title='bbox 1936 5612 2015 5666; x_wconf 87' lang='lat' dir='ltr'>aliud</span> <span class='ocrx_word' id='word_1_363' title='bbox 2030 5613 2086 5665; x_wconf 91' lang='lat' dir='ltr'>PV.</span> <span class='ocrx_word' id='word_1_364' title='bbox 2108 5644 2141 5651; x_wconf 93' lang='lat'><em>-</em></span> <span class='ocrx_word' id='word_1_365' title='bbox 2160 5614 2170 5643; x_wconf 78' lang='lat'><strong>⁴</strong></span> <span class='ocrx_word' id='word_1_366' title='bbox 2184 5612 2222 5665; x_wconf 89' lang='lat' dir='ltr'>sit</span> <span class='ocrx_word' id='word_1_367' title='bbox 2235 5613 2267 5666; x_wconf 90' lang='lat' dir='ltr'>P.</span> <span class='ocrx_word' id='word_1_368' title='bbox 2289 5643 2321 5650; x_wconf 90' lang='lat'>—</span> <span class='ocrx_word' id='word_1_369' title='bbox 2336 5613 2346 5641; x_wconf 76' lang='lat'><em>⁶</em></span> <span class='ocrx_word' id='word_1_370' title='bbox 2359 5628 2414 5664; x_wconf 89' lang='lat' dir='ltr'>om.</span> <span class='ocrx_word' id='word_1_371' title='bbox 2428 5610 2458 5664; x_wconf 89' lang='lat' dir='ltr'>P.</span> <span class='ocrx_word' id='word_1_372' title='bbox 2478 5641 2512 5650; x_wconf 93' lang='lat'>-</span> 
     </span>
     <span class='ocr_line' id='line_1_36' title="bbox 1035 5699 1438 5755; baseline 0.007 -3"><span class='ocrx_word' id='word_1_373' title='bbox 1035 5699 1086 5752; x_wconf 82' lang='lat' dir='ltr'>&#39;’in</span> <span class='ocrx_word' id='word_1_374' title='bbox 1107 5701 1174 5753; x_wconf 83' lang='lat' dir='ltr'>add.</span> <span class='ocrx_word' id='word_1_375' title='bbox 1195 5701 1225 5755; x_wconf 92' lang='lat' dir='ltr'>P.</span> <span class='ocrx_word' id='word_1_376' title='bbox 1246 5733 1278 5740; x_wconf 95' lang='lat'>—</span> <span class='ocrx_word' id='word_1_377' title='bbox 1300 5701 1389 5755; x_wconf 73' lang='lat' dir='ltr'>&#39;hinc</span> <span class='ocrx_word' id='word_1_378' title='bbox 1409 5702 1438 5755; x_wconf 93' lang='lat' dir='ltr'>P.</span> 
     </span>
    </p>
   </div>
   <div class='ocr_carea' id='block_1_6' title="bbox 1034 5885 2512 6134">
    <p class='ocr_par' dir='ltr' id='par_1_7' title="bbox 1034 5885 2512 6134">
     <span class='ocr_line' id='line_1_37' title="bbox 1122 5885 2512 5958; baseline -0.002 -18"><span class='ocrx_word' id='word_1_379' title='bbox 1122 5890 1161 5953; x_wconf 74' lang='lat' dir='ltr'>(ll</span> <span class='ocrx_word' id='word_1_380' title='bbox 1176 5888 1208 5939; x_wconf 95' lang='lat' dir='ltr'>V.</span> <span class='ocrx_word' id='word_1_381' title='bbox 1223 5905 1310 5958; x_wconf 85' lang='lat' dir='ltr'>supra</span> <span class='ocrx_word' id='word_1_382' title='bbox 1324 5905 1351 5958; x_wconf 90' lang='lat' dir='ltr'>p.</span> <span class='ocrx_word' id='word_1_383' title='bbox 1365 5890 1408 5941; x_wconf 77' lang='lat' dir='ltr'>ut.</span> <span class='ocrx_word' id='word_1_384' title='bbox 1420 5886 1479 5941; x_wconf 79' lang='lat' dir='ltr'>cfr.</span> <span class='ocrx_word' id='word_1_385' title='bbox 1494 5888 1672 5940; x_wconf 73' lang='lat' dir='ltr'>Ambrosii</span> <span class='ocrx_word' id='word_1_386' title='bbox 1688 5888 1901 5947; x_wconf 67' lang='lat' dir='ltr'>lutruenwrou,</span> <span class='ocrx_word' id='word_1_387' title='bbox 1915 5888 1932 5941; x_wconf 90' lang='lat' dir='ltr'>l.</span> <span class='ocrx_word' id='word_1_388' title='bbox 1947 5887 2068 5950; x_wconf 81' lang='lat' dir='ltr'>l,e.111,</span> <span class='ocrx_word' id='word_1_389' title='bbox 2089 5890 2105 5940; x_wconf 82' lang='lat' dir='ltr'>ll</span> <span class='ocrx_word' id='word_1_390' title='bbox 2126 5887 2168 5943; x_wconf 77' lang='lat' dir='ltr'>(P.</span> <span class='ocrx_word' id='word_1_391' title='bbox 2184 5887 2224 5952; x_wconf 74' lang='lat' dir='ltr'>L,</span> <span class='ocrx_word' id='word_1_392' title='bbox 2240 5886 2351 5952; x_wconf 74' lang='lat' dir='ltr'>rol.14,</span> <span class='ocrx_word' id='word_1_393' title='bbox 2366 5885 2420 5938; x_wconf 88' lang='lat' dir='ltr'>col.</span> <span class='ocrx_word' id='word_1_394' title='bbox 2433 5887 2493 5950; x_wconf 61' lang='lat'>1⁶26)</span> <span class='ocrx_word' id='word_1_395' title='bbox 2506 5901 2512 5936; x_wconf 73' lang='grc' dir='ltr'>ε</span> 
     </span>
     <span class='ocr_line' id='line_1_38' title="bbox 1036 5970 2511 6046; baseline 0.001 -23"><span class='ocrx_word' id='word_1_396' title='bbox 1036 5975 1141 6028; x_wconf 81' lang='lat' dir='ltr'>«Deus</span> <span class='ocrx_word' id='word_1_397' title='bbox 1161 5974 1210 6046; x_wconf 92' lang='lat' dir='ltr'>qui</span> <span class='ocrx_word' id='word_1_398' title='bbox 1224 5974 1321 6029; x_wconf 88' lang='lat' dir='ltr'>omnia</span> <span class='ocrx_word' id='word_1_399' title='bbox 1342 5975 1447 6029; x_wconf 84' lang='lat' dir='ltr'>virtute</span> <span class='ocrx_word' id='word_1_400' title='bbox 1467 5993 1520 6029; x_wconf 85' lang='lat' dir='ltr'>sua</span> <span class='ocrx_word' id='word_1_401' title='bbox 1540 5977 1679 6029; x_wconf 87' lang='lat' dir='ltr'>continet.</span> <span class='ocrx_word' id='word_1_402' title='bbox 1694 5995 1705 6024; x_wconf 70' lang='lat' dir='ltr'>s</span> <span class='ocrx_word' id='word_1_403' title='bbox 1721 6007 1753 6014; x_wconf 91' lang='lat'>—</span> <span class='ocrx_word' id='word_1_404' title='bbox 1769 5980 1807 6040; x_wconf 73' lang='grc'>12)</span> <span class='ocrx_word' id='word_1_405' title='bbox 1823 5975 1907 6040; x_wconf 76' lang='grc' dir='ltr'>11)ίιί.,</span> <span class='ocrx_word' id='word_1_406' title='bbox 1921 5975 1938 6028; x_wconf 86' lang='lat' dir='ltr'>l.</span> <span class='ocrx_word' id='word_1_407' title='bbox 1951 5975 1971 6039; x_wconf 92' lang='lat'>1,</span> <span class='ocrx_word' id='word_1_408' title='bbox 1985 5992 2009 6027; x_wconf 85' lang='lat' dir='ltr'>c.</span> <span class='ocrx_word' id='word_1_409' title='bbox 2024 5976 2073 6040; x_wconf 81' lang='lat' dir='ltr'>lx,</span> <span class='ocrx_word' id='word_1_410' title='bbox 2087 5978 2121 6028; x_wconf 68' lang='lat' dir='ltr'>llil</span> <span class='ocrx_word' id='word_1_411' title='bbox 2136 5975 2201 6041; x_wconf 76' lang='lat' dir='ltr'>tcol.</span> <span class='ocrx_word' id='word_1_412' title='bbox 2217 5977 2296 6031; x_wconf 64' lang='lat'>1421:</span> <span class='ocrx_word' id='word_1_413' title='bbox 2313 5975 2443 6026; x_wconf 82' lang='lat' dir='ltr'>«Sermo</span> <span class='ocrx_word' id='word_1_414' title='bbox 2457 5970 2511 6026; x_wconf 87' lang='lat' dir='ltr'>Dei</span> 
     </span>
     <span class='ocr_line' id='line_1_39' title="bbox 1034 6063 1604 6134; baseline 0 -19"><span class='ocrx_word' id='word_1_415' title='bbox 1034 6063 1169 6116; x_wconf 88' lang='lat' dir='ltr'>voluntas</span> <span class='ocrx_word' id='word_1_416' title='bbox 1182 6071 1234 6128; x_wconf 89' lang='lat' dir='ltr'>est,</span> <span class='ocrx_word' id='word_1_417' title='bbox 1248 6080 1324 6134; x_wconf 88' lang='lat' dir='ltr'>opus</span> <span class='ocrx_word' id='word_1_418' title='bbox 1339 6063 1394 6116; x_wconf 88' lang='lat' dir='ltr'>Dei</span> <span class='ocrx_word' id='word_1_419' title='bbox 1407 6071 1511 6116; x_wconf 88' lang='lat' dir='ltr'>natura</span> <span class='ocrx_word' id='word_1_420' title='bbox 1525 6071 1577 6117; x_wconf 90' lang='lat' dir='ltr'>est.</span> <span class='ocrx_word' id='word_1_421' title='bbox 1592 6084 1604 6115; x_wconf 87' lang='lat'>»</span> 
     </span>
    </p>
   </div>
   <div class='ocr_carea' id='block_1_7' title="bbox 0 0 3354 7990">
    <p class='ocr_par' dir='ltr' id='par_1_8' title="bbox 0 0 3354 7990">
     <span class='ocr_line' id='line_1_40' title="bbox 0 0 3354 7990; baseline 0 0"><span class='ocrx_word' id='word_1_422' title='bbox 0 0 3354 7990; x_wconf 95' lang='lat' dir='ltr'> </span> 
     </span>
    </p>
   </div>
  </div>
 </body>
</html>
