6700 7992
1148 1418 1196 1473 tto
1509 1414 1700 1475 MAGISTRI
1730 1414 1948 1474 GODEFatDl
1980 1420 2030 1474 DE
2061 1414 2258 1477 FONTlBUS

956 1590 1120 1716 fofqssbVRb
1145 1600 1179 1665 in
1196 1599 1352 1685 potentia
1369 1622 1466 1685 para,
1484 1602 1547 1665 sed
1565 1601 1663 1693 quasi
1682 1600 1797 1665 medio
1814 1603 1920 1666 inodo
1945 1601 2034 1667 inter
2054 1601 2242 1686 potentiam
2261 1612 2294 1666 et
2312 1612 2437 1675 actam,
2463 1613 2497 1667 et
2522 1601 2572 1667 sic
2600 1603 2604 1684 l

1001 1705 1006 1715 ’
1144 1716 1279 1780 videtur
1304 1739 1411 1800 posse
1436 1716 1557 1780 salvari
1584 1716 1701 1780 mixtio
1726 1717 1920 1782 seeundum
1946 1717 2122 1782 veritatem
2149 1728 2182 1780 et
2207 1717 2374 1800 distingui
2404 1719 2448 1780 ab
2473 1718 2624 1782 elemen-

1144 1843 1254 1895 torum
1281 1831 1526 1915 corruptioue;
1547 1872 1583 1879 -
1604 1832 1684 1895 ideo
1708 1833 1759 1898 sie
1785 1847 1961 1917 ponuntur
1986 1834 2018 1897 in
2044 1833 2139 1897 onim
2164 1833 2268 1897 mixto
2289 1835 2404 1917 plures
2423 1834 2564 1897 fornme.

1231 1947 1356 2012 Haec¹
1380 1947 1514 2013 videtur
1542 1948 1645 2013 etiam
1673 1948 1782 2013 fuisse
1806 1948 1933 2034 positio
1959 1948 2251 2014 Commentatoris
2269 1952 2314 2031 (l)
2345 1959 2380 2013 ut
2403 1960 2499 2034 patet
2523 1949 2623 2015 tertio

1143 2062 1228 2128 caeli
1246 2074 1280 2128 et
1297 2063 1415 2127 mundi
1432 2062 1456 2142 ²3
1482 2074 1516 2127 et
1540 2063 1619 2129 ideo
1644 2085 1723 2130 cum
1749 2066 1855 2129 bomo
1879 2063 1923 2128 sit
1947 2065 2123 2148 quoddam
2141 2064 2293 2143 mixtum,
2312 2075 2448 2148 praeter
2472 2064 2621 2130 animam

1142 2189 1280 2264 oportet
1297 2200 1375 2244 esse
1392 2178 1427 2242 in
1445 2179 1549 2244 mixto
1567 2179 1767 2245 huiusmodi
1785 2193 1949 2264 quattuor
1971 2182 2140 2246 elementa
2166 2181 2210 2245 ad
2236 2180 2358 2246 minus.
2385 2181 2487 2246 Unde
2512 2180 2596 2246 dicit
2613 2181 2625 2215 ³

1143 2295 1385 2361 Damasceuus
1402 2297 1460 2377 (2),
1477 2294 1563 2359 libro
1581 2295 1691 2375 tertio,
1709 2295 1862 2380 capitulo
1887 2296 2024 2361 decimo
2048 2309 2168 2361 sexto:
2194 2317 2342 2362 necesse
2366 2308 2419 2361 est
2442 2296 2621 2362 hominem

1142 2410 1259 2475 (licere
1283 2412 1327 2474 ad
1353 2409 1466 2475 ruinas
1486 2410 1717 2495 compositam
1736 2433 1815 2475 esse
1841 2434 1882 2476 ex
1907 2412 2060 2495 quinque
2078 2411 2219 2491 naturis,
2237 2411 2271 2476 id
2289 2411 2366 2477 est⁴
2392 2434 2433 2477 ex
2457 2423 2621 2496 quattuor

1143 2526 1322 2591 elementis
1340 2538 1374 2591 et
1390 2526 1514 2592 anima.
1534 2526 1749 2591 Contradicit
1767 2549 1861 2613 ergo,
1875 2539 1911 2591 ut
1928 2527 2071 2605 videtur,
2087 2527 2328 2612 philosophiae
2342 2527 2463 2613 opinio
2484 2550 2621 2614 ponens

1143 2641 1176 2706 in
1194 2641 1336 2707 bomine
1360 2654 1493 2707 tanturn
1517 2665 1621 2706 unam
1647 2642 1820 2707 sormams’
1843 2665 1933 2726 quae
1958 2654 2010 2708 est
2034 2643 2159 2722 anima,
2182 2664 2289 2727 quare
2311 2655 2394 2709 tunc
2419 2643 2453 2708 in
2479 2643 2622 2708 bomine

1143 2780 1216 2844 non
1241 2769 1342 2823 erunt
1367 2760 1538 2823 elementa
1562 2779 1629 2824 nec
1654 2759 1765 2822 sonna
1789 2758 1883 2823 mixti
1907 2771 1940 2824 et
1966 2770 2092 2824 cetera.

1250 2875 1497 2939 Verumtamen
1515 2895 1556 2939 ex
1574 2873 1766 2940 intentione
1780 2874 2165 2951 Commentatoris,n0n
2183 2877 2329 2940 babetur
2343 2876 2437 2959 quod
2452 2876 2624 2941 elementa

1143 2989 1194 3054 sic
1207 2989 1343 3074 possint
1359 3011 1500 3055 manere
1517 2989 1551 3053 in
1567 2989 1671 3055 mixto
1686 2991 1781 3074 quod
1795 2991 1907 3055 forma
1921 2990 2180 3055 substantialisl
2197 2990 2342 3056 alicuius
2356 3013 2475 3057 eorum
2489 2991 2625 3056 dicatur

1143 3105 1344 3190 simpliciter
1360 3127 1501 3171 manere
1516 3105 1536 3186 ⁷,
1555 3106 1713 3190 qumvis
1730 3105 1831 3172 etiam
1850 3118 1942 3171 esset
1960 3106 2163 3191 imperfecta
2185 3118 2347 3192 respectu
2371 3105 2623 3191 cuiuscumque

1144 3208 1293 3300 alterius,
1319 3243 1361 3286 eo
1379 3223 1475 3306 quod
1493 3221 1714 3287 secundum⁸
1738 3221 1852 3306 ipsum
1877 3222 2112 3307 compositum
2138 3224 2243 3287 debet
2260 3244 2338 3288 esse
2355 3245 2462 3287 unum
2488 3224 2531 3287 ab
2555 3244 2624 3287 una

1143 3338 1263 3402 forma.
1282 3337 1324 3401 Et
1341 3337 1421 3401 ideo
1439 3337 1567 3402 dictum
1586 3359 1686 3402 suum
1704 3337 1839 3402 videtur
1855 3337 1906 3403 sic
1934 3337 2207 3424 intelligendum,
2232 3339 2327 3422 quod
2352 3338 2427 3423 ipsa
2452 3338 2624 3404 elementa

1144 3452 1195 3519 sic
1210 3463 1475 3539 corrumpantur
1499 3454 1695 3519 secundum
1718 3453 1939 3519 medietatem
1957 3475 2097 3519 suarum
2116 3454 2397 3534 substantiarum,
2420 3456 2515 3539 quod
2541 3475 2623 3521 con·

1144 3569 1285 3635 veniant
1309 3570 1353 3634 ad
1378 3568 1527 3653 aliquam
1553 3568 1846 3648 commixtionem,
1872 3571 2066 3635 secundum
2084 3592 2188 3656 quam
2212 3592 2284 3636 non
2309 3581 2425 3655 potest
2441 3571 2510 3637 dici
2528 3572 2623 3657 quod

1144 3685 1285 3770 aliquod
1303 3686 1551 3751 elementorum
1569 3684 1612 3750 sit
1629 3684 1663 3750 in
1681 3696 1761 3750 actu
1779 3707 1864 3751 suae
1882 3686 2023 3766 formae,
2039 3707 2105 3751 nec
2122 3685 2224 3751 etiarn
2238 3686 2334 3771 quod
2350 3686 2407 3752 illa
2424 3685 2623 3753 commixtio

1144 3797 1309 3887 quod'est
1333 3802 1509 3886 quoddam
1534 3800 1687 3866 medium
1712 3801 1920 3886 dispositum
1938 3813 1972 3867 et
1992 3804 2194 3888 adaptatum
2219 3802 2384 3869 materiae
2409 3803 2452 3867 ad
2477 3802 2622 3890 sormam

1144 3918 1352 4003 completam
1371 3907 1745 3983 determinatammixti
1762 3916 1807 3981 sit
1830 3917 1944 4001 aliqua
1968 3918 2080 3983 forma
2104 3918 2342 3983 substantialis
2360 3918 2394 3983 in
2412 3929 2491 3984 actu
2508 3918 2623 3985 media

1143 4035 1231 4099 inter
1262 4034 1392 4099 formas
1424 4035 1684 4113 elementorum,
1714 4072 1755 4079 —
1788 4032 1877 4099 sicut
1909 4034 1998 4098 forte
2031 4034 2265 4120 imaginantur
2294 4034 2398 4119 aliqui
2431 4036 2475 4100 de
2507 4033 2623 4100 medio

1143 4151 1262 4215 colore
1290 4148 1480 4213 constituto
1505 4170 1547 4213 ex
1572 4148 1742 4213 extremis.
1769 4148 1944 4231 Quoniam
1973 4149 2062 4214 sicut
2091 4149 2188 4235 ipsae
2217 4150 2349 4214 formae
2373 4150 2623 4216 elementorum

1794 4404 1805 4423 r.

1217 4437 1223 4467 ¹
1243 4433 1759 4505 hoc(sic)ll.—‘²tertira—1nurrtli]
1782 4434 1820 4486 lll
1842 4451 1858 4487 c
1878 4443 1907 4488 et
1927 4452 1954 4486 m
1975 4434 2041 4487 Pl&
2058 4466 2089 4472 —
2110 4436 2120 4465 ⁸
2140 4434 2212 4489 dixit
2231 4435 2262 4488 l‘.
2284 4467 2314 4473 -
2336 4438 2345 4466 ⁴
2366 4435 2394 4487 id
2416 4437 2469 4505 est]
2490 4444 2518 4490 et
2538 4436 2569 4489 P.
2589 4466 2622 4474 —

1144 4524 1155 4555 ⁶
1174 4532 1285 4577 tantum
1304 4540 1390 4576 unam
1410 4523 1544 4591 formam]
1568 4541 1653 4575 uuam
1678 4531 1789 4575 tantum
1814 4521 1936 4574 sormam
1957 4521 1987 4574 P.
2008 4553 2041 4560 —
2063 4525 2074 4551 ‘¹
2093 4540 2148 4576 om.
2169 4523 2199 4576 l‘.
2221 4556 2251 4562 —
2276 4522 2475 4594 ‘simpliciter
2494 4525 2622 4591 manere]

1145 4629 1262 4665 manere
1276 4611 1449 4681 simpliciter
1463 4611 1492 4664 Ρ.
1507 4643 1538 4649 -
1555 4610 1564 4639 ⁸
1578 4628 1632 4662 om.
1648 4610 1678 4662 P.

1232 4810 1271 4871 (ll
1292 4805 1471 4859 Averrois
1498 4806 1542 4857 De
1563 4805 1642 4858 caelo
1663 4804 1681 4857 l.
1697 4805 1747 4870 lll,
1767 4807 1822 4858 c3
1845 4803 1997 4867 (Veneriis,
2023 4807 2099 4867 1550,
2120 4804 2168 4859 sol.
2190 4808 2240 4858 loa
2260 4806 2321 4863 llbl.
2347 4828 2358 4853 a
2375 4805 2545 4859 ..Necesse
2568 4815 2622 4872 est,

1143 4913 1209 4949 cum
1234 4912 1270 4948 ex
1296 4894 1339 4948 eis
1363 4902 1520 4963 generatur
1546 4911 1603 4945 una
1627 4891 1730 4957 forma,
1755 4900 1787 4944 ut
1812 4901 2035 4963 corrumpantur
2060 4891 2173 4945 formae
2199 4910 2299 4945 eorum
2322 4892 2484 4945 secundum
2511 4893 2620 4947 medie-

1143 4991 1234 5036 tatem
1286 4981 1425 5035 Dicemus
1444 4981 1523 5052 quod
1543 4979 1655 5033 formae
1678 4980 1799 5032 istorum
1822 4979 2032 5032 elementorum
2052 4987 2120 5031 sant
2141 4979 2359 5046 substantiales,
2379 4988 2446 5032 suut
2459 4979 2620 5035 diminutae

1143 5069 1274 5124 alormis
1287 5068 1528 5123 substantialibus
1548 5067 1698 5137 perfectis,
1718 5076 1746 5120 et
1767 5067 1848 5138 quasi
1869 5085 1951 5119 suam
1973 5085 2038 5119 esse
2058 5076 2103 5119 est
2122 5066 2249 5120 medium
2270 5066 2346 5120 inter
2366 5066 2476 5120 formas
2495 5076 2525 5121 et
2544 5069 2621 5122 acci·

1143 5159 1259 5227 dentia;
1283 5168 1311 5213 et
1334 5159 1401 5211 ideo
1424 5176 1482 5211 non
1505 5157 1560 5211 luit
1582 5156 1765 5227 impossibile
1790 5164 1819 5210 ut
1842 5156 1955 5208 l'ormae
1977 5173 2078 5208 eorum
2100 5155 2309 5210 substantiales
2330 5156 2570 5224 admiscerentur,
2590 5166 2620 5212 et

1143 5247 1312 5319 proveniret
1326 5265 1362 5298 ex
1382 5244 1558 5299 collectione
1578 5262 1677 5297 earum
1698 5244 1755 5296 alia
1777 5243 1879 5309 forma,
1900 5243 1984 5309 sicat,
2007 5261 2072 5297 cum
2093 5242 2199 5296 albedo
2220 5251 2249 5296 et
2268 5242 2392 5313 nigredo
2415 5243 2622 5309 admiscentur,

1143 5336 1215 5389 liunt
1229 5354 1264 5389 ex
1277 5334 1320 5388 eis
1334 5333 1415 5387 multi
1430 5333 1546 5385 colores
1562 5330 1659 5384 medii.
1674 5332 1709 5384 Et
1730 5349 1796 5384 cum
1816 5331 1873 5384 hoc
1895 5330 1979 5383 latuit
1998 5330 2169 5384 Avicermae
2192 5338 2221 5383 et
2241 5330 2389 5384 concessit
2409 5331 2489 5402 quod
2510 5331 2622 5386 formae

1143 5422 1351 5476 substantiales
1365 5439 1421 5475 non
1442 5419 1610 5474 dividuntur
1624 5420 1652 5472 iu
1666 5419 1760 5489 magis
1774 5427 1804 5472 et
1824 5418 1927 5481 minus,
1947 5417 2017 5471 dicit
2037 5417 2116 5487 quod
2135 5418 2208 5471 baec
2232 5417 2376 5471 elementa
2390 5436 2450 5471 non
2463 5418 2622 5474 miscentur

1142 5510 1196 5564 nisi
1211 5509 1371 5563 secuudum
1386 5507 1543 5579 ‹pialitates
1557 5524 1667 5574 eorum,
1681 5524 1739 5559 non
1755 5506 1915 5559 secundum
1930 5505 2117 5558 substantias.
2132 5506 2168 5557 Et
2182 5523 2217 5558 ex
2236 5505 2293 5559 boc
2316 5506 2468 5576 continget
2482 5524 2620 5578 magnum

1143 5596 1334 5669 impossibile,
1354 5595 1467 5649 seilicet
1490 5603 1520 5648 ut
1542 5595 1688 5647 elementa
1711 5593 1767 5647 sint
1790 5595 1817 5646 in
1842 5593 2006 5663 composito
2027 5593 2055 5645 in
2078 5602 2154 5659 actu,
2177 5601 2298 5664 propter
2321 5592 2400 5664 quod
2424 5594 2620 5666 compositum

1143 5704 1201 5739 non
1215 5685 1335 5739 babebit
1349 5702 1435 5737 unam
1449 5681 1572 5735 sormam
1586 5681 1809 5735 substantialem
1829 5704 1839 5731 a
1896 5680 1968 5733 Ibid.
1986 5708 1993 5727 ‹·
2052 5680 2236 5750 Relinquitur
2252 5681 2337 5747 igitur
2352 5690 2384 5735 ut
2396 5682 2621 5753 (compositum)

1142 5773 1179 5826 sit
1204 5790 1292 5826 unam
1315 5771 1475 5825 secundum
1499 5769 1622 5822 lormam
1645 5768 1868 5822 substantialem
1894 5776 1923 5822 et
1948 5768 2035 5821 etiam
2062 5769 2213 5838 continget
2235 5769 2261 5822 ei
2289 5779 2318 5822 ut
2343 5769 2493 5840 quaelibet
2518 5787 2617 5824 earum

1142 5861 1179 5915 sit
1199 5860 1336 5914 distincta
1359 5860 1396 5911 ab
1419 5858 1476 5911 alia
1495 5880 1516 5911 r.
1536 5889 1569 5896 —
1595 5861 1632 5920 (2)
1654 5856 1833 5909 Iohannis
1856 5856 2076 5910 Damasceni
2098 5857 2141 5909 De.
2158 5856 2222 5927 *titio
2244 5857 2406 5910 orthodoxa
2428 5858 2446 5911 l.
2467 5857 2518 5925 Ill,
2541 5875 2565 5912 c.
2588 5861 2621 5913 lo

1143 5949 1185 6011 (P.
1209 5948 1334 6011 (;.,v01.
1357 5950 1400 6013 at,
1426 5946 1480 5999 eol.
1506 5948 1592 5999 liius».
1625 5944 1698 5999 Ἐπεὶ
1722 5945 1823 6018 ἀνάγκη
1846 5949 1891 6000 καὶ
1919 5947 1963 5999 τὸν
1993 5944 2131 6017 ἅνϋριινπον
2160 5944 2243 6018 λέγειν
2273 5945 2303 6001 ἐκ
2334 5945 2412 6001 πέντε
2441 5945 2623 6026 τοῦλάχιστᾳν

1142 6039 1292 6107 συγκεῖσθαι
1312 6032 1423 6105 φυσέων,
1445 6029 1475 6084 ἐκ
1495 6050 1523 6084 τε
1544 6036 1596 6083 τῶν
1617 6028 1751 6099 τεσσάρων
1772 6029 1920 6100 στοιχείων,
1943 6031 1987 6083 καὶ
2008 6032 2107 6100 ψυχῆς.
