6700 7992
1105 1449 1157 1500 226
1469 1449 1660 1504 MAGISTRI
1690 1448 1910 1503 GODEFRIDI
1940 1450 1991 1502 DE
2019 1449 2218 1505 FONTIBUS

1106 1626 1280 1712 appetitus
1316 1626 1481 1693 sensitivi.
1518 1629 1620 1694 Unde
1655 1628 1739 1694 dicit
1775 1629 2011 1714 Philosophus
2030 1632 2076 1712 (l)
2105 1628 2204 1694 tertio
2241 1629 2452 1712 Ethicorum,
2484 1632 2580 1716 quod

1105 1744 1172 1808 hae
1195 1743 1337 1809 virtutes
1362 1756 1443 1808 sunt
1467 1743 1712 1809 irrationalium
1738 1744 1884 1829 partium
1910 1744 2046 1810 animae
2071 1755 2105 1810 et
2129 1756 2255 1811 cetera.

1193 1859 1393 1946 Responsio
1417 1859 1451 1925 in
1476 1859 1563 1925 libro
1589 1860 1753 1949 magistri.

1661 2273 1902 2355 Quassuo
1928 2274 2017 2338 xiv.

1245 2472 1386 2548 Utrum
1412 2477 1622 2569 peccatum
1653 2470 1856 2572 magr'uole
1883 2472 1937 2545 sil
1965 2472 2099 2546 litoius
2127 2499 2246 2573 qreuru
2279 2473 2446 2548 crciuule.

1193 2773 1249 2837 Ad
1274 2774 1467 2838 secundum
1493 2772 1636 2838 istorum
1661 2773 1916 2858 praedictorum
1943 2773 1994 2838 sic
2018 2774 2229 2859 proceditur,
2254 2787 2288 2839 et
2312 2773 2467 2861 arguitur
2484 2776 2578 2859 quod

1103 2901 1286 2973 peccatum
1312 2888 1480 2975 originale
1505 2889 1547 2953 sit
1572 2888 1683 2952 maius
1709 2910 1812 2973 (piam
1841 2890 1987 2969 actuale,
2013 2889 2094 2973 quia
2129 2903 2311 2975 peccatum
2348 2891 2442 2975 quod
2468 2890 2579 2978 magis

1103 3004 1293 3090 opponitur
1317 3015 1350 3069 et
1386 3016 1558 3089 repugnat
1592 3005 1725 3086 gratiae
1750 3004 1860 3068 maius
1886 3004 2030 3069 videtur.
2064 3006 2136 3071 Sed
2169 3005 2350 3092 originale·
2375 3018 2428 3071 est
2463 3006 2579 3072 huius·

1102 3120 1207 3200 modi,
1250 3119 1331 3204 quia
1370 3142 1440 3184 non
1481 3121 1689 3205 compatitur
1727 3142 1847 3185 seeum
1886 3120 2054 3206 gratiam3
2091 3122 2152 3186 sed
2189 3121 2325 3187 veniale
2361 3122 2577 3208 compatitur.

1103 3236 1222 3320 Quare
1246 3247 1280 3301 et
1304 3247 1430 3301 cetera.

1192 3352 1333 3417 Contra.
1370 3351 1503 3436 Culpae
1539 3354 1729 3437 respondet
1765 3374 1890 3436 poena.
1931 3352 2025 3437 Ergo
2065 3354 2167 3437 culpa
2204 3353 2258 3417 illa
2293 3352 2404 3417 minor
2439 3364 2491 3418 est
2523 3354 2578 3418 cui

1103 3466 1215 3532 minor
1238 3469 1429 3551 respondet
1452 3489 1577 3552 poena.
1604 3468 1674 3533 Sed
1700 3469 1894 3531 seeundum
1920 3468 2155 3553 Augustinum
2170 3472 2216 3550 (2)
2239 3470 2282 3533 do
2307 3469 2480 3567 baptismo
2503 3491 2578 3553 par·

1103 3583 1272 3663 vulorum,
1297 3594 1445 3668 peccato
1470 3583 1627 3669 originali
1653 3584 1799 3648 ‹lulretur
1824 3582 1964 3647 minima
1989 3604 2114 3668 poena.
2141 3584 2259 3666 Quare
2284 3595 2317 3648 et
2341 3595 2466 3649 cetera.

1193 3698 1390 3784 Responsio
1415 3698 1448 3762 in
1474 3698 1560 3763 liluo
1585 3698 1749 3783 magistri.

1671 4112 1913 4192 (1111115111)
1940 4113 2012 4175 ur.

1153 4311 1294 4387 Uirzuu
1325 4308 1512 4384 voluutas
1539 4309 1593 4383 sit
1621 4309 1757 4409 arogis
1785 4309 1909 4384 libero
1934 4311 2114 4408 potentia
2144 4338 2266 4411 quum
2297 4311 2527 4386 intellectus.

1189 4610 1327 4677 Deinde
1352 4610 1442 4676 eirca
1478 4610 1651 4697 potentias
1689 4623 1724 4675 ut
1757 4610 1848 4675 eirea
1884 4610 2075 4695 potentiam
2111 4612 2297 4676 voluntatis
2322 4615 2580 4697 quaerebantur

1100 4728 1181 4792 duo.
1219 4727 1370 4792 Primum
1407 4738 1478 4792 erat
1514 4729 1557 4791 de
1589 4725 1666 4810 ipsa
1698 4726 1732 4791 in
1765 4726 2027 4811 comparatione
2064 4727 2139 4792 eius
2174 4729 2218 4791 ad
2254 4728 2353 4792 aliam
2385 4730 2577 4813 potentiam

1100 4844 1231 4910 scilicet
1270 4843 1491 4919 intellectum,
1532 4841 1664 4907 scilieet
1700 4854 1813 4906 utrum
1850 4842 2011 4907 voluntas
2047 4843 2090 4908 sit
2126 4844 2236 4927 magis
2276 4844 2381 4909 libera
2421 4846 2578 4930 potentia

1101 4983 1205 5045 quam
1242 4959 1448 5024 intellectus.
1485 4959 1689 5023 Secundum
1725 4970 1798 5022 erat
1833 4958 1877 5022 de
1913 4957 1989 5043 ipsa
2024 4957 2058 5021 iu
2094 4959 2355 5044 onuparatione
2392 4961 2435 5024 ad
2475 4983 2576 5025 suum

1098 5087 1223 5156 actum,
1249 5074 1408 5140 videlicet
1444 5086 1556 5138 utrum
1594 5074 1755 5137 voluntas
1791 5073 1883 5137 facta
1918 5073 1952 5137 iu
1986 5085 2066 5138 actu
2102 5087 2263 5160 respectu
2295 5075 2384 5155 linis,
2421 5076 2574 5141 volendo

1097 5191 1229 5258 scilicet
1253 5191 1366 5276 ipsum
1391 5190 1507 5269 finem,
1531 5188 1644 5274 possit
1667 5210 1705 5253 se
1731 5188 1841 5274 ipsam
1866 5209 1930 5274 per
1953 5210 1991 5253 se
2016 5191 2149 5273 alisque
2183 5190 2354 5256 adiutorio
2380 5193 2576 5276 apprehen·

1187 5450 1226 5513 (1)
1259 5444 1477 5513 Aristotelis
1510 5443 1605 5497 Erato.
1637 5443 1807 5496 Nicomucli.
1840 5442 1856 5496 l.
1884 5443 1933 5505 lll,
1962 5462 1986 5496 e.
2010 5447 2041 5496 la
2070 5452 2109 5513 (p.
2131 5447 2220 5503 1117).
2250 5448 2320 5500 Μετὰ
2343 5447 2371 5500 δὲ
2394 5446 2491 5513 ταύτην
2515 5450 2576 5518 περὶ

1097 5531 1276 5605 σωφρωσύνης
1294 5528 1425 5603 λέγωμεν·
1444 5532 1552 5583 δοκοῦσι
1569 5530 1620 5600 γὰρ
1638 5535 1690 5581 τῶν
1712 5528 1816 5600 ἀλόγων
1836 5535 1924 5598 μερῶν
1942 5529 2018 5582 αὗται
2036 5529 2099 5582 εἶναι
2118 5531 2143 5582 αἱ
2162 5530 2260 5599 ἀρεταί.
2282 5564 2314 5571 -
2328 5536 2367 5598 (21
2382 5532 2575 5600 Augustini

1097 5629 1201 5676 contra
1216 5621 1371 5674 Iuliamcm
1385 5620 1402 5672 l.
1417 5620 1450 5684 V,
1464 5636 1488 5672 c.
1505 5621 1534 5672 11
1557 5618 1598 5675 (Ρ.
1614 5618 1653 5680 L,
1668 5618 1724 5670 vol.
1739 5622 1781 5678 ll,
1796 5618 1850 5669 eol.
1865 5621 1928 5674 solu
1944 5635 1949 5670 :
1973 5640 1984 5663 1
2000 5619 2061 5684 lngo
2082 5627 2178 5671 autem
2193 5637 2250 5670 uou
2266 5619 2333 5672 «lico
2354 5620 2492 5689 parvulos
2512 5619 2576 5674 sine

1098 5710 1206 5764 (Thristi
1226 5709 1404 5780 baptismate
1423 5706 1581 5760 morieutes
1602 5714 1682 5759 tauta
1704 5723 1799 5775 poouu
1819 5724 1884 5757 esse
1904 5705 2086 5775 plectendos,
2101 5715 2131 5758 ut
2145 5705 2188 5758 eis
2202 5724 2259 5758 nou
2275 5707 2354 5759 nasei
2370 5706 2468 5777 potius
2488 5725 2576 5778 expe·

1098 5797 1199 5851 diret...
1214 5796 1289 5867 Quis
1310 5794 1488 5848 dubitaverit
1508 5793 1647 5864 parvulos
1667 5811 1724 5845 uou
1745 5792 1919 5863 baptizatos,
1938 5793 1986 5862 qui
2007 5793 2099 5845 sulum
2122 5794 2230 5845 lraluurt
2250 5793 2393 5864 originale
2413 5805 2576 5865 peccatum,

1097 5903 1151 5939 nec
1171 5884 1237 5939 ullis
1256 5882 1383 5955 propriis
1403 5888 1609 5951 aggravantur,
1629 5880 1658 5933 iu
1679 5880 1867 5933 danmatiouc
1886 5880 2013 5933 omuium
2035 5880 2183 5933 levissima
2205 5879 2364 5935 1111111051»
2387 5880 2446 5935 Cir.
2470 5882 2575 5934 Euchi-

1097 5972 1208 6039 ridiou,
1222 5967 1693 6035 1931111,1111.4ο,εοι.2751;1
1707 5966 1858 6020 lllilissima
1873 5984 1943 6020 saue
1958 5968 2085 6020 omuium
2102 5984 2197 6037 poena
2212 5970 2265 6022 erit
2280 5987 2378 6022 eurum
2396 5971 2444 6040 qui
2459 5977 2577 6041 praeter

1097 6068 1252 6137 peccatum
1268 6057 1348 6129 quod
1362 6055 1505 6128 originale
1519 6062 1669 6109 traxerunt
1682 6055 1792 6109 nullum
1808 6055 1926 6127 insuper
1939 6054 2123 6109 addiderunt.
2137 6076 2149 6105 :›
