6700 7992
1143 1434 1338 1506 Quaerunt
1367 1435 1666 1509 Quoomsseruu
1695 1437 1731 1510 Q.
1760 1437 1815 1492 xu

1265 1931 1554 2015 Quaesrro
1602 1935 1682 1999 xu

1380 2113 1569 2187 (rouen).

808 2324 948 2402 Utrum
979 2329 1126 2398 stolido
1150 2323 1358 2423 gerreralis
1387 2323 1550 2398 concilii
1572 2325 1702 2422 possit
1724 2333 1800 2423 por
1828 2326 2153 2400 coustteltulinom

1239 2458 1486 2533 contrarium
1517 2459 1719 2562 derogari.

830 2788 968 2853 Deinde
987 2788 1080 2853 circa
1116 2787 1323 2873 pertinentia
1347 2790 1390 2853 ad
1423 2809 1592 2874 personas
1617 2811 1799 2873 supremas
1823 2790 1994 2854 habentes
2019 2813 2216 2875 supremam

740 2893 947 2990 potestatem
966 2904 999 2969 in
1024 2904 1192 2984 Ecclesia,
1211 2906 1442 2988 quaerebatur
1465 2904 1577 2989 primo
1598 2916 1709 2969 utrum
1735 2906 1867 2970 seilicet
1891 2917 2019 2970 statuto
2044 2908 2218 2993 generalis

741 3020 879 3086 concilii
904 3020 1016 3107 possit
1052 3044 1114 3106 per
1148 3021 1440 3086 consuetudinem
1476 3022 1682 3087 contrariam
1719 3022 1889 3108 derogari.
1929 3023 1969 3086 Et
2006 3025 2219 3109 arguebatur

740 3137 835 3220 quod
860 3137 920 3214 sic,
946 3136 1027 3222 quia
1051 3149 1215 3202 statutum
1248 3148 1301 3202 est
1331 3137 1364 3201 in
1398 3138 1516 3203 ultimo
1548 3137 1698 3203 concilio
1733 3138 1888 3225 generali
1922 3139 2148 3222 Lugrlunensi
2170 3142 2218 3221 (l)

740 3253 834 3338 quod
859 3253 974 3318 nullus
1001 3252 1145 3338 recipiat
1168 3252 1377 3318 beneficium
1402 3274 1481 3318 cum
1507 3274 1589 3318 cura
1619 3253 1819 3332 animarum,
1852 3253 1916 3318 nisi
1942 3254 2092 3341 attigerit
2124 3256 2218 3341 vige·

740 3368 864 3434 simum
889 3369 1046 3454 quintum
1072 3391 1201 3433 annum
1227 3380 1261 3434 et
1293 3368 1357 3434 nisi
1389 3368 1493 3434 saciat
1523 3391 1561 3434 se
1594 3369 1627 3433 in
1660 3371 1881 3434 sacerdotem
1906 3370 2102 3455 promoveri
2127 3371 2217 3436 infra

738 3507 879 3564 annum,
912 3496 946 3550 et
977 3485 1072 3570 quod
1104 3484 1321 3573 alienigenae
1357 3485 1503 3550 usurarii
1536 3485 1761 3570 expellantur,
1787 3496 1821 3550 et
1852 3498 1905 3550 est
1939 3486 2112 3552 sententia
2148 3489 2217 3552 lata

739 3602 774 3668 in
806 3602 904 3668 terris
943 3601 1174 3687 praelatorum
1215 3600 1273 3686 qui
1304 3603 1374 3667 hoc
1409 3624 1480 3666 non
1520 3601 1662 3678 faciunt,
1696 3613 1729 3666 et
1760 3615 1874 3667 tamen
1912 3624 1974 3687 per
2009 3604 2216 3668 contrariam

740 3718 1031 3786 consuetudinem
1074 3718 1143 3782 hoc
1182 3717 1248 3782 iarn
1289 3716 1426 3783 videtur
1463 3718 1679 3804 abrogatum.
1702 3719 1811 3781 -Nam
1855 3718 1883 3782 si
1934 3720 2050 3784 adhuc
2092 3719 2219 3806 ligaret

740 3845 916 3914 statutum,
956 3832 1080 3898 infiniti
1115 3834 1323 3899 contrarium
1356 3833 1526 3898 facientes
1563 3845 1680 3898 essent
1714 3833 1747 3897 in
1788 3845 1879 3898 statu
1915 3834 2148 3901 damnationis
2186 3847 2219 3901 et

740 3950 955 4037 irregulares
996 3961 1030 4015 et
1061 3949 1163 4014 etiarn
1196 3948 1339 4034 praelati
1372 3950 1428 4034 qui
1462 3962 1581 4015 essent
1616 3949 1779 4035 suspensi
1812 3962 1845 4014 et
1877 3949 2048 4016 interdicti
2080 3973 2218 4017 excom·

740 4065 906 4131 municati
942 4067 1124 4131 absolvere
1156 4088 1227 4129 non
1267 4077 1413 4151 possent
1444 4078 1604 4151 petentes
1641 4078 1673 4130 et
1706 4077 1830 4144 cetera,
1861 4067 1956 4151 quod
1985 4068 2080 4132 nullo
2112 4069 2218 4132 modo

740 4182 952 4269 permitteret
976 4180 1133 4247 Ecclesia
1159 4192 1195 4245 ut
1220 4180 1364 4246 videtur.
1391 4182 1509 4265 Quare
1535 4194 1567 4246 et
1592 4193 1717 4246 cetera.

830 4298 971 4363 Contra.
1027 4297 1210 4362 Multitudo
1258 4309 1291 4362 et
1338 4297 1545 4362 diuturnitas
1593 4309 1816 4382 peecatorum
1865 4321 1936 4364 non
1985 4311 2128 4364 excusat
2174 4302 2218 4365 ab

740 4412 1002 4479 inoboedientia
1027 4425 1060 4478 et
1087 4412 1366 4499 transgressione
1394 4413 1582 4498 praecepti,
1608 4413 1713 4478 immo
1742 4412 1853 4501 magis
1878 4425 1983 4501 auget
2019 4415 2218 4481 huiusmodi

740 4528 1038 4596 inoboedientiam
1064 4540 1097 4593 et
1124 4529 1448 4616 transgressionem.
1476 4530 1594 4612 Quare
1612 4552 1673 4614 per
1698 4541 1796 4594 actus
1814 4530 2007 4595 contrarios
2029 4540 2158 4597 statuto
2185 4544 2219 4598 et

740 4655 933 4732 praecepto
958 4645 1137 4710 Ecclesiae
1157 4667 1235 4709 non
1253 4645 1449 4733 derogatur.

829 4762 1043 4847 Respondeo
1090 4760 1277 4826 dicendum
1324 4762 1419 4845 quod
1466 4782 1544 4826 cum
1597 4771 1725 4825 statuta
1776 4763 1927 4827 humana
1979 4763 2218 4829 auctoritatem

739 4879 894 4943 habeant
917 4899 937 4942 a
968 4876 1102 4942 ratione
1127 4888 1160 4941 et
1185 4877 1363 4942 voluntate
1387 4876 1464 4962 ipsa
1491 4876 1625 4942 ratione
1649 4878 1807 4961 regulata
1831 4877 2048 4965 legislatoris
2073 4890 2107 4945 et
2130 4882 2219 4947 haec

740 5015 812 5059 non
837 4994 949 5058 solum
981 5004 1098 5078 potest
1132 4991 1345 5057 manifestari
1375 4994 1482 5057 verbo
1514 4994 1568 5057 vel
1605 4992 1744 5077 scripto,
1770 4994 1833 5058 sed
1869 4993 1971 5058 etiam
2008 4995 2100 5061 facto
2137 4997 2219 5078 (hoc

740 5110 832 5176 enirn
857 5108 1098 5193 unusquisque
1126 5107 1254 5194 eligere
1282 5108 1416 5174 videtur
1441 5109 1535 5191 quod
1560 5130 1667 5193 opere
1692 5108 1833 5193 implet),
1867 5150 1906 5156 -
1931 5109 2011 5176 ideo
2035 5123 2219 5196 peractus

740 5224 986 5311 multiplicatos
1010 5224 1069 5310 qui
1093 5223 1383 5289 consuetudinem
1408 5224 1550 5302 faciunt,
1579 5223 1712 5289 sciente
1737 5236 1770 5289 et
1795 5226 2013 5310 permittente
2038 5226 2095 5292 illo
2119 5227 2218 5293 cuius

741 5340 945 5406 auctoritate
969 5342 1023 5405 lex
1047 5339 1101 5404 vel
1130 5350 1295 5404 statutum
1319 5340 1424 5404 halret
1454 5338 1520 5403 vim
1550 5339 1739 5425 obligandi,
1765 5340 1888 5404 mutari
1913 5351 2029 5426 potest
2052 5353 2217 5407 statutum

741 5468 775 5523 et
814 5456 952 5542 exponi,
991 5465 1025 5521 et
1064 5455 1166 5521 etiarn
1207 5455 1335 5539 aliquid
1371 5456 1506 5520 causari
1546 5456 1641 5539 quod
1677 5455 1765 5542 legis
1797 5455 1951 5542 vigorem
1987 5459 2102 5538 habet,
2138 5479 2216 5523 cum

740 5572 872 5638 scilicet
903 5572 981 5638 talis
1013 5572 1232 5637 consuetudo
1265 5583 1318 5637 est
1349 5570 1562 5635 rationabilis
1598 5582 1631 5635 et
1664 5572 1878 5656 praescripta
1909 5572 2027 5655 (Extra
2059 5576 2102 5639 de
2135 5595 2217 5639 con-

741 5688 938 5768 suetudine,
963 5688 1116 5774 capitulo
1142 5687 1274 5766 ultimo)
1291 5691 1359 5769 (2),
1391 5709 1481 5771 quae
1506 5686 1638 5752 seilicet
1662 5689 1885 5753 consuetudo
1910 5699 1963 5754 est
1993 5688 2217 5771 rationabilis,

830 5977 870 6040 (l)
890 5974 981 6027 Cone.
996 5974 1089 6044 Lugd.
1100 5974 1127 6025 Il
1141 5976 1243 6039 (1274),
1257 5973 1328 6026 Xlll
1342 5980 1371 6026 et
1384 5973 1488 6025 XXVI.
1507 5970 1566 6026 Csr.
1581 5972 1704 6039 lllansi,
1719 5972 1923 6028 Conciliorrun
1933 5974 2069 6038 collectio,
2080 5982 2099 6029 t.
2113 5975 2217 6035 xxiv.

741 6093 774 6104 -
789 6066 828 6132 (⁶2)
843 6079 867 6116 c.
881 6062 928 6115 fin.
943 6062 978 6115 X.
993 6061 1029 6114 (le
1044 6068 1174 6118 consuet.
1190 6061 1210 6115 l.
1224 6065 1249 6122 4.
