6700 7992
1029 1460 1063 1510 76
1394 1460 1584 1515 lllAGlSTRl
1614 1460 1833 1515 GODEFRlDl
1863 1463 1914 1516 DE
1942 1461 2140 1518 FONTIBUS

1031 1636 1203 1721 aliquibus
1232 1641 1410 1723 quomodo
1438 1640 1659 1724 Augustinus
1678 1646 1724 1717 (lt
1753 1644 1822 1706 hoc
1854 1665 1925 1706 non
1955 1642 2048 1721 vidit,
2073 1644 2131 1727 qui
2163 1654 2296 1707 tanturn
2325 1644 2505 1726 laboravit,

1029 1753 1167 1819 decimo
1185 1766 1218 1819 et
1242 1754 1452 1820 duodecimo
1478 1757 1521 1820 de
1550 1756 1698 1823 Civitate
1728 1757 1802 1837 1161,
1821 1771 1941 1823 6611116
1968 1758 2178 1843 positionem
2204 1759 2505 1845 philosophorum,

1030 1869 1073 1934 ad
1107 1872 1364 1935 ostendendum
1396 1873 1490 1954 quod
1522 1874 1673 1937 mundus
1707 1895 1777 1938 11611
1819 1874 1939 1939 fuisset
1979 1884 2152 1953 aeternus,
2188 1877 2231 1939 ad
2271 1877 2340 1941 hoc
2379 1878 2505 1942 multas

1030 1985 1180 2051 rationes
1212 1984 1423 2066 inducendo,
1453 1987 1533 2071 quia
1561 1990 1630 2053 hoc
1657 1988 1782 2054 fuisset
1810 1989 2051 2055 efficacissima
2079 1990 2134 2055 via
2161 1992 2205 2055 ad
2237 1990 2504 2076 improbandum

973 2085 976 2089 ‚
1029 2101 1265 2167 aeternitatem
1283 2102 1413 2181 mundi,
1433 2103 1563 2169 scilicet
1581 2126 1642 2188 per
1659 2105 1925 2193 repugnantiam
1952 2105 2156 2171 intellectus.
2175 2107 2277 2171 Hanc
2305 2107 2396 2171 enim
2414 2107 2504 2172 viam

1029 2218 1275 2303 praetermittit,
1305 2218 1388 2303 quin
1417 2219 1520 2283 immo
1552 2220 1688 2284 videtur
1718 2221 1863 2286 innuere
1893 2222 1987 2305 quod
2013 2244 2084 2286 non
2116 2221 2160 2286 sit
2191 2222 2237 2286 ibi
2273 2223 2504 2310 repugnantia

1029 2334 1276 2414 intellectuum,
1304 2346 1341 2399 ut
1370 2346 1462 2420 patet
1490 2357 1532 2400 ex
1561 2335 1733 2420 aliquibus
1761 2337 1861 2401 <lictis
1886 2337 1958 2401 suis
1991 2337 2046 2401 ibi.
2080 2337 2202 2402 Mirum
2231 2335 2333 2403 etiam
2367 2338 2503 2404 videtur

1028 2452 1206 2535 quomodo
1245 2450 1443 2537 philosophi
1485 2453 1751 2538 repugnantiam
1787 2455 1904 2517 hanc¹
1945 2452 2180 2518 intellectuum
2219 2476 2292 2518 non
2332 2453 2502 2519 viderunt.

1029 2567 1131 2633 Unde
1160 2587 1238 2631 cum
1268 2567 1392 2632 dicitur
1420 2569 1514 2651 quod
1543 2569 1587 2632 de
1616 2592 1653 2632 se
1683 2591 1753 2633 non
1779 2570 1884 2633 habet
1912 2590 2001 2642 esse,
2019 2570 2063 2632 ab
2090 2569 2158 2633 alio
2184 2569 2329 2653 acquirit
2354 2591 2443 2649 esse,
2469 2582 2502 2635 et

1029 2683 1122 2747 vadit
1139 2684 1182 2746 de
1207 2704 1278 2747 non
1304 2704 1382 2748 esse
1407 2683 1451 2747 ad
1476 2705 1565 2761 esse,
1592 2696 1625 2749 et
1653 2684 1747 2768 prius
1775 2685 1881 2749 habet
1905 2705 1975 2749 non
2001 2706 2080 2749 esse
2105 2707 2208 2768 quam
2233 2705 2312 2750 esse
2338 2698 2371 2751 et
2388 2685 2504 2751 omnia

1028 2801 1118 2878 16116,
1143 2800 1369 2888 intelligenda
1397 2810 1477 2864 sunt
1501 2799 1551 2864 sic
1576 2800 1670 2883 quod
1696 2799 1788 2864 istud
1816 2800 1864 2865 ire
1888 2813 1921 2865 et
1946 2800 2029 2864 illud
2055 2803 2184 2865 habere
2208 2823 2280 2865 non
2306 2821 2384 2866 esse
2409 2800 2505 2886 prius

1029 2930 1081 2983 est
1098 2917 1292 2981 secundum
1310 2926 1467 2979 naturam
1486 2925 1519 2979 et
1544 2916 1686 2980 modum
1711 2915 1936 3002 intelligendi,
1962 2938 2033 2980 non
2059 2917 2253 2981 seeundum
2276 2916 2505 2997 durationem,

1029 3045 1065 3097 ut
1092 3033 1224 3098 scilicet
1252 3033 1334 3116 quia
1361 3043 1518 3096 creatura
1545 3053 1635 3115 quae
1663 3032 1707 3095 de
1737 3054 1774 3096 se
1801 3054 1871 3095 non
1900 3033 2006 3096 habet
2034 3054 2113 3097 esse
2139 3034 2183 3096 61)
2216 3031 2282 3096 6116
2315 3034 2422 3098 habet
2450 3034 2504 3098 vel

1028 3148 1155 3234 accipit
1179 3170 1258 3214 esse
1283 3162 1316 3213 et
1341 3159 1464 3213 cetera.

1117 3265 1207 3331 Cum
1239 3265 1341 3330 etiam
1374 3263 1498 3328 dicitur
1527 3263 1622 3347 quod
1654 3263 1682 3327 si
1716 3264 1866 3327 mundus
1898 3284 2035 3347 semper
2073 3262 2182 3327 fuisse
2222 3264 2404 3348 potuisset,
2435 3266 2505 3330 hoc

1028 3380 1142 3466 posito
1170 3380 1205 3445 in
1234 3402 1322 3457 6336,
1353 3380 1502 3443 mundus
1532 3401 1708 3462 nunquam
1739 3378 1909 3463 potuisset
1944 3401 2014 3443 non
2044 3379 2161 3456 fuisse,
2190 3379 2378 3444 dicendum
2407 3380 2503 3464 quod

1029 3496 1206 3583 potentiae
1239 3496 1424 3560 rationales
1456 3505 1537 3559 sunt
1569 3496 1613 3559 ad
1645 3495 1818 3579 opposita.
1853 3496 1954 3560 Unde
1997 3496 2092 3559 Deus
2133 3497 2176 3559 ab
2218 3506 2361 3561 aeterno
2395 3494 2507 3580 potuit

1028 3614 1144 3678 iacere
1173 3623 1206 3677 et
1234 3633 1304 3677 non
1334 3613 1460 3690 166616,
1489 3624 1523 3676 61
1549 3611 1583 3674 111
1614 3611 1690 3675 Deo
1718 3610 1812 3675 fuit²
1835 3611 1936 3674 simul
1961 3612 2004 3674 ab
2030 3623 2172 3675 aeterno
2197 3633 2305 3696 posse
2329 3611 2455 3699 facere,
2473 3621 2506 3676 et

1028 3751 1099 3793 non
1116 3729 1243 3804 facere,
1262 3737 1295 3792 et
1311 3749 1416 3812 posse
1433 3726 1663 3792 determinare
1681 3748 1719 3791 se
1744 3727 1787 3791 ad
1815 3727 1930 3791 facere
1955 3727 2008 3791 vel
2033 3748 2104 3791 non
2130 3727 2256 3806 facere,
2277 3726 2349 3791 sive
2375 3726 2505 3815 eligere

1029 3845 1082 3909 vel
1107 3844 1195 3909 velle
1223 3844 1340 3908 166616
1368 3843 1422 3907 vel
1453 3864 1524 3906 non
1551 3843 1676 3908 facere.
1696 3842 1739 3906 Et
1766 3842 1794 3906 si
1823 3843 1973 3906 mundus
2002 3842 2118 3906 factus
2146 3841 2270 3906 suisset
2294 3843 2338 3905 ab
2363 3852 2506 3907 aeterno

1030 3960 1200 4037 absolute,
1228 3972 1343 4023 tamen
1372 3960 1468 4023 Deus
1497 3980 1635 4042 semper
1663 3957 1834 4041 potuisset
1862 3957 1975 4041 ipsum
2005 3958 2119 4022 lacere
2147 3958 2200 4022 vel
2226 3978 2297 4021 non
2323 3956 2448 4035 166616,
2473 3968 2507 4022 61

1030 4075 1281 4140 determinasse
1310 4095 1348 4139 36
1377 4074 1419 4138 ad
1450 4074 1565 4139 facere
1593 4074 1649 4138 vel
1677 4095 1749 4137 non
1778 4074 1893 4137 facere
1921 4072 1994 4138 sive
2017 4073 2167 4159 elegisse
2196 4073 2250 4136 vel
2275 4071 2362 4137 velle
2391 4073 2506 4138 facere

843 4150 1007 4277 fopquovvb
1031 4200 1065 4255 et
1081 4212 1152 4255 non
1170 4191 1295 4255 166616.
1322 4189 1363 4254 Et
1380 4189 1486 4254 libere
1516 4196 1520 4271 l
1552 4191 1597 4253 ad
1622 4189 1738 4253 facere
1763 4190 1806 4252 61)
1830 4199 1972 4253 66161116
1990 4210 2028 4253 36
2053 4187 2318 4252 determinasset
2342 4199 2375 4252 et
2400 4187 2507 4254 libere

1031 4306 1181 4384 16613361,
1210 4306 1245 4370 id
1274 4317 1326 4371 est
1353 4327 1417 4370 sua
1443 4304 1552 4369 libera
1578 4305 1758 4370 voluntate
1787 4305 1830 4368 61)
1859 4304 1935 4389 ipso
1964 4306 2008 4368 61)
2037 4316 2178 4368 66161116
2208 4324 2286 4368 6336
2317 4303 2506 4383 habuisset,

1031 4422 1076 4487 ita
1097 4422 1243 4487 tamen³
1270 4423 1365 4506 quod
1389 4423 1550 4486 absolute
1579 4421 1759 4505 loquendo
1788 4419 1887 4484 etiam
1915 4419 2020 4483 libera
2046 4420 2223 4484 voluntate
2248 4419 2418 4503 potuisset
2434 4440 2507 4482 non

1030 4538 1197 4604 habuisse
1225 4560 1313 4603 esse.
1344 4537 1450 4602 Sicut'
1470 4559 1555 4624 ergo
1584 4558 1622 4601 se
1649 4535 1891 4601 determinavit
1919 4535 1963 4598 ad
1992 4535 2106 4598 166616
2134 4534 2207 4598 sive
2235 4536 2279 4599 ad
2310 4537 2379 4599 1166
2411 4535 2507 4618 quod

1030 4655 1181 4719 mundus
1206 4665 1297 4719 esset
1322 4655 1365 4717 ab
1390 4654 1478 4738 ipso,
1503 4652 1554 4718 sic
1578 4654 1684 4716 habet
1709 4673 1788 4717 esse
1812 4653 1856 4714 ab
1882 4650 1969 4735 ipso,
1994 4661 2028 4715 et
2052 4649 2131 4715 ideo
2160 4651 2273 4715 solum
2305 4673 2346 4715 ex
2378 4671 2507 4735 suppo·

1030 4770 1155 4835 sitione
1183 4771 1335 4834 mundus
1367 4771 1411 4835 de
1443 4769 1651 4835 necessitate
1685 4769 1789 4833 habet
1821 4788 1899 4833 esse
1931 4788 2061 4831 novum
2094 4788 2113 4829 a
2146 4767 2233 4845 Deo,
2262 4766 2343 4850 quia
2375 4765 2507 4831 scilicet

1030 4888 1128 4953 Deus
1155 4886 1262 4952 libere
1291 4906 1329 4952 36
1357 4884 1598 4951 determinavit
1626 4886 1670 4949 ad
1702 4885 1770 4948 hoc
1802 4883 1897 4966 (quod
1931 4882 2040 4945 voluit
2072 4883 2237 4945 mundum
2270 4881 2321 4946 316
2352 4902 2431 4946 6336
2462 4881 2506 4945 ab

1029 5002 1107 5088 ipso
1151 5003 1201 5068 Ex
1228 5024 1298 5087 quo
1327 5013 1442 5067 autem
1470 5001 1521 5066 sic
1548 5022 1586 5065 se
1621 4998 1861 5065 determinavit
1891 5019 1963 5062 non
1995 4997 2108 5082 potuit
2142 5020 2214 5062 non
2246 4997 2506 5076 determinasse,

1031 5131 1063 5185 et
1087 5120 1167 5185 ideo
1193 5142 1233 5185 ex
1258 5118 1500 5204 suppositione
1525 5117 1676 5180 mundus
1701 5115 1798 5179 aliter
1821 5116 1865 5178 61)
1890 5113 1967 5199 ipso
1991 5135 2064 5178 non
2088 5112 2200 5198 potuit
2224 5134 2312 5179 esse.
2330 5113 2401 5179 Sed
2426 5111 2507 5197 quia

1030 5239 1190 5303 absolute
1218 5236 1395 5319 loquendo
1424 5234 1516 5298 nulla
1545 5231 1755 5296 necessitate
1784 5231 1828 5295 ad
1854 5232 1922 5294 1166
1953 5252 1991 5293 se
2020 5229 2271 5308 determinavit,
2300 5230 2363 5293 sed
2395 5227 2508 5313 potuit

1030 5376 1068 5418 se
1100 5352 1350 5418 determinasse
1379 5351 1423 5415 ad
1452 5349 1548 5413 aliter
1576 5348 1703 5425 facere,
1728 5346 1808 5410 ideo
1837 5347 1996 5410 absolute
2025 5346 2203 5429 loquendo
2228 5345 2378 5408 mundus
2403 5343 2506 5409 etiam

1030 5491 1100 5533 non
1129 5467 1179 5533 316
1208 5468 1252 5532 de
1279 5488 1374 5530 novo
1402 5467 1445 5529 de
1473 5462 1683 5529 necessitate
1712 5471 1765 5526 est
1792 5462 1916 5526 sactus.
1947 5460 1983 5526 Si
2002 5460 2105 5525 etiarn
2135 5459 2257 5524 luisset
2282 5461 2326 5523 ab
2351 5471 2507 5539 aetern0,

1121 5784 1128 5813 ¹
1143 5799 1197 5835 6111.
1212 5780 1243 5834 P.
1257 5812 1289 5819 -
1305 5777 1416 5832 ²luerit
1430 5778 1459 5831 P.
1471 5810 1504 5817 --
1518 5778 1529 5809 ³
1542 5795 1588 5830 om
1612 5777 1642 5830 P.

1118 5989 1155 6057 (lt
1177 5985 1236 6039 (11.
1257 5983 1497 6053 Augustinus,
1522 5982 1565 6035 De
1589 5980 1719 6034 (fluitare
1741 5977 1797 6029 oei
1818 5977 1834 6029 l.
1850 5977 1885 6042 X,
1905 5993 1929 6028 6.
1944 5978 1976 6029 31
1999 5975 2041 6041 tl'.
2066 5975 2105 6040 L.,
2124 5976 2238 6039 66141,
2258 5975 2313 6029 col.
2326 5978 2405 6041 ullu
2425 5974 2442 6027 l.
2456 5973 2507 6040 Xl,

1030 6096 1054 6132 c.
1068 6081 1085 6131 4
1100 6076 1164 6139 [col.
1178 6078 1259 6139 utun
1273 6074 1290 6126 l.
1304 6072 1369 6135 Xll,
1382 6089 1406 6125 c.
1423 6075 1455 6125 lt')
1468 6080 1497 6124 61
1513 6074 1546 6124 ld
1560 6069 1625 6136 tcol.
1640 6069 1779 6130 ttouttttttjt.
