6700 7992
1336 1439 1552 1496 SECUNDUM
1581 1439 1882 1511 Quouiinsrun,
1910 1440 1946 1510 Q.
1971 1439 2000 1493 11
2372 1443 2408 1493 57

929 1619 1141 1688 conditionis
1159 1619 1299 1686 essendi
1317 1619 1371 1683 vel
1387 1639 1460 1683 non
1477 1617 1628 1684 essendi.
1646 1617 1690 1682 Et
1705 1616 1782 1682 talis
1800 1627 1995 1701 conceptus
2012 1627 2066 1683 est
2081 1615 2189 1683 solius
2206 1616 2408 1703 quidditatis

929 1749 963 1803 et
994 1735 1168 1802 essentiae
1199 1735 1257 1815 rei,
1287 1755 1329 1800 ea
1355 1733 1489 1800 ratione
1521 1755 1590 1819 qua
1622 1743 1674 1799 est
1706 1732 1882 1817 quidditas
1914 1744 1949 1798 et
1979 1731 2142 1814 essentia,
2170 1754 2276 1818 supra
2303 1755 2407 1819 quam

928 1853 1124 1918 secundum
1148 1851 1214 1916 tale
1239 1871 1318 1916 esse
1342 1851 1437 1934 quod
1462 1851 1567 1913 habet
1583 1848 1618 1913 in
1639 1847 1787 1934 simplici
1812 1849 1938 1913 mentis
1963 1860 2139 1934 conceptu
2163 1849 2330 1914 fundatur
2347 1869 2409 1934 per

929 1989 968 2034 se
999 1967 1127 2033 veritas
1159 1965 1436 2042 enuntiationum
1472 1966 1515 2029 de
1552 1962 1769 2030 inhaerentia
1804 1963 1990 2043 essentiali,
2023 1974 2060 2030 ut
2091 1964 2186 2049 quod
2218 1963 2324 2030 homo
2356 1973 2409 2030 est

930 2085 1047 2162 h0m0,
1076 2082 1242 2148 Socrates
1270 2091 1322 2147 est
1349 2082 1466 2158 homo,
1495 2081 1602 2146 homo
1630 2091 1684 2145 est
1711 2079 1837 2144 animal
1865 2090 1899 2144 et
1927 2091 2063 2158 cetera;
2092 2090 2126 2145 et
2153 2100 2216 2164 per
2242 2078 2409 2146 accidens

931 2199 1097 2264 fundatur
1119 2219 1225 2282 super
1248 2198 1317 2262 hoc
1341 2197 1436 2280 quod
1460 2197 1567 2260 habet
1591 2216 1670 2260 esse
1694 2195 1774 2260 res¹
1800 2206 1896 2260 extra
1918 2194 1952 2259 in
1978 2194 2144 2279 partibuS,
2164 2195 2304 2262 dicente
2328 2194 2410 2261 Avi·

930 2334 1045 2381 cenna
1080 2311 1217 2398 primo²
1248 2311 1509 2396 Metaphysicae
1527 2315 1573 2394 (1)
1606 2311 1701 2394 quod
1734 2309 1992 2375 enuntiationes
2025 2331 2097 2376 non
2129 2321 2210 2376 sunt
2245 2309 2312 2376 nisi
2347 2332 2411 2397 per

931 2429 967 2495 id
991 2429 1085 2514 quod
1110 2429 1216 2493 habet
1230 2427 1242 2462 ³
1266 2447 1344 2492 esse
1361 2426 1395 2491 in
1413 2425 1528 2491 anima
1545 2438 1579 2491 et
1595 2426 1790 2492 secundum
1806 2424 1971 2491 accidens
1992 2437 2074 2491 sunt
2090 2447 2152 2511 per
2167 2425 2202 2490 id
2219 2427 2315 2511 quod
2330 2425 2342 2462 ⁸
2358 2435 2412 2492 est

932 2544 968 2610 in
1000 2542 1236 2609 exterioribus
1271 2542 1377 2624 Quod
1410 2541 1502 2607 enim
1533 2543 1639 2606 homo
1672 2551 1725 2606 est
1757 2541 1862 2605 homo
1890 2540 1945 2606 vel
1972 2541 2109 2621 animal,
2137 2543 2206 2607 hoc
2231 2542 2338 2607 habet
2369 2561 2412 2607 ex

933 2659 1140 2726 certitudine
1165 2680 1251 2723 suae
1275 2657 1460 2736 essentiae,
1478 2679 1581 2741 quam
1606 2678 1678 2722 non
1702 2657 1808 2722 habet
1832 2658 1875 2721 ab
1901 2655 1969 2721 alio
1983 2656 2162 2737 effective,
2187 2656 2267 2742 quia
2295 2657 2411 2742 quoad

933 2774 1029 2841 hoc*
1046 2796 1117 2840 non
1134 2785 1188 2839 est
1212 2772 1353 2857 aliquod
1378 2773 1518 2852 lactum,
1535 2773 1598 2837 sed
1620 2773 1726 2837 habet
1749 2773 1818 2837 hoc
1842 2792 1884 2836 ex
1907 2772 1976 2836 hoc
2000 2772 2090 2856 quod
2112 2773 2219 2838 habet
2242 2770 2411 2838 rationem

934 2890 1115 2956 formalem
1139 2899 1174 2954 et
1198 2888 1430 2973 exemplarem
1454 2887 1490 2953 in
1514 2887 1693 2953 intellectu
1721 2887 1839 2952 divino
1863 2887 1898 2951 in
1923 2909 1993 2971 quo
2025 2898 2078 2953 est
2107 2887 2190 2973 quid
2222 2898 2411 2955 aeternum.

834 3055 836 3059 -
934 3006 978 3071 Et
1002 3016 1054 3071 est
1078 3006 1167 3070 haec
1191 3003 1318 3069 veritas
1343 3003 1532 3087 aequaliter
1555 3024 1592 3068 re
1616 3014 1711 3068 extra
1736 3002 1906 3068 existente
1930 3013 1963 3068 et
1987 3024 2059 3068 non
2084 3002 2264 3084 existente,
2281 3014 2316 3069 et
2331 3002 2412 3070 ideo

934 3121 1069 3186 ratione
1105 3118 1307 3185 huiusmodi
1342 3119 1444 3185 realis
1479 3118 1630 3184 entitatis
1666 3116 1861 3184 essentialis
1896 3118 2118 3185 verificantur
2153 3118 2413 3204 propositiones

933 3235 1132 3303 scientiales
1160 3236 1205 3301 de
1232 3234 1369 3314 talibus,
1394 3235 1498 3299 rebus
1526 3233 1628 3299 etiam
1657 3254 1729 3299 non
1758 3233 1996 3314 existentibus,
2021 3244 2055 3300 et
2082 3234 2126 3300 de
2154 3233 2239 3321 ipsis
2266 3245 2304 3300 ut
2330 3255 2413 3301 vere

934 3349 1080 3417 obiectis
1105 3371 1186 3416 vere
1211 3361 1264 3416 est
1287 3349 1442 3429 scientia,
1465 3348 1604 3416 dicente
1629 3347 1731 3414 etiam
1755 3349 1924 3436 Algazele
1940 3351 1987 3432 (2)
2005 3349 2040 3414 in
2057 3348 2189 3438 Logica
2212 3371 2297 3416 sua:
2322 3350 2413 3416 Cum

934 3465 1096 3554 intelligis
1125 3465 1208 3550 quid
1237 3475 1290 3531 est
1316 3466 1423 3530 homo
1452 3475 1486 3530 et
1512 3464 1595 3549 quid
1623 3463 1761 3542 animal,
1788 3485 1860 3529 non
1888 3474 1989 3549 potes
2016 3463 2209 3553 intelligere
2236 3465 2413 3532 hominem

934 3579 1011 3645 sine
1028 3579 1205 3645 intellectu
1223 3577 1390 3643 animalis.
1409 3577 1480 3644 Sed
1498 3599 1577 3643 cum
1602 3576 1766 3665 intelligis
1782 3576 1865 3662 quid
1883 3587 1936 3642 est
1952 3577 2058 3643 homo
2073 3577 2095 3658 ⁶,
2119 3598 2191 3644 non
2215 3589 2269 3645 est
2292 3599 2414 3645 neces·

934 3694 1064 3761 sarium
1087 3693 1280 3781 intelligere
1308 3693 1422 3778 ipsum
1450 3714 1538 3772 esse,
1563 3693 1617 3759 vel
1642 3713 1721 3758 esse
1749 3693 1877 3772 album,
1902 3692 1983 3777 quia
2010 3714 2089 3759 esse
2118 3692 2334 3761 accidentale
2362 3704 2415 3760 est

937 3809 1100 3877 omnibus
1117 3830 1207 3894 quae
1224 3819 1306 3874 sunt
1320 3807 1341 3889 ⁶,
1360 3807 1485 3873 animal
1502 3829 1585 3874 vero
1602 3820 1655 3873 est
1672 3807 1858 3873 essentiale
1882 3807 2024 3873 homini.
2041 3808 2145 3875 Unde
2162 3819 2279 3895 potest
2295 3807 2415 3894 quaeri

937 3946 1026 4010 quae
1054 3947 1110 3991 res
1138 3924 1255 4010 posuit
1282 3922 1460 3989 hominem
1485 3945 1564 3990 esse
1588 3924 1643 3989 vel
1667 3924 1798 3989 habere
1822 3944 1922 4002 esse,
1947 3924 2011 3989 sed
2035 3945 2108 3989 non
2132 3934 2185 3990 est
2207 3944 2290 3990 vera
2313 3923 2415 3991 inter·

935 4041 1072 4130 rogatio
1100 4063 1170 4126 qua
1196 4039 1372 4125 quaeritur
1400 4061 1490 4125 quae
1517 4061 1573 4105 res
1601 4038 1718 4125 posuit
1749 4037 1926 4105 hominem
1959 4060 2038 4106 esse
2066 4039 2203 4120 animal,
2231 4039 2322 4107 sicut
2348 4062 2416 4108 nec

936 4156 1113 4239 hominem
1139 4177 1219 4221 esse
1242 4155 1441 4220 hominem:
1466 4156 1573 4220 homo
1597 4153 1689 4219 enim
1714 4164 1768 4220 est
1790 4156 1898 4220 homo
1923 4165 1957 4221 et
1980 4153 2107 4221 animal
2131 4155 2370 4222 essentialiter.

1026 4271 1221 4357 Loquendo
1246 4281 1361 4336 autem
1387 4271 1431 4336 de
1455 4269 1608 4336 essentia
1633 4280 1811 4335 creaturae
1836 4271 1953 4355 quoad
1977 4269 2218 4337 certitudinem
2244 4270 2319 4338 eius
2342 4293 2415 4338 non

937 4389 1049 4453 solum
1075 4397 1112 4453 ut
1135 4386 1187 4452 sic
1210 4386 1372 4452 absoluto
1397 4396 1573 4470 conceptu
1588 4385 1905 4470 comprehenditur,
1923 4387 1986 4452 sed
2003 4386 2048 4453 de
2064 4385 2271 4454 certitudine
2288 4386 2364 4454 eius
2379 4387 2416 4454 in

936 4525 976 4569 se
992 4503 1079 4588 ipsa,
1097 4502 1148 4568 sic
1165 4503 1260 4567 nullo
1278 4501 1385 4566 modo
1403 4523 1465 4587 per
1481 4500 1750 4566 indifferentiam
1766 4522 1805 4567 se
1821 4502 1928 4567 habet
1951 4502 1996 4566 ad
2021 4523 2099 4568 esse
2124 4513 2158 4569 et
2181 4524 2254 4569 non
2278 4524 2357 4570 esse
2380 4503 2416 4569 in

1028 4786 1035 4816 ¹
1050 4782 1079 4838 in
1092 4784 1161 4838 add.
1175 4785 1206 4838 P.
1221 4817 1253 4824 —
1268 4785 1279 4816 ²
1292 4784 1408 4838 decimo
1428 4785 1459 4838 P.
1474 4817 1506 4824 —
1520 4785 1531 4816 ⁸
1544 4785 1634 4837 habet
1647 4817 1680 4823 -
1695 4783 1784 4854 quod]
1804 4802 1850 4838 om
1871 4785 1901 4839 P.
1917 4816 1949 4824 -
1970 4788 1980 4817 ⁴
1993 4786 2071 4856 quod
2091 4787 2161 4840 add.
2182 4787 2212 4841 P.
2226 4819 2259 4826 —
2276 4789 2287 4818 ⁸
2299 4787 2370 4859 quid
2383 4819 2416 4828 —-

937 4872 1036 4941 homo]
1053 4890 1107 4925 om.
1122 4872 1153 4925 P.
1168 4904 1201 4911 —
1215 4875 1226 4903 ⁰
1239 4889 1315 4943 quae
1328 4875 1406 4941 sunt]
1427 4890 1482 4925 om.
1497 4873 1528 4925 P.

1026 5080 1065 5145 (l)
1077 5076 1282 5131 Avicennae
1297 5077 1524 5146 Metaphysicae,
1537 5083 1621 5130 tract.
1633 5076 1653 5141 I,
1668 5093 1692 5130 c.
1706 5080 1723 5129 6
1737 5076 2084 5144 (Venetiis,1508,lol.72
2097 5079 2159 5144 Vb).
2172 5077 2417 5134 «Enuntiationes

937 5181 1041 5218 revera
1053 5181 1112 5218 non
1126 5172 1193 5218 sunt
1212 5163 1267 5218 nisi
1282 5182 1334 5235 per
1353 5163 1383 5217 id
1403 5163 1482 5235 quod
1495 5165 1604 5218 babeat
1617 5181 1683 5217 esse
1697 5163 1726 5217 in
1740 5163 1836 5217 anima
1849 5172 1879 5218 et
1892 5164 2053 5218 secundum
2072 5165 2212 5220 accidens
2231 5174 2298 5220 sunt
2315 5185 2368 5240 per
2386 5166 2418 5221 id

938 5251 1017 5323 quod
1035 5260 1082 5305 est
1100 5250 1130 5304 in
1149 5251 1350 5305 exterioribus.
1365 5273 1376 5300 >›
1393 5284 1425 5289 -
1441 5255 1480 5317 (2)
1493 5250 1680 5321 Algazelis
1694 5251 1831 5323 Logicae,
1845 5269 1869 5305 c.
1883 5254 1900 5305 3
1914 5252 2066 5319 (venetiis,
2080 5256 2158 5320 1506,
2171 5251 2221 5307 fol.
2234 5255 2312 5321 3Vb,
2324 5258 2343 5310 4
2355 5255 2417 5322 1³⁸).

939 5338 1039 5392 ‹Cum
1059 5337 1137 5391 enim
1150 5337 1290 5408 intelligis
1309 5337 1379 5409 quid
1399 5347 1444 5392 est
1463 5339 1551 5392 homo
1571 5346 1601 5391 et
1620 5338 1690 5408 quid
1710 5347 1756 5392 est
1774 5339 1881 5392 animal
1894 5357 1953 5393 non
1972 5347 2071 5410 potest
2090 5340 2254 5413 intelligere
2270 5342 2418 5398 hominem

938 5426 1001 5481 sine
1023 5424 1174 5479 intellectu
1196 5425 1356 5480 animalis...
1379 5425 1519 5480 Similiter
1542 5443 1607 5479 cum
1627 5424 1805 5479 intellexeris
1828 5426 1898 5497 quid
1921 5435 1967 5480 est
1985 5427 2073 5481 homo
2095 5444 2154 5482 non
2176 5437 2221 5483 est
2242 5446 2366 5485 necesse
2380 5437 2418 5486 te

938 5512 1103 5583 intelligere
1124 5530 1190 5566 eum
1210 5530 1276 5567 esse
1290 5513 1337 5566 vel
1358 5530 1424 5566 esse
1438 5513 1536 5566 album
1549 5530 1604 5566 nec
1618 5524 1716 5566 tamen
1734 5512 1847 5585 poteris
1860 5531 1926 5568 eum
1940 5513 2104 5587 intelligere
2117 5515 2173 5570 nisi
2185 5516 2334 5589 intelligas
2348 5517 2418 5590 quid

939 5608 984 5655 est
1006 5600 1141 5654 animal...
1162 5601 1243 5658 Pone
1263 5618 1334 5672 ergo
1355 5599 1434 5654 aliud
1453 5601 1618 5670 exemplum
1642 5600 1719 5654 sicut
1740 5601 1778 5654 de
1797 5600 1934 5672 phoenice
1956 5602 2004 5655 vel
2026 5592 2128 5674 aliquo'
2147 5604 2205 5659 alio
2227 5613 2367 5660 extraneo
2388 5613 2420 5660 et

938 5685 1175 5742 manifestabitur
1188 5687 1241 5741 tibi
1256 5687 1325 5759 quia
1340 5704 1406 5741 esse
1420 5687 1604 5741 accidentale
1618 5695 1662 5741 est
1682 5686 1826 5757 omnibus,
1841 5688 1948 5742 animal
1962 5707 2032 5743 vero
2052 5691 2210 5745 essentiale
2224 5700 2269 5746 est
2281 5692 2419 5748 homini...

938 5774 999 5829 Sed
1018 5792 1076 5829 non
1096 5783 1141 5829 est
1156 5792 1226 5829 vera
1239 5774 1431 5847 interrogatio
1445 5792 1503 5846 qua
1517 5774 1666 5845 quaeritur
1678 5792 1754 5846 quae
1772 5794 1819 5829 res
1833 5777 1932 5848 posuit
1945 5776 2091 5831 hominem
2111 5795 2178 5833 esse
2197 5779 2321 5834 animal:
2340 5779 2419 5835 idem

938 5862 1016 5917 enim
1037 5871 1082 5917 est
1102 5862 1201 5916 dicere
1221 5862 1287 5933 quis
1307 5862 1405 5933 posuit
1424 5862 1571 5916 hominem
1589 5879 1656 5917 esse
1675 5862 1792 5917 animal.
1812 5864 1952 5917 Dicemus
1971 5881 2043 5934 ergo
2063 5865 2142 5936 quod
2161 5866 2250 5921 homo
2269 5874 2315 5922 est
2330 5868 2419 5923 homo

940 5949 1137 6006 essentialiter
1151 5958 1180 6006 et
1193 5950 1282 6004 homo
1297 5959 1341 6005 est
1355 5950 1463 6004 animal
1476 5950 1705 6006 essentialiter.»

2314 6045 2333 6100 8
