6700 7992
1367 1449 1519 1508 PRIMUM
1548 1453 1847 1522 Quoonsssruu,
1873 1453 1909 1524 Q.
1935 1453 1990 1506 xn
2041 1417 2049 1429 ’
2382 1439 2411 1505 at

939 1629 1183 1698 detunctorum
1208 1630 1407 1696 huiusmodi
1439 1631 1562 1696 abusio
1595 1643 1629 1696 et
1659 1631 1779 1696 similis
1810 1632 2009 1697 nullatenus
2043 1633 2257 1712 observetur,
2283 1633 2346 1697 sed
2380 1643 2416 1697 ut

939 1749 1184 1814 defunctorum
1216 1769 1366 1833 corpora
1390 1747 1441 1813 sic
1465 1747 1569 1833 impie
1594 1759 1628 1813 et
1651 1748 1837 1814 crudeliter
1861 1770 1933 1814 non
1962 1759 2160 1828 tractentur,
2185 1749 2386 1814 deferantur
2407 1748 2415 1782 ¹

938 1863 974 1928 in
997 1865 1075 1930 loca
1098 1863 1134 1929 in
1158 1863 1284 1948 quibus
1310 1863 1467 1928 viventes
1493 1864 1675 1951 elegerunt
1699 1864 1836 1949 sepeliri
1861 1873 1920 1928 aut
1943 1864 1978 1929 in
2000 1865 2079 1930 loco
2104 1863 2164 1929 ubi
2188 1862 2414 1941 decesserint,

937 1981 993 2045 vel
1017 1981 1097 2045 loco
1122 1979 1237 2045 vicino
1263 1979 1521 2045 ecclesiasticae
1555 1975 1755 2065 sepulturae
1789 1980 1968 2045 tradantur
1996 1982 2040 2044 ad
2074 1990 2222 2065 tempus,
2247 1979 2294 2044 ita
2318 1980 2415 2065 quod

938 2096 1078 2162 demum
1102 2095 1300 2161 incineratis
1332 2094 1537 2180 corporibus
1562 2107 1621 2160 aut
1651 2095 1736 2160 alias
1761 2097 1806 2160 ad
1830 2094 1939 2162 loca²
1971 2095 2030 2160 ubi
2064 2096 2275 2182 sepulturam
2301 2097 2414 2183 elege-

937 2211 1004 2275 rint
1027 2212 1264 2295 deportentur.
1290 2211 1364 2275 Nos
1390 2210 1481 2275 enim
1510 2211 1539 2274 si
1570 2210 1692 2295 quae³
1722 2222 1844 2276 contra
1874 2211 2074 2277 huiusmodi
2105 2211 2215 2276 nostri
2239 2211 2355 2277 statuti
2380 2222 2415 2277 et

937 2326 1166 2392 ordinationis
1191 2338 1347 2391 tenorem
1364 2326 1635 2411 praesumpserit
1652 2327 1775 2412 aliquis
1792 2337 1971 2406 attentare,
1996 2328 2241 2393 defunctorum
2265 2348 2413 2412 corpora

937 2441 1170 2507 inhumaniter
1204 2451 1238 2507 et
1274 2441 1459 2507 crudeliter
1496 2444 1752 2526 pertractando
1792 2442 2161 2508 excommunicationis
2204 2442 2411 2508 sententiam

937 2556 1013 2643 ipso
1038 2558 1131 2623 facto
1165 2557 1396 2645 cognoverint
1420 2557 1489 2623 se⁴
1522 2557 1724 2623 incursuros
1749 2570 1783 2623 et
1815 2558 2040 2624 nihilominus
2073 2558 2129 2625 ille
2161 2558 2260 2624 cuius
2284 2580 2413 2644 corpus

936 2673 1000 2739 fuit
1024 2673 1074 2738 sic
1099 2672 1292 2738 immaniter
1316 2685 1560 2758 pertractatum
1586 2673 1825 2739 ecclesiastica
1849 2685 1965 2740 careat
1989 2675 2175 2760 sepultura.

1505 3184 1746 3267 QUAESTIO
1772 3183 1843 3249 XII.

932 3435 1039 3534 Quis
1067 3436 1229 3510 illorum
1254 3437 1430 3537 gravius
1454 3441 1598 3534 peccat
1616 3434 1675 3510 vel
1699 3435 1770 3536 qui
1797 3435 1959 3510 omnino
1989 3462 2069 3511 non
2097 3436 2183 3510 vult
2210 3435 2414 3535 baptizari

1115 3571 1175 3645 vel
1202 3570 1274 3671 qui
1300 3570 1544 3669 baptismum
1573 3569 1755 3644 cirrose
1784 3569 1917 3668 ipsum
1946 3569 2032 3643 vult
2072 3569 2223 3644 iterari.

1022 3927 1149 3990 Postea
1166 3925 1258 3991 circa
1276 3925 1484 4010 pertinentia
1501 3925 1545 3989 ad
1562 3936 1661 3990 actus
1677 3923 1823 3990 vitiosos
1841 3926 2099 4008 quaerebantur
2121 3925 2202 4004 duc,
2226 3946 2333 3989 unum
2359 3934 2413 3989 est

933 4054 1095 4126 respectu
1124 4053 1347 4126 contemptus
1375 4039 1583 4107 sacramenti
1609 4039 1784 4124 baptismi,
1812 4039 1974 4105 videlicet
2002 4039 2079 4124 quis
2107 4039 2242 4105 illorum
2269 4039 2410 4127 gravius

933 4169 1055 4241 peccat
1077 4168 1109 4222 et
1127 4156 1225 4242 peior
1245 4168 1297 4221 est
1313 4156 1485 4222 dicendus
1501 4157 1556 4221 vel
1573 4155 1632 4241 qui
1649 4155 1792 4220 omnino
1810 4176 1881 4220 non
1899 4156 1970 4220 vult
1990 4155 2157 4241 baptizari
2173 4155 2229 4221 vel
2249 4155 2308 4241 qui
2327 4156 2409 4240 bap-

932 4271 1069 4337 tismum
1094 4272 1186 4337 circa
1211 4272 1364 4356 seipsum
1390 4273 1463 4337 vult
1486 4271 1609 4336 iterari.
1638 4272 1683 4336 Et
1709 4272 1919 4358 arguebatur
1946 4273 2040 4355 quod
2068 4270 2124 4337 ille
2152 4271 2210 4356 qui
2238 4293 2309 4337 non
2339 4271 2411 4336 vult

931 4387 1100 4472 baptizari
1130 4387 1272 4474 gravius
1302 4399 1433 4472 peccet,
1459 4387 1539 4471 quia
1568 4387 1668 4472 peius
1698 4398 1750 4452 est
1778 4399 1811 4452 et
1834 4386 1974 4451 maioris
1998 4387 2158 4452 desectus
2183 4408 2255 4452 non
2278 4388 2409 4452 habere

932 4503 1081 4588 aliquam
1098 4503 1244 4568 formam
1262 4524 1329 4569 nec
1346 4503 1448 4568 etiam
1466 4502 1733 4588 dispositionem
1751 4503 1795 4567 ad
1813 4502 1915 4582 illam,
1933 4524 2036 4587 quam
2052 4524 2123 4567 non
2141 4503 2271 4567 habere
2295 4502 2407 4567 solum

931 4618 1131 4684 huiusmodi
1148 4619 1303 4698 formam,
1321 4621 1451 4684 babere
1469 4631 1584 4684 tamen
1603 4604 1870 4703 dispositionem
1888 4619 1932 4682 ad
1950 4617 2050 4682 illam.
2069 4618 2141 4683 Sed
2158 4619 2281 4684 nolens
2298 4617 2408 4704 bapti·
2503 4683 2522 4738 d
2541 4685 2567 4738 V

840 4753 841 4756 ’
930 4735 1010 4815 zari,
1029 4756 1131 4800 exeo
1156 4735 1249 4819 quod
1278 4745 1282 4818 t
1315 4756 1386 4799 non
1412 4734 1607 4820 baptizatur
1631 4746 1727 4800 caret
1750 4755 1822 4798 non
1838 4734 1950 4799 solum
1967 4733 2078 4821 gratia
2094 4745 2230 4821 gratum
2248 4733 2408 4813 faciente,
2437 4701 2602 4809 loliabbva

931 4850 1115 4916 sedetiam
1136 4849 1366 4935 dispositione
1395 4851 1438 4915 ad
1468 4849 1558 4915 illam
1586 4848 1718 4915 scilicet
1746 4851 1955 4915 charactere.
1973 4850 2051 4913 Hac
2079 4860 2290 4936 autemnon
2315 4859 2410 4916 caret

931 4965 988 5050 qui
1005 4966 1127 5031 iterum
1146 4965 1349 5051 baptizatur,
1367 4965 1448 5031 licet
1463 4966 1573 5053 gratia
1591 4977 1716 5032 careat.
1735 4965 1853 5048 Quare
1871 4976 1905 5031 et
1921 4976 2046 5031 cetera.

975 5081 1117 5147 Contra.
1141 5081 1276 5148 Dicitur
1302 5083 1460 5147 secunda
1492 5081 1583 5147 Petri
1601 5084 1647 5161 (1)
1681 5083 1839 5147 secundo
1868 5082 1961 5166 quod
1989 5082 2122 5160 melius,
2150 5079 2185 5144 id
2213 5091 2267 5146 est
2294 5080 2409 5145 minus

930 5198 1058 5262 malum
1083 5209 1136 5262 est
1159 5218 1230 5263 non
1255 5217 1473 5285 cognoscere
1497 5197 1587 5262 viam
1611 5197 1761 5262 iustitiae
1783 5220 1886 5282 quam
1905 5208 1985 5282 post
2001 5195 2268 5284 aggressionem
2285 5195 2407 5262 iterum

930 5311 1064 5378 reverti.
1083 5312 1154 5380 Sed
1178 5311 1237 5397 qui
1261 5313 1384 5378 iterum
1408 5313 1651 5398 baptizatur,a
1675 5312 1804 5377 iustitia
1827 5312 1909 5377 fidei
1934 5334 2038 5396 quam
2062 5311 2184 5376 habuit
2207 5311 2377 5396 exprimo
2397 5310 2409 5346 ⁶

930 5439 1010 5493 actu
1026 5427 1227 5513 baptizandi
1256 5439 1443 5493 retrorsum
1464 5428 1548 5493 abiit
1571 5450 1634 5514 per
1655 5430 1850 5522 secundum
1875 5440 2001 5507 actum,
2027 5427 2107 5511 quia
2130 5425 2328 5492 haereticus
2356 5436 2409 5492 est

1020 5742 1027 5771 ¹
1047 5739 1183 5793 deserant
1196 5740 1226 5793 P.
1246 5771 1278 5779 -
1300 5739 1418 5794 ²locum
1432 5740 1462 5792 P.
1484 5772 1516 5779 -
1536 5741 1547 5771 ³
1566 5741 1615 5811 qui
1629 5739 1663 5793 V.
1685 5743 1740 5778 —⁴
1761 5758 1816 5794 om.
1831 5741 1864 5792 V.
1879 5772 1911 5779 —
1932 5741 1973 5793 ⁶a
1986 5738 2096 5793 iustitia
2117 5771 2149 5778 -
2169 5738 2274 5810 primo]
2295 5739 2364 5793 licet
2377 5739 2407 5793 P.

1018 5974 1057 6038 (l)
1072 5970 1105 6025 C.
1124 5970 1160 6036 11,
1174 5988 1200 6023 v,
1214 5973 1257 6024 21.
1271 5990 1284 6021 r
1300 5970 1404 6024 Melius
1427 5970 1504 6024 enim
1526 5970 1581 6024 erit
1603 5969 1659 6024 illis
1682 5988 1741 6024 non
1766 5988 1948 6041 cognoscere
1967 5970 2045 6024 viam
2069 5970 2206 6039 iustitiae,
2231 5988 2317 6041 quam
2340 5977 2408 6041 post

927 6057 1107 6128 agnitionem
1126 6065 1285 6112 retrorsum
1306 6059 1437 6113 converti
1458 6059 1495 6112 ab
1515 6075 1560 6126 eo,
1581 6058 1661 6130 quod
1681 6057 1737 6112 illis
1757 6057 1895 6112 traditum
1916 6065 1961 6112 est
1980 6066 2084 6113 sancto
2104 6059 2283 6114 mandato».
