6700 7992
1040 1457 1090 1507 104
1402 1452 1593 1507 MAGISTRI
1622 1426 1842 1506 GODEFRlDl
1872 1452 1923 1504 DE
1953 1451 2151 1507 FONTlBUS

1038 1656 1141 1699 unam
1173 1634 1366 1699 secundum
1391 1654 1463 1698 rem
1488 1632 1689 1699 successive
1714 1631 1748 1696 in
1773 1631 1930 1710 diversis,
1955 1642 1989 1697 et
2013 1633 2081 1697 hoc
2105 1642 2246 1717 propter
2280 1632 2516 1701 diversitatem

1037 1749 1112 1814 eius
1144 1751 1271 1815 realem
1303 1771 1323 1814 a
1355 1748 1484 1815 formis.
1510 1749 1614 1815 Unde
1645 1748 1980 1832 Commentator(l),
2005 1748 2215 1813 duodecimo
2240 1749 2515 1835 Metaphysicae,

876 1921 979 1975 MP
1037 1865 1185 1949 loquens
1210 1866 1253 1930 de
1278 1864 1420 1931 materia
1449 1864 1552 1931 dicit:
1588 1864 1755 1929 «unum¹
1788 1885 1934 1929 numero
1958 1874 2074 1949 potest
2098 1863 2243 1930 inveniri
2277 1864 2312 1929 in
2337 1865 2517 1951 pluribus;

844 1990 1014 2047 fol.145Va
1036 1982 1105 2045 hoc
1130 1993 1245 2046 autem
1270 2003 1341 2046 non
1367 1979 1567 2068 intelligitur
1583 1981 1628 2045 de
1653 2001 1696 2045 eo
1721 1980 1816 2064 quod
1841 1990 1893 2045 est
1918 1979 1951 2045 in
1977 1990 2066 2060 actu,
2091 1980 2154 2045 sed
2180 2002 2243 2047 ens
2268 1980 2302 2045 in
2329 1983 2333 2066 l
2358 1981 2516 2068 potentia

845 2063 1016 2189 sofflgfflvva
1056 2098 1060 2180 Ι
1093 2117 1200 2160 unum
1225 2117 1370 2161 numero
1402 2108 1621 2182 potestesse
1655 2117 1840 2161 commune
1873 2094 2038 2180 pluribus.
2064 2095 2157 2179 Quia
2187 2095 2279 2161 enim
2313 2099 2517 2164 nonhabet

1037 2210 1249 2277 differentias
1274 2212 1400 2296 quibus
1426 2212 1538 2278 differt
1562 2212 1595 2277 in
1621 2211 1769 2300 singulis
1793 2211 1980 2276 individuis
2014 2222 2048 2277 et
2078 2211 2204 2296 quibus
2238 2211 2411 2278 invenitur
2441 2214 2516 2300 plu·

1035 2327 1151 2393 ralitas
1176 2327 1211 2392 in
1235 2349 1381 2394 numero
1406 2328 1557 2394 dicitur²
1580 2349 1659 2393 esse
1684 2350 1801 2407 unum,
1824 2339 1858 2393 et
1883 2327 1964 2412 quia
1987 2338 2082 2393 caret
2098 2329 2209 2392 forma
2228 2349 2296 2413 qua
2313 2349 2368 2394 res
2391 2329 2518 2395 dicitur

1036 2464 1115 2509 esse
1139 2465 1210 2508 rma
1234 2465 1378 2509 numero
1404 2443 1528 2509 dicitur
1552 2464 1631 2509 esse
1660 2464 1846 2509 commune
1875 2443 2031 2529 pluribus
2055 2445 2160 2509 rebus
2184 2443 2219 2508 in
2244 2465 2412 2522 numero;
2442 2466 2516 2511 non

1036 2559 1117 2644 quia
1140 2562 1268 2625 habeat
1292 2560 1437 2624 formam
1462 2580 1684 2625 communem
1709 2558 1798 2624 sicut
1815 2569 1868 2624 est
1885 2559 1919 2623 in
1936 2581 2067 2647 genere
2085 2598 2136 2638 -,
2155 2559 2287 2625 formae
2305 2559 2398 2625 enim
2421 2581 2516 2627 com·

1036 2697 1159 2741 munes
1183 2675 1218 2741 in
1243 2675 1369 2761 quibus
1394 2674 1617 2741 inveniuntur
1642 2674 1853 2747 universalia
1877 2689 1958 2740 sunt
1983 2675 2076 2740 entia
2109 2675 2143 2740 in
2179 2675 2349 2760 potentia3
2375 2689 2409 2741 et
2433 2675 2515 2744 ideo

1035 2791 1123 2857 scire
1148 2791 1277 2877 aliquid
1301 2791 1496 2857 secundum
1521 2792 1615 2876 quod
1647 2802 1700 2857 est
1725 2790 1919 2857 universale
1944 2790 2118 2857 est-seire
2150 2790 2184 2856 in
2219 2791 2383 2877 potentia.
2410 2792 2516 2858 Com·

1036 2907 1223 2974 municatio
1248 2929 1333 2995 ergo
1358 2928 1447 2992 quae
1472 2906 1673 2995 intelligitur
1697 2907 1731 2971 in
1756 2906 1876 2972 formis
1908 2907 2151 2972 communibus
2180 2909 2285 2973 habet
2316 2929 2394 2973 esse
2419 2921 2516 2975 extra

1035 3023 1183 3088 animam
1209 3022 1243 3087 in
1268 3023 1434 3108 potentia,
1459 3022 1525 3087 ista
1549 3033 1665 3088 autem
1689 3022 1959 3088 communicatio
1980 3045 2070 3106 quae
2095 3022 2295 3108 intelligitur
2319 3023 2353 3088 in
2370 3023 2515 3090 materia

1034 3149 1086 3204 est
1111 3161 1196 3225 pura
1225 3138 1382 3225 privati0,
1407 3159 1485 3203 cum
1511 3160 1583 3203 non
1607 3138 1818 3227 intelligatur
1842 3138 1907 3202 nisi
1932 3139 2125 3204 secundum
2151 3137 2362 3204 ablationem
2386 3140 2513 3205 forma·

1033 3277 1108 3319 rum
1133 3255 1347 3320 diversarum
1372 3253 1633 3319 individualium
1659 3257 1704 3319 ab
1729 3276 1771 3319 ea
1789 3285 1814 3318 ».

1124 3372 1317 3450 Praeterea,
1342 3370 1509 3457 sigerius
1544 3370 1638 3435 dicat
1672 3369 1773 3435 aliam
1799 3371 1943 3436 formam
1978 3370 2114 3435 realiter
2145 3392 2165 3435 a
2196 3371 2401 3453 differentia,
2427 3393 2513 3459 ergo

1033 3487 1171 3572 species
1196 3499 1249 3553 est
1273 3486 1452 3572 quoddam
1489 3485 1721 3571 compositum
1757 3507 1799 3551 ex
1835 3486 1978 3551 materia
2014 3498 2048 3552 et
2082 3485 2240 3571 pluribus
2275 3486 2404 3552 formis.
2441 3488 2514 3555 Sed

1033 3625 1114 3690 pars
1138 3624 1211 3668 non
1235 3602 1454 3688 praedicatur
1478 3603 1522 3667 de
1546 3612 1619 3667 toto
1644 3601 1709 3666 nisi
1735 3601 2013 3680 denominative;
2032 3623 2116 3689 ergo
2133 3623 2205 3667 non
2222 3623 2303 3668 vere
2320 3603 2512 3669 diceretur:

1032 3721 1139 3785 homo
1163 3731 1216 3784 est
1239 3717 1443 3798 substantia,
1468 3718 1531 3783 sed
1556 3716 1829 3783 substantialitas
1858 3718 1913 3782 vel
1937 3717 2146 3783 huiusmodi.
2172 3718 2208 3783 Si
2235 3731 2349 3783 autem
2377 3718 2514 3785 dicatur

1033 3836 1129 3921 quod
1164 3835 1268 3900 immo
1303 3856 1417 3923 genus
1452 3834 1673 3919 praedicatur
1708 3836 1751 3898 de
1775 3833 1894 3919 specie
1929 3855 1991 3918 per
2025 3856 2063 3898 se
2100 3844 2133 3898 et
2164 3822 2403 3914 essentialiter,
2438 3857 2511 3901 non

1034 3950 1302 4031 denominative,
1332 3949 1413 4035 quia
1446 3971 1561 4035 genus
1585 3971 1657 4015 non
1692 3949 1880 4035 imponitur
1903 3950 2060 4034 praecise
2085 3949 2130 4014 illi
2164 3950 2297 4015 formae
2322 3950 2395 4016 sive
2419 3972 2513 4016 com·

1033 4067 1149 4154 posito
1174 4089 1215 4134 ex
1240 4066 1382 4132 materia
1406 4077 1440 4131 et
1464 4066 1520 4131 illa
1543 4065 1653 4152 prima
1677 4067 1798 4145 iorma,
1824 4066 1887 4131 sed
1911 4065 1974 4131 toti
2008 4066 2207 4151 composito
2244 4067 2420 4152 completo
2445 4069 2512 4133 sub
2533 4064 2535 4069 ’

1033 4184 1165 4249 ratione
1202 4193 1318 4249 tamen
1352 4181 1554 4268 incompleti
1589 4193 1623 4247 et
1658 4181 1922 4260 indeterminati,
1955 4184 2025 4247 hoc
2057 4182 2192 4246 videtur
2227 4203 2306 4248 esse
2330 4182 2434 4248 fictio.
2460 4184 2512 4249 Ex

1033 4321 1102 4385 quo
1135 4299 1227 4365 enim
1259 4299 1368 4365 forma
1399 4297 1538 4386 generis
1577 4308 1630 4362 est
1661 4297 1775 4387 aliqua
1810 4298 1921 4362 forma
1953 4297 2088 4363 realiter
2123 4297 2190 4363 alia
2226 4320 2245 4362 a
2280 4299 2391 4363 forma
2415 4298 2512 4365 diffe-

1032 4414 1173 4494 rentiae,
1198 4414 1279 4481 huic
1307 4413 1356 4479 rei
1373 4435 1435 4499 per
1458 4435 1496 4478 se
1520 4423 1636 4499 potest
1659 4434 1788 4478 nomen
1814 4413 1955 4498 imponi,
1981 4425 2015 4478 et
2039 4415 2311 4499 supponendum
2336 4416 2511 4500 estquod

1033 4530 1232 4616 impositum
1256 4542 1310 4596 est
1334 4550 1461 4595 nomen
1487 4528 1626 4615 generis
1652 4529 1683 4594 ei
1700 4528 1822 4613 quod³
1845 4551 1907 4614 per
1931 4549 1969 4594 se
1993 4542 2027 4593 et
2051 4531 2095 4594 de
2120 4540 2243 4595 natura
2260 4551 2324 4594 sua
2349 4528 2512 4616 importat

1032 4647 1133 4712 talem
1160 4622 1346 4712 entitatem.
1366 4645 1574 4711 -Ulterius
1592 4645 1694 4709 etiam
1720 4644 1747 4709 si
1774 4645 1884 4709 sonna
1900 4644 2039 4732 generis
2065 4645 2108 4709 sit
2132 4645 2199 4710 alia
2223 4646 2417 4711 secundum
2437 4668 2509 4711 rem

1032 4785 1051 4827 a
1080 4763 1190 4828 forma
1226 4760 1450 4840 differentiae,
1483 4772 1567 4826 tunc
1601 4760 1684 4825 illud
1721 4761 1814 4844 quod
1846 4761 2049 4846 importatur
2084 4762 2225 4827 nominc
2261 4761 2402 4850 generis
2437 4783 2510 4828 non

1032 4889 1125 4943 esset
1148 4877 1293 4963 specie⁴
1328 4877 1420 4942 aliud
1455 4887 1488 4942 et
1519 4876 1612 4941 aliud
1640 4875 1674 4941 in
1707 4877 1844 4941 duabus
1878 4876 2076 4962 speciebus,
2111 4876 2200 4943 sicut
2232 4877 2314 4943 illud
2346 4878 2390 4943 ad
2415 4879 2510 4963 quod

1031 4993 1172 5059 nomine
1197 4992 1346 5058 hominis
1377 4992 1581 5079 designatur
1615 5014 1687 5056 non
1724 4991 2003 5057 diversificatur‘
2040 4994 2159 5079 specie
2188 4993 2222 5057 in
2254 4993 2396 5059 homine
2428 4994 2510 5059 albo

1031 5120 1065 5175 et
1089 5109 1197 5195 nigro.
1224 5109 1303 5174 Hoc
1327 5120 1441 5174 autem
1467 5118 1520 5173 est
1543 5107 1806 5174 inconveniens
1834 5109 1905 5173 Sed
1931 5120 2053 5173 natura
2070 5109 2220 5196 generis,
2239 5121 2323 5195 puta
2341 5109 2509 5189 animalis,

1031 5247 1103 5289 non
1127 5238 1220 5290 esset
1244 5224 1310 5289 alia
1340 5237 1374 5290 et
1407 5223 1473 5289 alia
1506 5223 1625 5309 specie
1654 5224 1688 5288 in
1718 5223 1858 5289 homine
1883 5236 1917 5290 et
1947 5224 2144 5319 equo—nisi
2178 5225 2393 5291 differentiae
2424 5225 2509 5290 divi-

1031 5341 1126 5406 sivae
1150 5340 1317 5419 animaliS,
1343 5362 1433 5424 quae
1457 5339 1672 5405 constituunt
1690 5339 1782 5403 aliud
1800 5352 1833 5404 et
1858 5340 1949 5404 aliud
1975 5340 2103 5404 anirmrl
2120 5341 2249 5426 specie,
2267 5341 2509 5426 acciperentur

1031 5478 1050 5520 a
1089 5456 1200 5520 forma
1239 5477 1306 5540 qua
1346 5455 1471 5519 animal
1512 5465 1564 5520 est
1603 5455 1739 5519 animal.
1781 5455 1874 5542 Ergo
1914 5456 2128 5521 ditl'erentiae
2168 5456 2335 5522 divisivae
2375 5456 2510 5521 huius⁰

1122 5815 1128 5843 ¹
1148 5829 1203 5864 our.
1217 5811 1248 5864 P.
1269 5841 1302 5849 -
1322 5810 1332 5841 ²
1352 5808 1468 5877 videtur
1486 5810 1517 5862 P.
1538 5841 1570 5848 -
1590 5811 1601 5841 ³
1621 5809 1688 5880 quia
1703 5810 1733 5863 l’.
1756 5843 1785 5847 --
1810 5815 1815 5841 ¹
1836 5829 1891 5863 oua
1912 5811 1940 5862 l'.
2017 5814 2026 5841 ·''
2040 5811 2066 5864 in
2081 5813 2149 5864 add.
2165 5812 2195 5864 P.
2269 5812 2460 5867 flhuiusmodi
2476 5814 2508 5866 P.

1117 6069 1156 6133 (ll
1177 6064 1356 6119 Avcrrois
1375 6064 1599 6135 illetrrplrvsr'cue,
1619 6065 1636 6117 l.
1658 6065 1720 6129 ΧΗ,
1741 6084 1764 6118 c.
1785 6070 1801 6115 3
1822 6065 1851 6119 (Ι’Ι
1876 6070 1920 6118 lll
1945 6067 2068 6118 Vallo.
