6700 7992
1041 1462 1090 1512 196
1399 1456 1590 1513 lllAGlSTRl
1620 1457 1841 1513 Gobm'hlm
1871 1458 1922 1512 DE
1950 1457 2149 1513 FONTlBUS

1039 1640 1111 1706 sive
1136 1640 1180 1706 de
1205 1639 1280 1704 eius
1310 1639 1507 1704 actualitate
1541 1650 1574 1704 et
1605 1639 1867 1725 potentialitate,
1896 1639 1929 1704 in
1968 1638 2095 1722 quibus
2132 1638 2271 1723 quidem
2301 1662 2373 1704 non
2401 1639 2512 1704 solum

1037 1755 1181 1841 speciali
1219 1754 1447 1821 illustratione
1485 1754 1623 1820 luminis
1663 1754 1744 1820 fidei
1783 1767 1816 1820 et
1863 1766 1988 1833 cetera,
2028 1756 2090 1819 sed
2138 1754 2239 1820 etiam
2286 1754 2515 1820 illustratione

1037 1871 1190 1960 generali
1230 1884 1325 1937 recta
1357 1871 1490 1937 ratione
1530 1871 1676 1936 naturali
1717 1871 1842 1936 veritas
1883 1882 1998 1956 potest
2036 1870 2152 1955 aliquo
2188 1872 2293 1936 modo
2333 1871 2514 1957 cognosci,

1039 2027 1078 2035 -
1097 1988 1240 2052 multum
1269 1988 1463 2052 cavendum
1489 1996 1610 2052 estne
1642 1986 1725 2051 illud
1750 1987 1844 2071 quod
1870 1998 1923 2052 est
1947 1986 2090 2051 dubium
2121 1998 2154 2051 et
2179 1987 2278 2052 cuius
2303 1986 2513 2053 contrarium

1037 2103 1267 2168 communiter
1298 2114 1417 2168 tenent
1455 2102 1635 2188 peritiores
1667 2102 1701 2167 in
1734 2102 1870 2182 talibus,
1896 2102 1968 2167 sive
1998 2102 2066 2167 sint
2100 2102 2221 2168 fideles
2246 2103 2320 2168 sive
2345 2103 2513 2181 inlideleS,

1038 2241 1117 2285 cum
1141 2241 1213 2284 non
1239 2218 1281 2283 sit
1305 2218 1488 2284 verisimile
1513 2219 1607 2303 quod
1631 2217 1698 2303 ipsi
1723 2218 1773 2283 sic
1798 2218 1980 2283 manifeste
2005 2230 2038 2283 et
2062 2219 2270 2303 generaliter
2293 2219 2365 2284 fere
2390 2240 2513 2284 omnes

1038 2346 1247 2414 erraverunt,
1277 2346 1451 2400 asseratur
1474 2346 1638 2419 tanquam
1663 2345 1795 2399 certum
1823 2346 1856 2399 et
1884 2335 2141 2413 necessarium,
2169 2334 2258 2399 sicut
2286 2357 2306 2400 e
2330 2356 2514 2414 convers0,

1040 2474 1118 2516 cum
1137 2462 1190 2516 est
1207 2451 1336 2534 aliquid
1360 2449 1581 2515 manifestum
1608 2451 1651 2514 ad
1678 2449 1854 2514 veritatem
1879 2450 1961 2514 fidei
1985 2450 2168 2535 pertinere,
2193 2463 2514 2535 quantumcumque

1038 2570 1082 2631 ab
1117 2569 1186 2632 hoc
1211 2567 1412 2632 discordent
1448 2565 1647 2651 philosophi
1679 2578 1713 2631 ct
1748 2588 1867 2631 eorum
1899 2566 2037 2651 scripta,
2074 2566 2297 2631 nihilominus
2322 2566 2514 2631 certissime

1037 2696 1090 2748 est
1125 2683 1360 2749 asserendum.
1398 2682 1502 2747 Unde
1537 2681 1758 2768 Augustinus
1771 2686 1829 2764 (l),
1865 2682 1976 2766 primo
2009 2704 2115 2768 super
2147 2682 2324 2762 Genesim,
2361 2682 2514 2767 capitulo

1038 2798 1206 2886 vigesimo
1232 2797 1376 2882 quinto:
1412 2799 1616 2883 plerumque
1647 2797 1773 2863 accidit
1808 2810 1845 2862 ut
1875 2798 2004 2881 aliquid
2042 2799 2085 2863 tle
2121 2811 2220 2877 terra,
2252 2799 2296 2863 de
2329 2798 2437 2878 caelo,
2470 2799 2514 2863 de

1037 2913 1161 2980 ceteris
1195 2914 1297 2979 huius
1329 2913 1449 2978 mundi
1481 2913 1671 2991 elementis,
1709 2915 1753 2979 de
1789 2913 1920 2979 naturis
1949 2914 2147 2979 animalium
2179 2928 2282 2999 atque
2314 2914 2514 2979 huiusmodi

1037 3029 1170 3109 ceteris,
1196 3028 1297 3095 etiam
1323 3051 1394 3093 non
1420 3029 1628 3095 christianus
1653 3029 1699 3093 ita
1723 3029 1857 3093 noverit
1882 3042 1919 3094 ut
1946 3044 2040 3095 certa
2065 3030 2198 3094 ratione
2223 3031 2276 3095 vel
2302 3030 2515 3114 experientia

1036 3148 1105 3211 hoc
1136 3156 1261 3211 teneat.
1287 3146 1404 3230 Turpe
1436 3157 1488 3210 est
1521 3157 1578 3209 aut
1610 3145 1712 3209 nimis
1744 3165 1786 3209 ac
1810 3144 1957 3210 maxime
1989 3146 2182 3210 cavendum
2221 3158 2257 3210 ut
2288 3145 2513 3210 christianum

1037 3264 1080 3327 de
1105 3261 1158 3326 his
1189 3261 1294 3326 rebus
1330 3260 1429 3344 quasi
1464 3261 1658 3325 secundum
1696 3259 1824 3324 litteras
1860 3259 2065 3325 christianas
2096 3261 2327 3345 loquentem¹
2365 3261 2513 3326 infidelis

1036 3375 1180 3442 audiat²
1203 3376 1249 3441 ita
1281 3376 1435 3455 delirare,
1464 3389 1501 3440 ut
1525 3376 1818 3460 quemadmodum
1845 3376 1969 3442 dicitur
1997 3388 2070 3441 toto
2101 3377 2199 3442 caelo
2224 3399 2348 3456 errare,
2373 3378 2512 3462 conspi-

1036 3492 1133 3559 ciens
1157 3492 1262 3557 risum
1294 3503 1413 3557 tenere
1448 3491 1504 3555 vix
1536 3491 1656 3576 possit,
1693 3503 1726 3556 et
1759 3513 1830 3555 non
1863 3501 1930 3555 tam
1965 3493 2146 3557 molestum
2179 3504 2233 3556 ost
2268 3494 2363 3576 quod
2392 3515 2512 3558 errans

843 3608 1014 3736 sl002d7-6va
1036 3611 1143 3673 homo
1175 3607 1351 3673 deridetur
1380 3607 1442 3672 sed
1471 3608 1566 3692 quod
1595 3619 1756 3672 auctores
1786 3607 1894 3671 nostri
1927 3610 1970 3672 ab
2001 3608 2050 3672 eis
2086 3607 2143 3692 qui
2173 3609 2256 3680 foris
2284 3620 2365 3673 sunt
2397 3611 2401 3693 l
2433 3609 2513 3674 talia

856 3699 893 3736 ⁰'
1037 3724 1192 3790 sensisse
1229 3723 1416 3790 creduntur
1455 3734 1489 3788 et
1528 3744 1605 3788 cum
1646 3744 1777 3809 magno
1817 3723 1949 3787 illorum
1991 3723 2094 3788 exitio
2135 3725 2179 3789 de
2214 3746 2361 3809 quorum
2402 3726 2513 3791 salute

1036 3839 1227 3927 satagimus
1259 3850 1422 3923 tanquam
1456 3838 1585 3903 indocti
1625 3840 1929 3923 reprehenduntur
1968 3849 2002 3905 et
2032 3852 2253 3925 respuuntur.
2291 3842 2380 3905 Cum
2420 3841 2512 3906 enim

1037 3978 1245 4041 quemquam
1285 3957 1329 4020 de
1365 3976 1510 4021 numero
1545 3953 1811 4019 christianorum
1851 3955 1884 4019 in
1924 3977 1966 4020 ea
2001 3977 2037 4021 re
2076 3978 2179 4040 quam
2219 3956 2348 4041 optime
2386 3968 2514 4021 norunt

1037 4094 1150 4138 errare
1176 4072 1443 4157 deprehendunt
1467 4082 1501 4136 et
1527 4092 1651 4135 vanam
1677 4092 1774 4135 suam
1800 4070 1980 4136 scientiam
2005 4073 2049 4137 de
2073 4072 2201 4137 nostris
2224 4072 2319 4137 libris
2345 4094 2534 4152 asserere·

1037 4209 1107 4273 quo
1131 4199 1235 4273 pacto
1259 4186 1325 4251 illis
1356 4185 1451 4251 libris
1476 4185 1627 4251 creditur
1660 4185 1750 4252 sicut
1774 4188 1818 4251 de
1842 4187 2097 4253 resurrectione
2128 4200 2352 4267 mortuorum,
2379 4190 2424 4254 de
2448 4210 2512 4273 spe

1036 4304 1126 4368 vitae
1150 4314 1323 4381 aeternae,
1349 4302 1490 4386 quando
1515 4303 1559 4366 de
1584 4301 1637 4366 his
1661 4303 1766 4367 rebus
1791 4324 1878 4386 quas
1896 4303 2097 4368 indubitatis
2114 4304 2306 4369 rationibus
2331 4304 2513 4389 percipere

1038 4430 1225 4505 potuerunt
1270 4418 1437 4483 fallaciter
1482 4429 1692 4503 putaverunt
1739 4439 1818 4484 esse
1860 4419 2108 4505 conscriptos?
2155 4421 2248 4485 Idem
2289 4431 2406 4505 potest
2444 4420 2513 4486 dici

1036 4547 1197 4622 respectu
1231 4535 1366 4600 illorum
1402 4534 1554 4598 fidelium
1590 4533 1648 4618 qui
1683 4533 1716 4598 in
1754 4533 2006 4620 philosophicis
2043 4535 2210 4615 instructi,
2247 4536 2427 4602 venientes
2468 4537 2512 4601 ad

1037 4651 1259 4740 theologiam,
1285 4651 1364 4716 talia
1388 4650 1477 4714 forte
1513 4649 1658 4714 audiunt
1693 4651 1737 4714 ab
1773 4649 1955 4734 aliquibus.
1993 4651 2035 4721 Et
2069 4651 2149 4716 ideo
2185 4652 2302 4716 subdit
2319 4656 2365 4734 (al
2402 4653 2446 4717 de
2474 4674 2513 4716 se

1036 4768 1135 4854 ipso:
1175 4787 1324 4852 eumque
1364 4766 1407 4830 de
1447 4765 1561 4831 verbis
1601 4766 1645 4830 ad
1683 4777 1836 4830 nostram
1876 4766 2159 4832 exercitationem
2200 4768 2322 4852 positis
2362 4769 2513 4833 obscure

1035 4883 1227 4949 sententias
1251 4882 1387 4969 protuli,
1412 4903 1485 4946 non
1517 4881 1645 4966 aliquid
1671 4904 1776 4945 unum
1814 4893 1943 4947 temere
1979 4883 2152 4947 affirmans
2187 4904 2265 4948 cum
2297 4883 2513 4968 praeiudicio

1036 4998 1175 5064 alterius
1200 4998 1429 5085 expositionis
1453 4997 1601 5063 fortasse
1626 4997 1786 5062 melioris.
1804 4997 1847 5062 Et
1863 4997 1952 5061 infra
1970 4996 2139 5085 vigesimo
2158 5010 2256 5063 sexto
2273 5000 2426 5085 capitulo
2440 5003 2486 5083 (3)
2505 5022 2512 5064 :

1036 5114 1202 5200 quicquid
1243 5113 1415 5186 homines,
1455 5112 1513 5199 qui
1553 5112 1753 5179 calumniari
1787 5113 1881 5177 libris
1918 5114 2038 5178 salutis
2079 5127 2217 5180 nostrae
2254 5117 2428 5197 affectant,
2469 5117 2513 5181 de

1035 5243 1158 5297 natura
1182 5251 1294 5296 rerum
1320 5230 1503 5296 veracibus
1537 5229 1757 5295 documentis
1793 5229 2030 5295 demonstrare
2063 5243 2260 5316 potuerunt,
2286 5233 2513 5297 ostendamus

1036 5347 1163 5414 nostris
1187 5368 1259 5413 non
1284 5368 1363 5412 esse
1388 5345 1620 5425 contrarium;
1646 5344 1811 5431 quicquid
1836 5356 1949 5411 autem
1975 5348 2019 5411 de
2044 5347 2254 5431 quibuslibet
2279 5347 2513 5413 voluminibus

1036 5463 1109 5530 suis
1134 5461 1326 5531 catholicae
1362 5462 1441 5527 lidei
1477 5461 1689 5527 contrarium
1725 5461 1939 5546 protulerint,
1972 5474 2030 5527 aut
2065 5462 2179 5547 aliqua
2215 5463 2316 5529 etiam
2349 5464 2513 5530 facultate

1126 5776 1303 5848 ¹loquentes
1322 5774 1355 5828 l'.
1378 5806 1409 5814 —
1430 5773 1561 5828 'audeat
1581 5773 1614 5827 l'.

1124 5986 1164 6049 (l)
1193 5981 1253 6037 Ctr.
1278 5979 1509 6048 Augustinus,
1538 5978 1583 6032 De
1611 5977 1721 6032 Genesi
1748 5978 1765 6032 l.
1785 5979 1806 6041 l,
1831 5999 1855 6035 c.
1876 5978 1953 6046 XIX,
1979 5983 2013 6034 39
2040 5980 2081 6038 «P.
2103 5981 2281 6048 l,.‚v01.tn,
2306 5983 2360 6037 col.
2380 5986 2452 6041 soll.
2479 6013 2512 6024 -

1035 6078 1074 6141 (at
1088 6072 1147 6128 Ctr.
1163 6071 1241 6135 ibid,
1255 6087 1280 6123 c.
1294 6070 1356 6127 XX.
1369 6073 1412 6123 ll).
1426 6097 1459 6107 -
1481 6068 1519 6129 (3)
1535 6066 1595 6121 Ctr.
1610 6066 1690 6134 ibid,
1704 6085 1728 6120 c.
1743 6069 1820 6135 XXI,
1833 6072 1864 6123 ll
1883 6070 1948 6129 scol
1963 6074 2035 6133 2152).
