6700 7992
1193 1329 1389 1401 QUARTUM
1418 1329 1717 1401 QUODLIBETUM,
1745 1329 1785 1401 Q,—
1810 1329 1838 1383 11
2200 1332 2247 1383 241

775 1513 871 1599 quod
894 1512 1027 1578 habent
1054 1531 1133 1577 esse
1160 1511 1195 1575 in
1227 1532 1265 1576 se
1289 1508 1374 1596 ipsis
1399 1509 1472 1575 sive
1503 1509 1537 1574 in
1565 1508 1811 1596 singularibus,
1839 1512 1902 1575 sed
1931 1511 2126 1576 secundum
2157 1510 2252 1594 quod

775 1628 827 1696 sic
854 1629 910 1694 vel
941 1626 992 1693 sic
1017 1626 1285 1692 considerantur
1313 1626 1366 1691 vel
1402 1625 1647 1710 concipiuntur
1678 1627 1722 1691 ab
1761 1625 1947 1691 intellectu.
1984 1625 2124 1690 Animal
2160 1624 2251 1691 enim

776 1765 855 1810 esse
888 1764 1004 1831 genus
1039 1741 1266 1822 substantiae,
1303 1752 1355 1807 est
1390 1752 1546 1806 naturam
1584 1741 1741 1806 animalis
1771 1741 1984 1807 considerari
2009 1763 2072 1826 per
2110 1742 2252 1806 modum

775 1870 920 1926 naturae
944 1857 1166 1924 subsistentis
1191 1869 1224 1923 et
1247 1879 1319 1923 non
1349 1857 1581 1943 dependentis
1609 1859 1804 1922 secundum
1830 1879 1868 1922 se
1896 1857 1929 1922 in
1960 1857 2195 1923 abstractione
2220 1868 2254 1923 et

775 1974 980 2042 habitudine
1004 1976 1049 2039 ad
1081 1975 1219 2060 species
1251 1973 1285 2038 in
1310 1973 1436 2058 quibus
1461 1986 1542 2038 nata
1575 1985 1628 2040 est
1659 1995 1759 2051 esse3
1792 1974 2020 2038 substantiam
2046 1973 2147 2039 etiam
2174 1995 2253 2039 esse

776 2113 890 2181 genus
929 2089 1229 2180 generalissimum
1269 2089 1322 2154 vel
1369 2089 1689 2175 praedicamentum
1736 2101 1788 2155 est
1834 2089 2049 2154 considerari
2095 2100 2253 2154 naturam

777 2206 992 2273 substantiae
1017 2206 1051 2271 in
1078 2205 1225 2270 maxima
1257 2204 1491 2270 abstractione
1524 2215 1557 2270 et
1588 2205 1798 2270 huiusmodi.
1825 2206 1927 2271 Unde
1956 2206 2036 2270 talia
2060 2205 2254 2270 accidentia

776 2345 850 2389 non
876 2321 1091 2388 conveniunt
1114 2323 1219 2387 rebus
1244 2320 1278 2384 in
1307 2342 1345 2385 se
1373 2320 1469 2405 ipsis,
1494 2332 1530 2385 ut
1555 2321 1638 2386 dicit
1664 2321 1847 2386 Avicenna
1865 2325 1922 2404 (ll,
1947 2323 2009 2386 sed
2034 2344 2113 2387 esse
2137 2322 2253 2386 album

777 2440 832 2505 vel
864 2441 869 2521 Ι
900 2436 1102 2503 huiusmodi
1138 2448 1172 2501 et
1196 2417 1320 2503 cetera.
1358 2437 1457 2502 Sicut
1489 2458 1574 2523 ergo
1610 2437 1806 2502 intellectus
1841 2438 1924 2502 facit
1962 2437 2253 2502 universalitatem
2276 2386 2446 2512 foii‘iexilb

778 2554 813 2620 in
841 2555 946 2620 rebus
970 2575 1042 2618 non
1071 2554 1265 2617 secundum
1294 2573 1332 2617 se
1361 2554 1424 2617 sed
1452 2554 1645 2617 secundum
1676 2555 1770 2637 quod
1798 2553 2045 2640 intelliguntur,
2078 2553 2128 2618 sic
2153 2553 2254 2617 etiam

778 2670 861 2738 facit
892 2670 1062 2736 rationem
1101 2667 1374 2754 praedicamenti
1407 2679 1440 2732 et
1476 2679 1585 2733 totum
1621 2668 1778 2733 ordinem
1815 2670 2096 2753 praedicamenti.
2130 2670 2172 2734 Et
2207 2669 2257 2735 sic

779 2785 918 2853 animali
943 2784 1102 2852 existenti
1125 2805 1197 2849 non
1226 2783 1390 2848 convenit
1415 2784 1509 2868 quod
1527 2783 1571 2848 sit
1594 2806 1707 2872 genus
1732 2786 1967 2850 subalternum
1993 2785 2026 2849 in
2052 2786 2256 2863 substantia,

779 2924 846 2970 nec
878 2900 1092 2967 substantiae
1126 2899 1285 2965 existenti
1318 2901 1413 2983 quod
1450 2899 1493 2964 sit
1523 2920 1637 2987 genus
1673 2900 1973 2987 generalissimum
2011 2903 2115 2967 modo
2140 2902 2256 2985 logico

778 3031 817 3085 ut
848 3018 977 3084 dictum
1002 3027 1056 3083 est
1079 3017 1273 3081 secundum
1303 3016 1372 3081 tale
1403 3036 1481 3080 esse
1519 3015 1622 3096 reale,
1658 3017 1721 3081 sed
1753 3018 1948 3082 secundum
1981 3018 2083 3082 talem
2114 3019 2256 3081 modum

778 3132 1025 3200 considerandi
1057 3153 1129 3198 rem
1155 3152 1245 3216 quae
1277 3131 1327 3197 sic
1357 3142 1438 3195 nata
1467 3141 1518 3196 est
1547 3152 1635 3196 esse.
1661 3131 1733 3197 Sed
1761 3134 1939 3215 loquendo
1969 3133 2012 3197 de
2039 3154 2169 3219 genere
2194 3155 2257 3218 pro

778 3260 901 3315 natura
933 3249 1107 3313 substrata
1135 3246 1319 3312 intentioni
1346 3245 1486 3332 generis
1512 3247 1564 3310 vel
1589 3247 1872 3332 praedicamenti,
1898 3270 1967 3312 non
1997 3250 2108 3313 solum
2134 3270 2257 3314 secun-

778 3366 861 3432 dum
887 3365 981 3450 quod
1006 3363 1205 3451 intelligitur
1228 3363 1291 3427 sed
1324 3363 1517 3427 secundum
1551 3383 1590 3426 se
1622 3373 1655 3427 et
1687 3364 1881 3428 secundum
1913 3385 2014 3428 suum
2051 3386 2130 3429 esse
2166 3365 2257 3428 reale

778 3480 813 3546 in
845 3502 883 3547 sc
907 3480 994 3566 ipsa,
1023 3482 1092 3545 boc
1117 3489 1169 3543 est
1194 3479 1388 3544 secundum
1417 3477 1584 3542 rationem
1609 3479 1750 3566 generis
1779 3479 1955 3558 naturaliS,
1980 3519 2021 3526 --
2048 3480 2098 3546 sic
2122 3480 2258 3545 videtur

778 3598 874 3682 quod
903 3617 982 3662 esse
1007 3595 1040 3661 in
1068 3616 1199 3683 genere
1228 3593 1429 3679 simpliciter
1456 3616 1528 3658 non
1557 3594 1722 3659 convenit
1747 3594 1850 3659 alicui
1874 3595 1941 3660 nisi
1965 3597 2160 3662 secundum
2179 3617 2258 3662 esse

777 3713 871 3780 reale
903 3711 997 3777 dicto
1030 3712 1145 3776 modo.
1179 3709 1258 3774 Alia
1286 3719 1412 3789 autem,
1442 3709 1575 3776 scilicet
1609 3711 1788 3794 quomodo
1816 3711 2038 3776 verificantur
2069 3712 2154 3776 tales
2181 3733 2257 3797 pro-

778 3827 1005 3916 positiones:
1052 3848 1133 3891 rosa
1173 3835 1225 3892 est
1253 3827 1318 3890 flos
1350 3845 1430 3890 rosa
1459 3847 1529 3890 non
1563 3825 1733 3892 existente
1763 3837 1797 3891 et
1832 3839 1957 3906 cetera,
1990 3827 2075 3892 alias
2095 3829 2141 3910 (2)
2177 3841 2258 3893 sunt

779 3943 908 4010 habita.

869 4060 1071 4126 Secundum
1107 4079 1216 4122 unum
1249 4078 1333 4144 ergo
1358 4057 1501 4122 modum
1537 4058 1693 4142 ponendi
1722 4080 1777 4123 res
1808 4058 1842 4122 in
1875 4080 2005 4146 genere
2038 4060 2081 4123 ab
2114 4070 2257 4125 aeterno

781 4186 834 4242 est
862 4195 993 4261 ponere
1011 4175 1178 4238 mundum
1210 4183 1400 4253 aeternum,
1429 4174 1624 4239 secundum
1650 4174 1753 4239 alium
1780 4186 1894 4239 autem
1920 4196 2002 4255 non,
2027 4188 2061 4241 et
2085 4197 2128 4240 eo
2153 4177 2258 4240 modo

780 4313 850 4377 quo
877 4291 1099 4376 reprobatum
1126 4300 1178 4354 est
1207 4290 1375 4353 mundum
1400 4288 1508 4354 fuisse
1535 4301 1725 4369 aeternum,
1752 4301 1804 4355 est
1829 4290 1931 4356 etiam
1956 4292 2179 4376 reprobatum
2204 4313 2258 4358 res

778 4406 887 4473 fuisse
912 4408 956 4472 ab
981 4418 1122 4472 aeterno
1147 4405 1181 4469 in
1206 4426 1347 4493 genere,
1373 4416 1407 4471 et
1431 4417 1555 4471 cetera.

868 5502 908 5565 (l)
936 5499 1144 5554 Avicennae
1173 5500 1286 5572 Logicu
1319 5501 1471 5566 (l'enetiis,
1504 5504 1581 5567 1508,
1613 5500 1663 5554 fol.
1694 5506 1711 5555 ⁴2
1743 5502 1804 5559 Ru.
1838 5523 1849 5553 r
1922 5502 2006 5556 Alius
2034 5512 2187 5574 respectus
2215 5513 2261 5559 est

779 5587 939 5643 secundum
959 5587 1038 5659 quod
1058 5596 1103 5641 est
1123 5588 1151 5640 in
1171 5587 1216 5641 his
1235 5588 1432 5658 singularibus
1452 5597 1482 5642 et
1512 5589 1585 5642 alius
1614 5589 1776 5642 secundum
1807 5590 1886 5661 quod
1916 5600 1961 5644 est
1989 5591 2017 5645 in
2047 5591 2206 5646 intellectu.
2227 5595 2261 5646 Et

779 5682 849 5730 tunc
868 5682 1029 5746 sequuntur
1047 5692 1112 5729 earn
1133 5675 1296 5729 accidentia
1317 5694 1393 5748 quae
1412 5687 1479 5730 sunt
1499 5676 1619 5748 propria
1638 5676 1722 5730 istius
1742 5678 1787 5730 sui
1808 5696 1874 5732 esse
1898 5678 1970 5741 (Cir.
1984 5685 2088 5751 supra,
2102 5700 2128 5752 p.
2143 5684 2186 5745 59,
2200 5686 2261 5747 ty‘lll.

816 5762 978 5835 Dispositio
997 5781 1068 5817 vero
1088 5772 1117 5817 et
1136 5763 1166 5816 id
1186 5764 1264 5833 quud
1285 5765 1393 5819 accidit
1413 5766 1499 5819 rebus
1519 5782 1554 5817 ex
1575 5783 1612 5818 eo
1633 5766 1712 5836 quod
1731 5765 1889 5820 invitamur
1902 5787 1955 5839 per
1974 5786 2025 5821 eas
2045 5768 2082 5823 de
2103 5768 2262 5841 incognitis

780 5850 819 5906 ad
835 5849 955 5922 cognita
980 5858 1025 5905 est
1053 5850 1209 5922 dispositio
1238 5863 1267 5906 et
1296 5852 1434 5906 accidens
1464 5853 1543 5923 quod
1572 5853 1681 5908 accidit
1709 5855 1752 5907 eis
1782 5855 1811 5908 in
1838 5855 1989 5911 intellectu
2016 5859 2151 5929 quamvis
2179 5857 2261 5938 ipsae

780 5939 908 6005 babeant
926 5955 993 5995 esse
1012 5948 1128 6013 praeter
1147 5939 1212 5994 hoc.
1225 5964 1236 5988 .=›
1259 5973 1292 5979 —
1313 5945 1352 6009 (2)
1373 5941 1481 6013 Quodl.
1502 5941 1538 6007 ll,
1558 5959 1584 6023 q.
1606 5947 1631 5997 2.
