6700 7992
1401 1458 1592 1513 MAGISTRI
1621 1457 1844 1513 GODEFRIDI
1874 1459 1924 1512 DE
1953 1450 2152 1514 FONTIBUS

1619 1955 1861 2036 oumsno
1887 1955 1929 2019 vi

1680 2143 1872 2217 (nouus).

1150 2357 1291 2433 Utrum
1322 2355 1454 2429 dicere
1482 2356 1587 2455 quod
1616 2362 1761 2453 corpus
1793 2354 1945 2430 Christi
1974 2381 2050 2428 non
2077 2355 2208 2453 poluit
2236 2355 2418 2429 comburi

1392 2489 1444 2563 sii
1474 2488 1757 2563 inconveniens
1785 2489 2005 2562 secmuhon
2033 2489 2166 2585 fidem.

1131 2818 1259 2883 Postea
1283 2819 1326 2882 ad
1351 2818 1546 2883 secundum
1571 2815 1827 2902 praedictorum
1853 2816 1904 2882 sic
1939 2816 2148 2901 proceditur,
2174 2831 2207 2882 et
2238 2815 2393 2904 arguitur
2424 2817 2518 2901 quod

1042 2932 1158 2998 dicere
1184 2934 1277 3017 quod
1303 2954 1431 3018 corpus
1456 2932 1585 2998 Christi
1610 2954 1680 2998 non
1717 2932 1829 3019 potuit
1864 2932 2020 2998 comburi
2051 2933 2094 2997 sit
2118 2932 2372 2999 inconveniens
2396 2954 2520 2999 secun·

1043 3049 1124 3112 dum
1149 3049 1264 3128 fidem,
1290 3049 1370 3133 quia
1395 3070 1474 3114 curn
1499 3048 1660 3114 Christus
1685 3048 1787 3133 fuerit
1811 3051 1917 3113 homo
1941 3048 2092 3114 univoce
2118 3070 2196 3114 curn
2219 3048 2294 3114 aliis
2318 3047 2519 3114 hominibus

1042 3164 1258 3230 ethabuerit
1282 3185 1409 3249 corpus
1434 3163 1590 3229 eiusdem
1615 3163 1758 3229 rationis
1794 3186 1873 3229 curn
1909 3164 2115 3249 corporibus
2151 3164 2293 3230 aliorum
2329 3163 2518 3243 hominum,

1043 3279 1159 3345 dicere
1199 3281 1294 3364 ‹ltrod
1334 3279 1472 3365 corpori
1512 3302 1577 3344 suo
1614 3301 1684 3344 non
1725 3281 1838 3365 potuit
1876 3279 2064 3345 convenire
2104 3280 2138 3344 id
2178 3281 2273 3365 quod
2313 3279 2520 3365 corporibus

1043 3395 1186 3461 aliorum
1211 3395 1391 3461 hominum
1416 3395 1617 3460 naturaliter
1651 3406 1786 3481 poterat
1810 3395 2000 3461 convenire
2034 3407 2086 3461 est
2119 3395 2372 3460 inconveniens
2396 3417 2519 3462 secun·

1044 3513 1125 3578 dum
1164 3512 1279 3577 fidem.
1321 3513 1392 3577 Sed
1431 3533 1510 3577 cum
1550 3533 1679 3596 corpus
1721 3512 1875 3591 mixtum,
1915 3515 2016 3596 quale
2056 3511 2120 3576 fnit
2158 3534 2287 3598 corpus
2322 3511 2451 3577 Christi
2486 3523 2520 3577 et

1043 3627 1228 3694 cuiuslibet
1266 3627 1427 3707 hominis,
1467 3627 1511 3692 sit
1550 3629 1751 3693 naturaliter
1789 3628 2044 3708 combustibile,
2091 3627 2209 3694 dicere
2255 3629 2351 3712 quod
2391 3648 2519 3714 corpus

1043 3744 1171 3810 Christi
1195 3766 1265 3810 non
1303 3743 1414 3829 potuit
1439 3743 1597 3809 comburi
1629 3755 1682 3810 est
1713 3744 1829 3810 dicere
1864 3745 1959 3829 quod
1985 3765 2056 3809 non
2089 3744 2153 3809 suit
2177 3743 2330 3825 mixtum,
2355 3765 2422 3810 nec
2456 3742 2520 3808 suit

1043 3860 1200 3926 eiusdem
1225 3859 1367 3925 rationis
1392 3871 1425 3925 et
1450 3859 1580 3944 speciei
1605 3880 1684 3925 curn
1710 3859 1917 3946 corporibus
1942 3860 2086 3926 aliorum
2112 3859 2301 3925 hominum.

1133 3978 1273 4042 Contra.
1319 3975 1356 4041 si
1396 3997 1524 4061 corpus
1562 3974 1691 4040 Christi
1728 3976 1840 4061 potuit
1878 3976 2050 4056 comburi,
2090 3987 2241 4062 ponatur
2276 3976 2393 4043 inesse
2432 3999 2521 4041 nova

1035 4094 1169 4179 formo.
1195 4091 1266 4158 Sed
1297 4093 1367 4156 hoc
1402 4090 1517 4176 posito
1542 4089 1698 4176 sequitur
1721 4090 1976 4158 inconveniens
2000 4092 2195 4157 secundum
2223 4092 2338 4158 fidem.
2363 4091 2459 4179 Ergo
2486 4102 2521 4156 et

1043 4207 1191 4294 primum
1217 4208 1351 4273 videtur
1375 4207 1636 4273 inconveniens.
1661 4207 1853 4293 Assumpta
1878 4210 2062 4294 probatur:
2089 4230 2168 4273 nam
2191 4207 2220 4273 si
2237 4229 2365 4295 corpus
2390 4206 2521 4273 Christi

1043 4324 1146 4391 suerit
1178 4325 1397 4390 combustum
1423 4335 1457 4388 et
1491 4322 1541 4387 sic
1573 4323 1722 4388 totaliter
1753 4326 1949 4390 secundum
1981 4345 2060 4390 esse
2087 4324 2232 4390 fomiale
2256 4335 2521 4390 transmutatum

1043 4441 1097 4505 vel
1121 4440 1155 4505 in
1180 4439 1297 4527 ignem
1321 4440 1375 4505 vel
1400 4439 1434 4503 in
1467 4438 1602 4504 cineres
1634 4440 1689 4504 vel
1721 4440 1755 4504 in
1787 4441 2036 4525 quodcumque
2064 4439 2168 4521 aliud,
2194 4451 2331 4507 constat
2366 4441 2460 4526 quod
2484 4438 2519 4505 in

1044 4555 1187 4622 materia
1218 4554 1374 4640 corporis
1414 4553 1540 4619 Christi
1580 4576 1651 4619 non
1683 4566 1776 4620 esset
1808 4556 1918 4620 forma
1954 4577 2044 4640 quae
2080 4555 2175 4641 prius
2211 4566 2293 4636 erat,
2330 4557 2392 4621 sed
2428 4567 2522 4621 esset

1044 4672 1156 4737 sonna
1174 4671 1316 4737 omnino
1334 4692 1436 4750 nova,
1461 4681 1494 4735 et
1518 4669 1584 4750 illa,
1601 4670 1691 4736 sicut
1706 4671 1801 4756 prius
1818 4671 1947 4737 dictum
1966 4685 2028 4753 est,
2046 4673 2091 4737 de
2116 4693 2208 4737 novo
2226 4683 2320 4737 esset
2336 4670 2521 4757 supposito

1045 4787 1164 4854 divino
1190 4787 1295 4852 unita.
1321 4787 1440 4871 Quare
1464 4798 1498 4851 et
1522 4799 1646 4852 cetera.

1134 4904 1341 4984 Dicendum,
1378 4916 1414 4970 ut
1445 4905 1575 4970 dictum
1610 4918 1687 4971 est:
1725 4904 1885 4970 Christus
1920 4905 2108 4990 assumpsit
2143 4916 2300 4970 naturam
2334 4906 2521 4970 humanam

1045 5021 1245 5108 passibilem
1262 5032 1296 5087 et
1320 5021 1588 5106 corruptibilem,
1613 5021 1791 5107 praedicta
1815 5020 1945 5106 duplici
1962 5020 2195 5106 corruptione,
2213 5033 2247 5086 et
2268 5043 2345 5086 cnm
2363 5019 2523 5086 habuerit

1045 5137 1222 5203 materiam
1247 5137 1456 5226 unigeneam
1482 5159 1561 5203 curn
1594 5136 1736 5203 materia
1767 5136 1980 5222 corruptibili
2012 5136 2156 5202 aliorum
2188 5136 2378 5216 hominum,
2411 5134 2523 5223 potuit

1045 5253 1219 5339 conumpi
1239 5253 1333 5319 omni
1358 5254 1463 5319 modo
1488 5252 1721 5339 corruptionis
1746 5274 1816 5338 quo
1841 5252 1897 5317 alii
1921 5252 2082 5318 homines
2106 5252 2279 5338 corrumpi
2304 5263 2463 5339 possunt,
2488 5264 2523 5318 et

1045 5369 1121 5436 eius
1159 5369 1302 5435 materia
1343 5368 1518 5435 informari
1558 5369 1712 5454 qualibet
1750 5369 1861 5434 forma
1899 5369 2065 5434 materiali
2104 5391 2172 5454 qua
2218 5379 2335 5454 potest
2380 5368 2523 5435 materia

1045 5487 1189 5552 aliorum
1228 5485 1408 5552 hominum
1449 5484 1635 5565 insonnari,
1675 5485 1703 5549 si
1744 5486 1937 5551 secundum
1978 5506 2015 5550 se
2055 5495 2089 5550 et
2126 5485 2285 5550 absolute
2324 5497 2362 5550 ut
2399 5494 2523 5550 natura

1045 5604 1198 5668 humana
1231 5602 1333 5668 etiam
1370 5602 1500 5666 unione
1535 5623 1605 5667 non
1645 5602 1807 5667 obstante
1847 5600 2095 5666 consideretur.
2131 5602 2220 5666 Nam
2255 5601 2396 5686 ponitur
2426 5601 2522 5685 quod

1045 5721 1157 5785 forma
1181 5739 1271 5803 quae
1306 5718 1341 5782 in
1372 5738 1521 5802 corpore
1553 5717 1682 5782 Christi
1717 5717 1780 5782 suit
1812 5716 1926 5781 anima
1958 5728 2128 5802 separata,
2160 5717 2233 5783 sive
2265 5717 2367 5782 suerit
2398 5718 2521 5783 eadem

1046 5856 1136 5920 quae
1160 5835 1256 5921 prius
1283 5835 1357 5899 sive
1385 5833 1460 5911 alia,
1485 5833 1550 5898 sihi
1575 5833 1648 5898 sive
1672 5854 1758 5899 suae
1782 5846 1925 5897 naturae
1954 5833 2119 5898 derelicta
2143 5855 2205 5918 per
2232 5832 2522 5919 putrefactionem

1045 5963 1079 6017 et
1106 5950 1392 6016 incinerationem
1422 5963 1585 6035 corrupta
1612 5949 1746 6027 suisset,
1771 5948 1861 6014 sicut
1888 5949 2059 6035 contingit
2084 5949 2117 6013 in
2144 5948 2350 6035 corporibus
2377 5949 2522 6016 aliorum

1045 6066 1236 6148 hominum,
1261 6078 1297 6132 ut
1322 6065 1461 6132 dicebat
1483 6066 1703 6152 respondens
1728 6076 1762 6131 et
1786 6066 1885 6131 bene.
1910 6064 1954 6130 Et
1977 6065 2057 6150 quia
2082 6066 2169 6131 tales
2194 6065 2420 6150 quaestiones
2443 6066 2522 6154 plus
