6700 7992
1244 1450 1420 1506 aennon
1449 1448 1750 1521 oooonaarun
1778 1448 1815 1520 Q.
1843 1449 1857 1503 1
2241 1452 2286 1502 ra

814 1627 985 1696 rationem
1024 1629 1271 1696 Parmenidis¹
1320 1629 1437 1695 omnia
1476 1640 1595 1696 essent
1632 1652 1740 1696 unum
1780 1628 1925 1696 realiter.
1973 1629 2011 1696 Si
2050 1629 2153 1696 etiam
2198 1638 2292 1696 esset

815 1744 945 1829 aliquid
975 1744 1074 1812 tale²
1115 1745 1148 1810 in
1182 1768 1230 1825 re,
1262 1745 1377 1832 ipsum
1414 1746 1560 1811 maxime
1594 1755 1689 1812 esset
1720 1766 1828 1811 causa
1858 1744 2012 1811 omnium
2045 1745 2186 1812 entium.
2219 1745 2292 1813 Sed

814 1862 1010 1929 secundum
1042 1862 1294 1948 Philosophum
1320 1867 1377 1945 (l),
1407 1861 1544 1928 decimo
1579 1861 1851 1947 Metaphysieae,
1883 1861 2079 1927 substantia
2110 1882 2201 1948 quae
2239 1874 2292 1929 est

814 1998 978 2044 mensura
1012 1990 1046 2044 et
1077 1999 1184 2044 causa
1219 1977 1349 2044 entium
1385 2000 1456 2043 non
1492 1977 1571 2043 est³
1605 1999 1668 2043 ens
1702 1978 1816 2063 ipsum
1851 1979 1905 2044 vel
1940 2000 2047 2043 unum
2079 1977 2204 2063 ipsum,
2228 1979 2292 2045 sed

813 2093 957 2179 aliquod
988 2115 1052 2160 ens
1081 2106 1115 2160 et
1142 2094 1282 2179 aliquod
1314 2116 1443 2173 unum;
1476 2095 1570 2178 quod
1603 2093 1743 2179 quidem
1772 2104 1825 2159 est
1856 2106 1936 2160 ente
1965 2093 2204 2179 panicularius
2236 2095 2293 2161 vel

813 2209 958 2276 inferius
990 2232 1053 2296 per
1087 2211 1394 2297 praedicationem,
1421 2232 1492 2276 non
1516 2222 1632 2275 tamen
1668 2210 1793 2275 virtute
1831 2222 1865 2277 et
1900 2210 2118 2289 causalitate;
2150 2221 2185 2277 et
2212 2211 2292 2278 ideo

813 2348 886 2392 non
913 2335 967 2393 est
997 2348 1060 2392 ens
1084 2348 1146 2413 per
1178 2325 1490 2412 participationem,
1520 2327 1582 2392 sed
1619 2347 1681 2411 per
1707 2326 1904 2406 essentiam,
1940 2336 2049 2391 totum
2085 2348 2148 2392 ens
2183 2327 2218 2393 in
2254 2349 2293 2394 se

813 2441 918 2527 ipso⁴
953 2441 1141 2508 virtualiter
1174 2454 1208 2508 et
1241 2442 1452 2508 causaliter⁶
1490 2443 1720 2527 praehabens.
1757 2443 1836 2508 Hoc
1874 2452 1990 2507 autem
2021 2443 2115 2527 quod
2150 2443 2202 2508 sic
2240 2454 2293 2510 est

813 2578 877 2624 ens
901 2580 973 2624 non
1001 2558 1186 2624 universali
1212 2558 1358 2638 ratione,
1386 2560 1449 2624 sed
1474 2557 1660 2623 universali
1685 2558 1809 2623 virtute
1838 2569 1872 2624 et
1895 2558 2109 2637 causalitate,
2134 2559 2215 2643 quia
2238 2569 2292 2626 est

812 2695 898 2760 pure
922 2695 997 2755 ens,
1029 2678 1033 2758 Ι
1066 2686 1100 2740 et
1124 2674 1281 2754 maxime,
1312 2690 1366 2740 est
1396 2696 1437 2739 ex
1467 2673 1565 2740 euius
1594 2674 1726 2740 unitate
1754 2685 1808 2739 est
1836 2674 2036 2740 communio
2061 2696 2151 2759 quae
2176 2686 2228 2742 est
2255 2675 2290 2741 in
2313 2659 2484 2786 sofffflqb

813 2788 945 2856 entium
973 2790 1105 2856 ordine,
1134 2790 1383 2856 Universalitas
1419 2811 1504 2877 ergo
1533 2789 1676 2855 rationis
1708 2790 1742 2855 in
1771 2810 1878 2856 causa
1910 2812 1981 2855 non
2009 2790 2126 2856 tribuit
2155 2793 2291 2858 univer·

813 2906 983 2972 salitatem
1008 2906 1229 2972 causalitatis.
1259 2907 1366 2971 lmmo
1397 2927 1547 2972 necesse
1571 2917 1624 2972 est
1658 2905 1769 2971 illud⁶
1799 2908 1895 2991 quod
1923 2916 1976 2972 est
2004 2928 2113 2971 causa
2136 2906 2292 2973 omnium

812 3043 892 3089 esse
915 3021 1044 3107 aliquid
1074 3022 1109 3087 in
1144 3043 1182 3088 se
1214 3024 1257 3087 ab
1291 3021 1454 3087 omnibus
1489 3022 1677 3087 formaliter
1701 3021 1902 3088 distinctum
1927 3033 1960 3087 et
1995 3042 2067 3088 non
2096 3024 2291 3089 secundum

811 3138 982 3205 rationem
998 3138 1229 3204 universalem
1248 3139 1292 3204 de
1309 3137 1472 3203 omnibus
1489 3137 1737 3223 praedicatum.
1763 3137 1835 3204 Sed
1853 3137 1929 3224 ipsa
1952 3138 2121 3223 perfectio
2139 3138 2291 3205 entitatis

813 3253 930 3320 tribuit
954 3253 1247 3319 universalitatem
1279 3253 1513 3327 causalitatis;
1546 3254 1639 3319 unde
1676 3253 1967 3339 perfectissimum
1991 3254 2026 3319 in
2055 3254 2194 3321 entibus
2218 3276 2290 3320 non

811 3371 1007 3437 secundum
1031 3369 1180 3454 aliquam
1212 3369 1380 3435 rationem
1414 3372 1418 3451 l
1451 3369 1681 3436 universalem
1707 3370 1847 3449 dictum,
1878 3371 1941 3436 sed
1972 3372 2167 3436 secundum
2191 3392 2289 3437 suam

811 3486 992 3552 formalem
1020 3485 1197 3551 entitatem
1223 3488 1267 3550 ab
1292 3485 1455 3550 omnibus
1472 3484 1672 3551 distinctum
1691 3498 1743 3551 est
1767 3485 1921 3551 omnium
1947 3508 2063 3551 causa.
2087 3486 2290 3553 Secundum

811 3603 882 3669 hoc
917 3622 1002 3691 ergo
1037 3623 1180 3667 causam
1217 3599 1371 3667 omnium
1407 3623 1479 3667 non
1515 3601 1685 3666 debemus
1722 3623 1889 3687 quaerere
1921 3624 1984 3667 ens
2014 3602 2109 3687 quod
2145 3602 2188 3668 sit
2212 3624 2291 3669 esse

811 3719 936 3799 solum,
979 3717 1043 3784 sed
1079 3717 1221 3802 aliquod
1257 3739 1330 3782 ens.
1368 3716 1486 3800 Quare
1528 3738 1594 3783 nee
1629 3717 1664 3781 in
1704 3730 1849 3783 causato
1889 3719 2059 3783 debemus
2098 3718 2291 3808 intelligere

811 3833 940 3920 aliquid
976 3855 1055 3900 esse
1082 3834 1177 3919 quod
1212 3833 1255 3898 sit
1290 3854 1369 3899 esse
1405 3834 1527 3911 solum,
1545 3855 1631 3923 ‘nee
1666 3835 1837 3899 debemus
1873 3833 2065 3922 intelligere
2104 3856 2175 3900 rem
2212 3856 2291 3901 esse

810 3960 990 4016 causatam
1015 3972 1034 4015 a
1059 3949 1348 4036 primoomnium
1373 3971 1481 4015 causa
1505 3951 1700 4015 secundum
1724 3949 1893 4015 rationem
1925 3950 2100 4017 essentiae
2131 3952 2186 4017 vel
2210 3973 2290 4018 esse

810 4067 934 4146 solum,
959 4066 1023 4131 sed
1047 4066 1242 4132 secundum
1267 4087 1346 4131 esse
1370 4064 1635 4131 determinatum
1661 4067 1756 4150 quod
1780 4067 1886 4131 habet
1911 4065 1944 4131 in
1969 4086 2083 4133 rerum
2107 4078 2230 4133 natura
2255 4077 2292 4132 ut

811 4181 1039 4249 determinata
1064 4194 1116 4249 est
1152 4181 1186 4246 in
1222 4183 1385 4247 essendo.
1423 4181 1521 4247 Sicut
1555 4181 1646 4247 enim
1682 4204 1723 4247 ex
1759 4193 1857 4267 parte
1882 4203 2011 4248 causae
2047 4205 2110 4248 ens
2136 4185 2187 4249 vel
2212 4205 2291 4249 esse

810 4319 883 4364 non
907 4309 961 4364 est
984 4297 1114 4382 aliquid
1138 4309 1336 4383 separatum
1365 4308 1501 4383 praeter
1525 4296 1665 4381 aliquod
1691 4319 1755 4363 ens
1780 4308 1813 4363 et
1841 4298 1982 4382 aliquod
2016 4320 2095 4365 esse
2119 4301 2214 4385 quod
2237 4311 2291 4366 est

810 4435 928 4494 causa,
953 4413 1000 4479 ita
1028 4435 1069 4479 ex
1093 4424 1190 4499 parte
1225 4412 1357 4479 causati
1392 4411 1505 4497 ipsum
1542 4423 1724 4478 causatum
1759 4425 1908 4479 nonest
1941 4414 2070 4500 aliquid
2095 4417 2290 4482 secundum

810 4529 998 4596 essentiam
1023 4530 1077 4595 vel
1116 4550 1195 4594 esse
1220 4540 1357 4614 praeter
1380 4528 1464 4593 illud
1500 4530 1595 4613 quod
1622 4541 1674 4593 est
1706 4529 1973 4595 determinatum
2001 4531 2045 4595 ad
2079 4532 2182 4598 talem
2207 4532 2291 4597 enti-

809 4656 915 4711 tatem
939 4645 995 4712 vel
1028 4646 1072 4711 ad
1102 4646 1170 4710 tale
1200 4666 1288 4710 esse.
1325 4646 1422 4709 Patet
1454 4644 1557 4732 igitur
1585 4644 1717 4730 primus
1752 4644 1917 4711 articulus
1942 4647 2073 4713 scilicet
2098 4649 2193 4732 quod
2217 4670 2289 4714 non

810 4771 864 4827 est
887 4760 1018 4846 aliquid
1051 4761 1086 4826 in
1122 4784 1158 4826 re
1194 4782 1414 4845 quacumque
1447 4761 1542 4846 quod
1566 4759 1609 4824 sit
1644 4782 1725 4827 esse
1760 4763 1873 4826 solum
1910 4764 2043 4848 absque
2068 4763 2290 4849 appositione
2322 4762 2327 4772 '

810 4877 1061 4944 determinatae
1085 4877 1229 4942 rationis
1254 4876 1405 4943 essendi.

900 5108 1086 5173 Declarato
1111 5106 1214 5191 igitur
1238 5104 1350 5190 primo
1375 5104 1531 5184 articul0,
1558 5106 1806 5171 declarandum
1840 5117 1893 5173 est
1927 5110 2133 5191 secundum,
2158 5110 2291 5177 scilieet

811 5223 907 5309 quod
931 5222 1021 5289 sicut
1045 5233 1140 5288 extra
1164 5221 1377 5286 intellectum
1412 5221 1447 5285 in
1472 5223 1576 5286 rebus
1613 5243 1684 5286 non
1711 5234 1764 5288 est
1799 5223 1929 5307 aliquid
1954 5226 2049 5309 quod
2084 5225 2135 5291 sie
2159 5226 2203 5291 sit
2227 5248 2290 5293 ens

901 5510 909 5540 ¹
923 5507 1009 5562 etsie
1023 5540 1055 5547 —
1069 5507 1260 5576 Parmenidis]
1277 5526 1332 5561 om.
1352 5508 1383 5562 P.
1398 5539 1429 5545 —
1450 5504 1584 5577 'aliquid
1597 5506 1665 5575 tale]
1686 5506 1745 5560 tale
1765 5506 1875 5578 aliquid
1895 5509 1926 5561 P.
1941 5541 1971 5547 —
1993 5510 2071 5562 'ona
2093 5509 2123 5564 P.
2144 5544 2176 5550 —
2191 5514 2200 5544 ⁴
2215 5515 2243 5565 in
2257 5544 2290 5552 -

810 5594 887 5668 ipso]
901 5613 957 5650 om.
971 5595 1001 5649 P.
1016 5628 1049 5636 —
1064 5597 1074 5627 ⁵
1087 5595 1253 5664 causaliter}
1272 5595 1300 5648 in
1314 5613 1346 5648 se
1361 5596 1390 5648 P.
1452 5596 1463 5625 ⁶
1476 5594 1505 5647 id
1519 5596 1549 5649 P.

899 5810 939 5873 (l)
959 5806 1172 5861 Aristotelis
1196 5806 1414 5874 ,llelttpltysit'at‘
1438 5805 1453 5858 l.
1479 5806 1528 5863 IX.
1548 5824 1571 5857 ς.
1592 5812 1609 5858 ἱ.)
1629 5807 1675 5872 [ul.
1697 5806 1713 5859 l.
1734 5808 1768 5865 X,
1788 5825 1812 5860 c.
1832 5810 1858 5875 3]
1880 5812 1918 5877 tp.
1940 5811 2029 5865 10531.
2051 5813 2118 5868 Εἷόὲ
2132 5812 2219 5882 ,uqi-lv
2237 5825 2290 5870 τῶν

810 5888 934 5947 midias
951 5892 1061 5946 donatiui
1078 5890 1167 5945 οὐσίαν
1186 5892 1258 5953 εἶναι,
1273 5889 1399 5960 attitiae?
1417 5889 1443 5944 ἐν
1460 5898 1514 5951 τοῖς
1532 5893 1593 5961 περὶ
1610 5890 1699 5951 οὐσίας
1717 5894 1761 5944 καὶ
1778 5895 1839 5962 περὶ
1856 5898 1903 5945 τοῦ
1922 5889 1997 5955 ὄντος
2010 5891 2110 5965 εἴρηται
2122 5896 2220 5969 λόγοις,
2235 5897 2289 5954 οὐδ’

810 5971 876 6029 αὐτὸ
893 5980 973 6029 τοῦτο
991 5971 1080 6028 οὐσίαν
1097 5975 1134 6034 ὡς
1153 5974 1179 6027 ἔν
1196 5993 1221 6027 τι
1238 5975 1311 6044 παρὰ
1329 5975 1361 6026 τὰ
1378 5975 1467 6027 πολλὰ
1484 5973 1593 6026 δυνατὸν
1612 5974 1675 6027 εἶναι
1692 5973 1789 6033 (κοινὸν
1807 5972 1869 6045 γάρ)
1887 5973 1945 6028 ἀλλ’
1967 5976 1983 6041 ἢ
2001 5978 2179 6050 κατηγόρημα
2199 5980 2288 6050 μόνον,

809 6058 891 6137 δῆλον
903 6057 940 6118 ὡς
952 6054 1013 6115 οὑδὲ
1025 6057 1056 6110 τὸ
1069 6058 1104 6111 ἔν·
1118 6057 1149 6109 ’.ὁ
1162 6058 1213 6129 γὰρ
1225 6056 1254 6109 ὃν
1267 6059 1311 6109 καὶ
1323 6058 1354 6109 τὸ
1366 6060 1393 6111 ’ἐν
1406 6052 1528 6111 καθόλου
1540 6063 1728 6129 κατηγορεῖται
1742 6055 1854 6123 μάλιστα
1867 6056 1981 6123 πάντων,
