6700 7992
1221 1490 1396 1548 reantur
1424 1488 1728 1563 ouonttseruu,
1755 1490 1792 1561 Q.
1818 1488 1830 1545 1
2218 1486 2266 1542 ut

785 1696 878 1762 quae
901 1674 1003 1755 etiam
1027 1695 1099 1740 non
1124 1684 1328 1760 competunt
1350 1671 1400 1738 rei
1430 1670 1496 1737 nisi
1519 1682 1558 1737 ut
1580 1692 1643 1758 per
1667 1691 1770 1737 suum
1802 1690 1881 1737 esse
1905 1669 2063 1738 existent.
2097 1667 2136 1737 Si
2164 1666 2266 1735 etiam

786 1804 930 1879 propter
962 1789 1163 1856 huiusmodi
1190 1788 1424 1855 diversitatem
1456 1808 1536 1855 esse
1567 1799 1602 1853 et
1635 1786 1819 1867 essentiae,
1854 1798 1893 1852 ut
1926 1806 2005 1853 esse
2040 1784 2133 1852 dicat
2164 1784 2267 1851 talem
2418 1855 2427 1875 .

784 1918 983 1994 respectum
1006 1907 1135 1972 realem
1151 1904 1346 1972 intentione
1369 1906 1414 1969 ab
1431 1903 1509 1990 ipsa
1524 1902 1677 1970 essentia
1710 1906 1714 1985 Ι
1746 1901 1973 1981 differentem,
1991 1913 2107 1988 potest
2123 1897 2266 1989 intelligi
2289 1854 2459 1983 giwius

785 2022 939 2089 essentia
969 2023 1036 2088 sub
1067 2022 1143 2087 eius
1174 2020 1340 2108 opposito
1372 2031 1409 2086 ut
1442 2022 1509 2086 sub
1540 2040 1612 2084 non
1645 2040 1735 2097 esse,
1771 2029 1855 2086 tunc
1893 2018 1996 2085 etiam
2027 2017 2117 2085 sicut
2151 2016 2266 2083 album

785 2149 903 2225 potest
918 2137 1061 2226 intelligi
1086 2149 1122 2204 et
1144 2158 1224 2204 esse
1247 2157 1320 2202 non
1343 2135 1454 2202 simile
1470 2135 1534 2202 sed
1559 2135 1662 2201 etiam
1687 2134 1853 2201 dissimile
1877 2134 1955 2221 ipso
1978 2135 2014 2200 in
2038 2154 2102 2201 sua
2126 2132 2268 2200 entitate

786 2253 961 2341 completa
995 2266 1159 2320 manente
1200 2253 1236 2318 in
1271 2274 1335 2318 sua
1367 2251 1551 2318 existentia
1581 2251 1663 2337 quia
1702 2250 1891 2317 similitudo
1926 2271 1993 2317 nec
2027 2249 2270 2317 universaliter

785 2381 968 2458 respectus
1002 2369 1127 2456 aliquis
1159 2370 1217 2435 dat
1247 2368 1351 2434 alicui
1382 2367 1419 2434 in
1451 2389 1522 2453 quo
1553 2379 1607 2434 est
1638 2368 1759 2453 quod¹
1791 2366 1936 2439 existat:
1972 2366 2019 2432 ita
2053 2366 2157 2432 etiam
2193 2364 2269 2452 ipsa

786 2485 939 2553 essentia
969 2495 1091 2572 posset
1114 2486 1226 2552 solum
1258 2483 1404 2573 intelligi
1437 2486 1504 2549 sub
1538 2505 1612 2549 non
1647 2504 1728 2550 esse
1764 2482 1838 2549 sive
1872 2486 1938 2549 sub
1970 2481 2136 2569 opposito
2158 2481 2269 2568 ipsius

785 2622 876 2683 esse,
900 2600 975 2669 sive
998 2602 1049 2669 sic
1072 2612 1195 2688 posset
1217 2621 1297 2666 esse
1321 2600 1523 2686 simpliciter
1545 2612 1581 2666 et
1603 2600 1655 2666 sic
1678 2599 1832 2666 essentia
1855 2612 1950 2667 esset
1974 2600 2050 2666 sine
2073 2620 2163 2666 esse.
2187 2600 2269 2665 Non

786 2717 925 2785 videtur
953 2738 1040 2806 ergo
1070 2717 1166 2803 quod
1201 2738 1281 2782 esse
1308 2715 1354 2782 sit
1378 2716 1481 2782 realis
1508 2730 1691 2802 respectus
1719 2716 1754 2782 in
1779 2716 1941 2795 essentia,
1959 2716 2050 2802 quia,
2076 2728 2113 2781 ut
2138 2716 2268 2782 dictum

785 2845 850 2915 est,
882 2855 962 2900 esse
992 2842 1294 2920 praesupponeret
1323 2852 1413 2899 esse.
1449 2833 1533 2898 Item
1567 2832 1670 2898 realis
1694 2843 1876 2918 respectus
1905 2832 1933 2897 si
1964 2853 2037 2898 non
2081 2832 2164 2899 dicit
2196 2853 2268 2899 rem

786 2951 889 3017 aliam
912 2971 934 3015 a
961 2949 1201 3029 fundamento,
1224 2969 1298 3015 non
1325 2949 1432 3014 habet
1457 2948 1560 3015 etiam
1584 2948 1678 3013 aliud
1703 2968 1909 3032 essequam
1934 2969 2014 3015 esse
2038 2949 2267 3025 fundamenti,

786 3066 883 3152 quod
910 3086 1001 3145 esse,
1017 3086 1097 3132 cum
1128 3065 1225 3151 prius
1249 3076 1372 3130 natura
1396 3076 1449 3131 est
1474 3085 1553 3131 esse
1570 3063 1789 3130 fundamenti
1814 3085 1917 3150 quam
1941 3064 2052 3151 ipsius
2075 3078 2268 3153 respectus,

787 3182 877 3248 sicut
900 3192 935 3248 et
959 3181 1223 3247 fundamentum
1248 3192 1372 3245 natura
1395 3179 1491 3266 prius
1515 3190 1577 3249 est.
1602 3191 1687 3245 tunc
1713 3179 1846 3246 siesse
1873 3179 1944 3246 sit²
1971 3180 2048 3246 talis
2075 3194 2268 3269 respectus,

786 3307 992 3383 sequeretur
1014 3298 1110 3382 quod
1133 3295 1244 3382 ipsius
1267 3316 1347 3361 esse
1370 3305 1405 3361 et
1427 3294 1531 3361 etiam
1547 3294 1723 3362 essentiae
1747 3308 1801 3361 est
1824 3317 1931 3361 unum
1951 3316 2040 3370 esse,
2057 3297 2153 3383 quod
2172 3298 2269 3385 prius

786 3423 840 3481 est
863 3413 973 3501 ipsius
1001 3412 1176 3479 essentiae
1203 3432 1308 3497 quam
1335 3410 1445 3498 ipsius
1472 3431 1562 3476 esse.
1586 3411 1666 3476 Huc
1694 3422 1810 3477 autem
1842 3410 1979 3478 videtur
2002 3411 2268 3493 inconveniens,

787 3527 868 3615 quia
907 3528 959 3596 sic
992 3528 1146 3595 essentia
1180 3527 1429 3615 intelligeretur
1458 3526 1565 3593 esse⁸
1599 3537 1680 3593 ante
1710 3548 1791 3594 esse
1826 3528 1880 3594 vel
1919 3529 2133 3614 antequam⁴
2165 3543 2267 3597 esset.

876 3759 955 3825 Hoc
986 3757 1090 3846 igitur
1118 3759 1225 3825 modo
1256 3758 1436 3843 loquendo
1460 3757 1504 3823 de
1539 3778 1618 3823 esse
1650 3768 1685 3823 et
1716 3778 1939 3844 quocumque
1970 3758 2037 3824 alio
2068 3759 2174 3826 modo
2198 3781 2269 3845 quo

787 3874 931 3962 ponitur
969 3874 1165 3940 differentia
1195 3873 1306 3961 ipsius
1343 3895 1422 3940 esse
1453 3873 1499 3938 ad
1537 3873 1725 3940 essentiam
1763 3875 1958 3940 secundum
1997 3895 2070 3941 rem
2109 3886 2168 3941 aut
2206 3897 2270 3963 per

787 3989 1018 4057 intentionem
1042 3989 1174 4070 relicto,
1201 4001 1384 4057 teneamus
1407 4000 1445 4055 ut
1464 3989 1680 4076 praedictum
1705 3990 1877 4076 estquod
1901 4010 1980 4057 esse
2004 4002 2038 4057 et
2058 3991 2210 4058 essentia
2233 3992 2269 4058 id

786 4105 880 4172 idem
904 4118 996 4186 sunt,
1027 4105 1075 4172 ita
1105 4107 1202 4191 quod
1230 4117 1397 4192 quantum
1422 4105 1623 4194 intelligitur
1647 4106 1691 4172 de
1722 4105 1875 4173 essentia
1902 4118 2035 4173 tantum
2070 4107 2270 4197 intelligitur

788 4222 833 4289 de
856 4242 946 4289 esse.
970 4222 1016 4287 Et
1044 4221 1125 4288 ideo
1153 4243 1232 4288 cum
1260 4221 1401 4308 ponitur
1423 4242 1479 4286 res
1513 4242 1586 4287 non
1615 4221 1767 4288 existens
1802 4222 1943 4309 ponitur
1969 4222 2170 4309 simpliciter
2197 4246 2268 4290 non

787 4357 863 4419 ene,
887 4337 935 4403 ita
961 4337 1064 4404 etiam
1088 4338 1183 4424 quod
1208 4339 1402 4403 secundum
1427 4358 1505 4403 esse
1529 4337 1704 4403 essentiae
1721 4359 1793 4404 non
1810 4349 1928 4425 potest
1955 4328 2024 4404 di'ci
2047 4359 2132 4419 ens3
2157 4349 2190 4405 et
2218 4339 2270 4407 sic

787 4463 884 4540 patet
907 4453 1035 4519 veritas
1059 4465 1093 4519 et
1117 4452 1246 4519 solutio
1270 4452 1485 4539 quaestionis
1510 4453 1733 4538 praemissae.

1324 4882 1644 4967 Quaes‘mo
1684 4885 1724 4949 11

1428 5044 1619 5118 (conon).

1063 5256 1204 5333 Uirum
1230 5255 1352 5355 prius
1380 5261 1537 5331 creetur
1564 5257 1736 5331 essentia
1766 5283 1885 5359 quam
1916 5284 2008 5333 esse.

877 5585 1006 5650 Postea
1045 5582 1138 5649 circa
1176 5583 1370 5649 secundum
1409 5582 1677 5668 praedictorum,
1706 5582 1840 5650 scilicet
1874 5594 1986 5651 utrum
2022 5585 2056 5651 in
2092 5586 2269 5654 creatione

788 5708 968 5767 creaturae
992 5699 1088 5786 prius
1117 5709 1251 5765 creetur
1281 5698 1357 5784 ipsa
1385 5698 1537 5765 essentia
1560 5720 1665 5785 quam
1690 5698 1803 5786 ipsum
1828 5721 1907 5767 esse
1935 5702 2199 5787 procedebatur.
2225 5703 2268 5769 Et

788 5815 999 5905 arguebatur
1023 5816 1118 5901 quod
1136 5813 1170 5880 in
1188 5814 1365 5881 creatione
1382 5825 1562 5882 creaturae
1577 5814 1589 5850 ⁶
1612 5815 1709 5902 prius
1726 5827 1863 5884 creetur
1879 5838 1958 5885 esse
1975 5839 2079 5904 quam
2104 5818 2267 5900 essentia,

879 6102 960 6172 ¹quo
980 6101 1011 6155 P.
1031 6132 1063 6140 -
1084 6100 1152 6154 'est
1171 6101 1202 6153 P.
1223 6132 1255 6140 -
1275 6101 1354 6154 'orm
1375 6101 1405 6153 P.
1426 6133 1458 6141 —
1479 6103 1570 6156 ‘ante
1589 6103 1620 6156 P.
1642 6133 1674 6141 -
1696 6103 1775 6156 ⁵um.
1797 6103 1827 6156 Ρ.
