6700 7992
1256 1456 1432 1514 reantur
1461 1455 1761 1528 cooperuerunt,
1789 1455 1826 1527 Q.
1854 1454 1910 1511 xn
2269 1457 2321 1509 223

845 1637 1009 1725 implicita
1040 1624 1262 1704 ethabituali
1294 1636 1494 1722 superioris
1518 1635 1585 1701 nisi
1609 1636 1644 1701 in
1680 1647 1832 1703 extrema
1866 1634 2077 1702 necessitate
2111 1634 2146 1700 in
2178 1656 2247 1720 qua
2280 1655 2322 1700 ex

846 1754 964 1820 divino
981 1764 1170 1840 praecepto
1195 1775 1265 1838 quo
1289 1765 1448 1818 tenemur
1470 1751 1647 1837 proximos
1672 1752 1816 1839 diligere
1840 1751 1952 1840 magis
1975 1762 2134 1818 tenemur
2155 1750 2322 1818 oboedire

846 1871 924 1938 Deo
966 1891 1069 1956 quam
1109 1868 1251 1949 homini,
1292 1878 1326 1933 et
1364 1868 1411 1933 ita
1448 1867 1606 1953 proximo
1642 1867 1677 1933 in
1715 1879 1868 1934 extrema
1909 1866 2119 1934 necessitate
2162 1865 2323 1933 existenti

846 1986 1031 2052 subvenire
1056 1984 1157 2051 etiam
1183 1995 1304 2050 contra
1328 1994 1554 2069 praeceptum
1583 1983 1834 2068 cuiuscumque
1866 1983 2064 2070 superioris.
2090 1983 2161 2050 Sed
2186 1983 2323 2050 dehoc

846 2101 931 2167 nihil
955 2103 999 2167 ad
1024 2100 1251 2187 propositum.

937 2217 1025 2283 Cum
1064 2216 1168 2305 igitur
1206 2202 1294 2281 uxor
1330 2216 1441 2281 subsit
1480 2216 1644 2301 potestati
1681 2214 1754 2296 viri,
1801 2225 1969 2300 quantum
2008 2216 2053 2280 ad
2093 2235 2222 2299 corpus
2268 2214 2323 2280 vel

847 2354 1035 2420 personam
1059 2353 1157 2397 suam
1182 2343 1217 2398 et
1240 2342 1407 2417 quantum
1432 2332 1476 2396 ad
1511 2333 1605 2396 bona
1642 2330 1811 2397 exteriora
1843 2330 1916 2397 sive
1952 2330 2107 2416 ipsorum
2143 2330 2323 2415 dispensa-

847 2448 988 2528 tionem,
1014 2448 1093 2514 ideo
1118 2468 1185 2513 nec
1217 2458 1336 2513 votum
1367 2447 1599 2512 abstinentiae
1630 2446 1705 2512 sine
1741 2468 1918 2512 consensu
1942 2446 2005 2512 viri
2028 2456 2145 2532 potest
2168 2444 2324 2513 emittere

848 2575 882 2632 et
906 2563 1008 2630 etiam
1033 2563 1062 2628 si
1086 2563 1238 2629 emiserit
1261 2563 1313 2627 vir
1336 2572 1452 2648 potest
1475 2583 1650 2629 revocare.
1677 2562 1720 2627 Et
1736 2563 1804 2628 hoc
1826 2573 1878 2628 est
1894 2563 1990 2648 quod
2007 2562 2133 2628 dicitur
2147 2561 2325 2650 trigesima

847 2679 957 2761 tertia,
982 2677 1186 2764 quaestione
1211 2678 1329 2763 quinta
1347 2680 1410 2764 (1):
1436 2678 1657 2743 manifestum
1685 2687 1747 2758 est,
1773 2677 1820 2742 ita
1845 2677 1997 2744 voluisse
2020 2677 2133 2766 legem
2160 2676 2326 2742 feminam

848 2796 913 2861 sub
960 2793 1033 2859 viro
1072 2814 1162 2873 esse,
1200 2804 1238 2858 ut
1274 2793 1369 2858 nulla
1408 2792 1482 2858 eius
1521 2803 1603 2858 vota
1641 2814 1732 2878 quae
1770 2791 2001 2858 abstinentiae
2036 2814 2143 2858 causa
2181 2791 2325 2872 voverit,

848 2910 1038 2976 reddantur
1061 2911 1105 2974 ab
1131 2931 1182 2988 ea,
1206 2908 1273 2974 nisi
1304 2918 1426 2975 auctor
1448 2907 1500 2973 vir
1523 2907 1626 2973 suerit
1653 2907 1886 2993 permittendo
1911 2919 1944 2974 et
1972 2918 2096 2974 cetera.
2127 2906 2218 2992 Quia
2246 2905 2327 2973 licet

848 3026 884 3091 in
908 3024 1027 3091 debito
1052 3023 1206 3113 coniugii
1230 3045 1342 3109 aeque
1370 3024 1491 3090 mulier
1514 3026 1620 3090 habet
1645 3035 1855 3108 potestatem
1885 3023 1947 3089 viri
1972 3024 2062 3090 sicut
2089 3022 2140 3089 vir
2164 3022 2326 3103 mulieriS,

849 3150 883 3208 et
917 3140 998 3206 ideo
1030 3151 1149 3206 votum
1183 3139 1418 3206 continentiae
1458 3140 1509 3204 vir
1543 3161 1616 3205 non
1651 3150 1767 3225 potest
1802 3140 1918 3205 facere
1953 3150 2077 3205 contra
2114 3140 2326 3205 voluntatem

849 3256 976 3335 uxoris,
1001 3254 1036 3320 in
1068 3256 1192 3322 ceteris
1216 3271 1333 3321 tamen
1369 3255 1419 3320 vir
1451 3266 1503 3322 est
1535 3266 1640 3339 caput
1671 3254 1823 3320 mulieris
1855 3266 1890 3321 et
1914 3265 2039 3335 cetera,
2065 3265 2099 3322 et
2130 3254 2252 3321 mulier
2275 3264 2328 3319 est

849 3393 963 3458 paene
987 3371 1117 3437 famula
1141 3371 1226 3452 eiuS,
1244 3382 1281 3436 ut
1305 3371 1433 3437 ibidem
1458 3371 1584 3436 dicitur
1607 3370 1761 3457 capitulo
1786 3372 1885 3437 Haec
1910 3371 2026 3459 imago
2042 3373 2099 3456 (2).
2124 3372 2204 3437 Hoc
2225 3369 2328 3436 etiam

850 3490 1015 3556 convenit
1037 3489 1214 3553 monacho
1240 3486 1411 3574 vigesimo
1426 3487 1446 3567 ¹,
1471 3486 1677 3571 quaestione
1708 3497 1828 3571 quarta
1847 3489 1918 3570 (3):
1944 3487 2125 3554 monachis
2153 3489 2329 3555 nonlicet

849 3616 968 3672 votum
993 3626 1122 3671 vovere
1156 3604 1232 3669 sine
1264 3624 1442 3670 consensu
1466 3602 1611 3668 abbatis.
1643 3602 1680 3669 Si
1712 3606 1717 3687 )
1750 3613 1865 3668 autem
1890 3603 2057 3684 voverint,
2093 3604 2328 3693 frangendum
2385 3602 2487 3657 conv

851 3732 912 3787 est.
936 3722 1022 3787 Item
1046 3720 1170 3787 eadem
1193 3719 1327 3785 ratione
1351 3740 1425 3784 non
1449 3729 1565 3806 potest
1589 3739 1677 3784 uxor
1700 3718 1867 3804 quicquid
1898 3719 1980 3786 dare
2016 3721 2061 3785 de
2096 3722 2200 3787 rebus
2236 3742 2328 3787 com·
2349 3673 2520 3729 {Ol'mva

849 3837 1014 3903 munibus
1043 3836 1108 3902 sibi
1136 3846 1170 3902 et
1197 3834 1319 3900 marito
1347 3834 1424 3901 sine
1455 3855 1633 3900 consensu
1667 3834 1788 3901 mariti.
1822 3836 1925 3902 Unde
1958 3836 2081 3902 eadem
2110 3837 2329 3921 quaestione,

851 3952 1003 4039 capitulo
1034 3953 1141 4036 Quod
1173 3953 1251 4017 Deo
1283 3950 1358 4036 pari
1389 3971 1566 4016 consensu
1591 3952 1648 4034 (4),
1681 3949 1901 4040 Augustinus
1926 3953 1973 4034 (5)
2002 3951 2085 4018 dicit
2112 3952 2159 4017 ibi
2191 3952 2330 4019 cuidam

851 4067 1082 4157 coniugatae:
1107 4066 1192 4132 nihil
1216 4067 1260 4133 de
1284 4078 1342 4132 tua
1361 4077 1468 4147 veste,
1492 4066 1578 4131 nihil
1603 4066 1647 4132 de
1671 4087 1758 4132 auro
1782 4067 1838 4132 vel
1862 4067 1906 4133 de
1931 4078 2077 4155 argento
2101 4068 2156 4133 vel
2181 4069 2331 4155 pecunia

850 4185 905 4250 vel
940 4186 1045 4251 rebus
1080 4183 1226 4249 terrenis
1256 4181 1324 4248 tuis
1360 4182 1436 4248 sine
1468 4180 1608 4247 arbitrio
1641 4182 1716 4248 eius
1745 4183 1862 4249 facere
1893 4182 2055 4248 debuisti.
2091 4183 2135 4249 Et
2166 4183 2214 4249 ibi
2249 4184 2332 4251 dicit

853 4299 981 4366 Glossa
995 4303 1042 4385 (6)
1067 4300 1163 4385 quod
1180 4297 1356 4384 duplicem
1380 4297 1580 4363 servitutem
1595 4299 1701 4364 habet
1716 4297 1768 4363 vir
1791 4297 1826 4363 in
1843 4319 1962 4379 uxore,
1980 4320 2085 4364 unam
2103 4300 2148 4365 ad
2165 4299 2331 4383 debitum,

851 4414 953 4481 aliam
970 4415 1015 4480 ad
1032 4414 1270 4480 ministerium.
1296 4414 1386 4479 Cum
1403 4434 1488 4501 ergo
1506 4413 1557 4478 vir
1573 4415 1701 4479 habeat
1717 4414 1857 4499 plenam
1874 4425 2083 4499 potestatem
2101 4415 2332 4502 dispensandi

853 4542 887 4599 et
914 4531 1127 4618 disponendi
1158 4531 1202 4596 de
1229 4529 1332 4595 bonis
1364 4528 1614 4615 temporalibus
1644 4528 1748 4594 etiam
1781 4530 1826 4595 ad
1857 4529 2035 4596 mulierem
2065 4530 2331 4617 pertinentibus

851 4647 989 4714 videtur
1012 4647 1108 4731 quod
1137 4647 1181 4712 de
1208 4646 1302 4710 nulla
1332 4667 1369 4711 re
1397 4665 1464 4710 nec
1488 4644 1590 4710 etiam
1620 4646 1664 4710 de
1693 4646 1775 4710 dote
1803 4666 1894 4730 quae
1925 4646 2027 4711 datur
2054 4657 2197 4732 propter
2224 4669 2333 4714 onera

852 4762 1061 4829 matrimonii
1089 4763 1330 4848 supportanda
1357 4782 1449 4846 quae
1475 4760 1588 4849 magis
1620 4760 1771 4846 pertinet
1800 4762 1844 4825 ad
1875 4760 1986 4847 ipsam
2018 4783 2123 4846 quam
2150 4784 2206 4829 res
2233 4762 2332 4845 aliae,

852 4878 963 4965 possit
978 4899 1066 4943 uxor
1083 4879 1342 4962 eleemosynam
1367 4877 1484 4942 facere
1508 4876 1574 4941 nisi
1596 4876 1632 4942 in
1656 4887 1824 4962 quantum
1848 4878 1918 4942 hoc
1941 4878 2100 4971 procedit
2125 4880 2169 4945 de
2192 4878 2332 4947 licentia

853 5005 888 5062 et
911 4994 1089 5061 voluntate
1113 4993 1176 5058 viri
1200 4992 1361 5079 explicita
1378 5002 1412 5058 et
1429 4992 1464 5058 in
1484 5003 1575 5072 actu,
1593 4993 1647 5058 vel
1665 4991 1831 5079 implicita
1847 5003 1881 5059 et
1904 4992 1940 5059 in
1964 4993 2094 5060 habitu.

945 5308 953 5338 ¹
966 5305 1064 5359 22o.V.

945 5540 984 5603 (l)
1005 5554 1029 5591 c.
1054 5539 1095 5591 11.
1116 5536 1148 5591 C.
1172 5536 1306 5590 XXXIII.
1327 5554 1353 5607 q.
1373 5539 1398 5590 5.
1418 5569 1452 5577 —
1471 5539 1509 5605 (2)
1530 5554 1554 5591 c.
1575 5539 1616 5590 13.
1637 5536 1703 5591 eod.
1726 5568 1760 5577 —
1780 5541 1819 5604 (3)
1837 5555 1862 5592 c.
1881 5542 1906 5593 2.
1927 5538 1959 5593 C.
1978 5540 2041 5593 XX.
2062 5557 2088 5611 q.
2107 5543 2132 5594 4.
2153 5572 2187 5580 -
2206 5544 2246 5609 (4)
2265 5558 2290 5595 c.
2309 5544 2334 5596 4.

856 5625 889 5680 C.
909 5623 1043 5678 XXXIII.
1063 5641 1090 5695 q.
1110 5627 1134 5677 5.
1154 5649 1188 5663 ¹—
1208 5626 1247 5690 (ὅ)
1267 5623 1461 5693 Augustini
1480 5624 1529 5676 Ad
1547 5624 1703 5677 Ecdicium
1726 5624 1853 5696 epistula
1871 5628 1925 5680 262
1944 5626 1990 5695 [al.
2006 5629 2066 5696 199]
2090 5628 2132 5695 (Ρ.
2152 5627 2193 5696 L,
2215 5630 2272 5683 vol.
2292 5633 2335 5694 33,

856 5711 911 5767 col.
927 5714 1007 5779 1079)
1019 5729 1025 5765 :
1038 5732 1050 5761 «
1063 5710 1141 5765 Nihil
1155 5729 1227 5782 ergo
1241 5711 1278 5765 de
1292 5720 1341 5766 tua
1352 5720 1445 5778 veste,
1460 5710 1530 5764 nihil
1544 5710 1581 5764 de
1596 5720 1645 5765 tuo
1660 5729 1730 5766 aure
1743 5713 1791 5766 vel
1805 5722 1928 5783 argento
1942 5715 1989 5768 vel
2003 5732 2188 5788 quacumque
2201 5717 2336 5788 pecunia,

856 5807 906 5854 aut
919 5799 1007 5853 rebus
1020 5799 1086 5853 ullis
1102 5799 1225 5853 terrenis
1239 5799 1295 5853 tuis
1309 5800 1371 5869 sine
1386 5799 1505 5853 arbitrio
1526 5800 1589 5853 eius
1608 5798 1708 5853 facere
1729 5800 1891 5854 debuisti.»
1907 5833 1939 5840 -
1958 5805 1997 5868 (6)
2012 5802 2118 5857 Glossa
2133 5803 2170 5857 ad
2184 5821 2208 5858 c.
2221 5808 2246 5859 4.
2261 5805 2336 5871 eod,

856 5905 883 5941 v.
896 5887 996 5941 hunc:
1011 5886 1096 5941 «Sed
1110 5904 1219 5959 quaero
1240 5904 1305 5940 cum
1325 5887 1373 5942 isti
1392 5895 1493 5941 votum
1507 5886 1665 5954 emiserint,
1686 5904 1777 5957 quare
1796 5896 1895 5943 vestes
1914 5898 2027 5943 mutare
2046 5908 2105 5944 non
2124 5893 2270 5962 possunt?
2287 5892 2336 5947 Ad

856 5976 914 6029 hoc
927 5974 1009 6029 dicas
1023 5973 1104 6046 quod
1116 5974 1161 6029 vir
1173 5973 1321 6046 duplicem
1337 5975 1426 6028 habet
1441 5974 1612 6029 servitutem
1627 5975 1655 6028 in
1669 5992 1768 6041 uxore,
1781 5992 1869 6028 unam
1883 5975 1982 6048 quoad
1995 5977 2126 6031 debitum
2145 5978 2335 6043 reddendum,

857 6062 914 6127 alia
928 6061 1027 6139 quoad
1039 6050 1231 6116 ministerium
1245 6061 1301 6116 sibi
1315 6061 1520 6128 exhibendum,
1536 6061 1622 6119 Unde
1636 6061 1706 6119 licet
1718 6080 1806 6126 unam
1824 6063 2010 6134 relaxaverit,
2023 6082 2082 6123 non
2095 6073 2194 6129 tamen
2213 6066 2335 6134 aliam.»
