6700 7992
1133 1376 1186 1448 220
1499 1394 1691 1450 unmsrm
1720 1393 1940 1450 counimur
1968 1397 2021 1450 nn
2050 1379 2249 1452 sommus

1133 1612 1291 1688 ternpore
1329 1600 1532 1687 posteriore,
1572 1601 1687 1667 minus
1726 1604 1785 1668 det
1823 1625 1927 1688 quam
1963 1602 1992 1668 si
2031 1613 2156 1689 postea
2190 1604 2350 1685 solveret,
2381 1603 2611 1670 committeret

1134 1739 1285 1797 usuram,
1310 1728 1347 1783 ut
1371 1728 1466 1803 patet
1490 1717 1524 1782 in
1548 1718 1724 1784 locatione
1748 1719 1932 1784 domorum
1958 1731 1991 1784 et
2014 1719 2225 1784 huiusmodi.

1223 1833 1373 1898 Primum
1400 1833 1543 1899 istorum
1568 1855 1610 1900 ex
1645 1856 1716 1919 quo
1741 1834 1843 1900 etiam
1868 1834 2024 1919 sequitur
2054 1836 2259 1916 secundum,
2292 1847 2387 1921 patet
2421 1857 2484 1922 per
2518 1835 2610 1902 illam

1135 1950 1342 2016 decretalem
1374 1950 1478 2014 Extra
1513 1951 1557 2016 de
1593 1950 1716 2030 usuris,
1750 1950 1935 2016 Consuluit
1963 1954 2020 2033 (1),
2054 1950 2113 2016 ubi
2148 1950 2294 2017 dicitur:
2331 1951 2508 2018 consuluit
2543 1972 2610 2018 nos

1133 2077 1193 2131 tua
1217 2065 1357 2131 devotio
1383 2087 1426 2130 an
1463 2066 1516 2131 ille
1552 2066 1586 2130 in
1618 2065 1747 2131 iudicio
1780 2066 1971 2131 animarum
2005 2066 2181 2132 usurarius
2214 2068 2341 2133 debeat
2375 2067 2519 2133 iudicari
2551 2067 2611 2153 qui

1134 2203 1268 2247 merces
1300 2204 1382 2247 suas
1407 2182 1514 2269 longe
1539 2181 1668 2246 maiore
1693 2182 1804 2268 pretio
1835 2181 1993 2247 distrahit
2017 2182 2045 2247 si
2086 2183 2130 2247 ad
2161 2183 2372 2249 solutionem
2411 2183 2608 2250 faciendam

1134 2297 1256 2383 prolixi
1287 2297 1454 2384 temporis
1494 2298 1610 2363 dilatio
1646 2309 1856 2385 prorogetur
1886 2321 1989 2383 quam
2028 2298 2056 2362 si
2097 2299 2128 2363 ci
2163 2299 2199 2364 in
2238 2299 2430 2366 continenti
2462 2299 2610 2386 pretium

1134 2415 1359 2499 persolvatur.
1385 2414 1428 2478 Et
1463 2414 1571 2479 infra:
1607 2414 1684 2479 talis
1720 2414 1929 2480 iudicandus
1963 2427 2017 2481 est
2041 2415 2130 2481 male
2162 2437 2267 2504 agere
2300 2427 2334 2482 et
2363 2417 2408 2481 ad
2443 2436 2485 2482 ea
2520 2437 2611 2501 quae

1133 2529 1245 2596 taliter
1269 2542 1351 2595 sunt
1367 2541 1513 2616 accepta
1534 2529 1749 2596 restituenda
1767 2530 1802 2595 in
1820 2530 2011 2595 animarum
2028 2530 2157 2596 iudicio
2175 2531 2360 2598 efficaciter
2376 2530 2609 2598 inducendus,

1135 2645 1173 2711 Si
1198 2657 1312 2711 autem
1337 2645 1461 2731 aliquis
1485 2647 1613 2711 habeat
1636 2668 1708 2711 rem
1732 2667 1823 2731 quae
1847 2645 1960 2711 statim
1985 2646 2089 2712 vendi
2124 2647 2236 2732 possit
2262 2647 2312 2713 sic
2343 2648 2438 2732 quod
2462 2647 2612 2714 totaliter

1134 2763 1360 2828 transferatur
1382 2761 1419 2826 in
1443 2772 1633 2848 emptorem
1659 2762 1825 2856 quicquid
1859 2763 1903 2828 de
1938 2761 1994 2826 illa
2029 2773 2144 2849 potest
2167 2785 2188 2828 a
2218 2764 2393 2829 vendente
2424 2762 2610 2844 transferri,

1135 2889 1255 2965 utpote
1279 2880 1419 2944 bladum
1444 2878 1499 2944 vel
1524 2878 1640 2943 vinum
1666 2878 1732 2943 iam
1757 2878 1792 2943 in
1823 2879 1949 2945 horreo
1985 2879 2038 2943 vel
2064 2879 2203 2945 cellario
2228 2879 2463 2960 recollectum,
2489 2890 2523 2945 et
2548 2900 2611 2965 pro

1135 2995 1261 3081 quibus
1292 2995 1440 3080 pretium
1465 2993 1647 3060 consuevit
1673 2994 1747 3059 dari
1777 2994 1811 3059 in
1844 2993 2038 3060 continenti
2073 3016 2153 3061 cum
2188 2995 2358 3076 venditur,
2383 2995 2412 3061 si
2443 2994 2521 3061 talis
2556 3016 2611 3062 res

1135 3110 1320 3177 consuevit
1358 3111 1436 3197 plus
1476 3121 1510 3177 et
1544 3109 1658 3175 minus
1692 3110 1805 3176 valere
1844 3111 2039 3176 seeundum
2075 3110 2310 3177 diversitatem
2340 3122 2535 3197 temporum
2564 3115 2613 3196 (et

1134 3228 1215 3294 ideo
1251 3227 1356 3312 aliqui
1390 3236 1554 3312 potentes
1581 3226 1758 3293 custodire
1788 3225 1991 3293 custodiunt
2017 3226 2109 3291 illam
2141 3248 2254 3312 usque
2289 3227 2334 3292 ad
2368 3238 2506 3314 tempus
2543 3249 2612 3313 quo

1135 3345 1224 3411 solet
1270 3345 1348 3430 plus
1388 3344 1523 3423 valere;
1571 3341 1769 3442 indigentes
1812 3364 1895 3408 vero
1942 3343 2099 3408 vendunt
2137 3342 2233 3427 prius
2276 3344 2471 3409 secundum
2517 3344 2613 3429 quod

1135 3459 1330 3548 indigentia
1354 3459 1632 3545 compelluntur),
1658 3498 1698 3504 —
1724 3469 1807 3524 tunc
1831 3458 1860 3524 si
1886 3458 1983 3524 dives
2008 3461 2143 3524 habens
2167 3459 2366 3525 huiusmodi
2390 3481 2473 3542 rem,
2490 3470 2612 3546 utpote

1136 3576 1348 3642 frumentum
1388 3574 1424 3640 in
1459 3573 1631 3660 principio
1665 3574 1799 3654 hiemis
1835 3595 1914 3640 cum
1950 3576 2040 3640 solet
2075 3575 2190 3641 valere
2223 3576 2345 3641 decem
2377 3575 2520 3657 solidos,
2557 3577 2613 3642 vel

1136 3690 1295 3771 triticum,
1321 3693 1416 3776 quod
1441 3713 1512 3757 non
1537 3690 1686 3756 intendit
1710 3691 1864 3757 vendere
1893 3701 1973 3757 ante
1997 3690 2204 3777 principium
2229 3691 2396 3779 Augusti,
2420 3713 2500 3758 cum
2525 3691 2616 3758 solet

1136 3807 1251 3873 valere
1276 3806 1463 3873 duodecim
1479 3806 1613 3872 solidos
1632 3806 1699 3891 [vel
1722 3806 1894 3890 triticum],
1915 3817 1950 3873 et
1966 3806 2046 3873 velit
2063 3806 2186 3891 aliquis
2206 3828 2279 3872 non
2299 3809 2435 3873 habens
2457 3819 2613 3893 paratam

1135 3922 1320 4009 pecuniam
1345 3933 1379 3989 et
1406 3922 1569 4011 indigens
1595 3923 1769 3988 frumento
1794 3944 1858 4008 pro
1882 3933 2039 4009 tempore
2074 3922 2265 4008 praedicte,
2293 3922 2426 3989 scilicet
2457 3922 2492 3988 in
2522 3922 2613 4010 prin-

1136 4039 1230 4124 cipio
1261 4037 1395 4119 hiemiS,
1428 4059 1543 4104 emere
1575 4040 1619 4103 ab
1652 4037 1710 4102 illo
1742 4038 1963 4118 frumentum,
1995 4078 2036 4085 -
2065 4038 2201 4104 videtur
2232 4039 2329 4123 quod
2362 4038 2455 4105 licite
2487 4038 2614 4125 poterit

1135 4155 1287 4221 vendere
1315 4153 1429 4220 carius
1453 4176 1558 4239 quam
1582 4155 1695 4219 valeat
1723 4165 1879 4239 tempore
1907 4153 2118 4220 venditionis
2143 4153 2216 4220 sive
2240 4154 2276 4219 in
2304 4164 2461 4240 tempore
2484 4154 2520 4219 in
2543 4174 2613 4239 quo

1135 4270 1265 4351 vendit,
1290 4271 1371 4336 dum
1396 4281 1512 4336 tamen
1530 4292 1601 4336 non
1626 4270 1756 4337 vendat
1779 4269 1893 4335 carius
1917 4292 2022 4355 quam
2047 4269 2267 4336 communius
2291 4271 2406 4336 valere
2431 4268 2615 4336 consuevit

1135 4399 1292 4473 tempore
1326 4386 1520 4466 solutionis,
1549 4385 1682 4452 scilicet
1715 4397 1873 4471 tempore
1908 4407 1972 4471 pro
2004 4407 2074 4470 quo
2100 4385 2228 4467 vendit,
2264 4396 2301 4450 ut
2330 4406 2394 4472 pro
2426 4384 2613 4452 duodecim

1135 4502 1255 4569 solidis
1280 4503 1334 4568 vel
1358 4524 1480 4589 parum
1505 4502 1582 4587 plus
1600 4501 1654 4567 vel
1679 4501 1803 4581 minus,
1824 4501 1870 4566 ita
1893 4512 2009 4567 tamen
2034 4502 2129 4586 quod
2153 4523 2226 4567 non
2251 4501 2392 4567 recedat
2415 4500 2613 4567 notabiliter

1053 4647 1056 4652 ·
1135 4640 1156 4683 a
1184 4618 1300 4685 medio
1331 4619 1525 4684 secundum
1562 4638 1782 4682 communem
1815 4617 2106 4683 consuetudinem
2131 4616 2361 4682 aestimando,
2398 4616 2496 4682 Licet
2520 4615 2612 4683 enim

1132 4733 1320 4820 unicuique
1344 4734 1392 4800 rei
1412 4756 1512 4799 suum
1530 4733 1677 4820 pretium
1695 4733 1874 4818 imponere
1899 4744 2000 4818 prout
2016 4733 2097 4814 vult,
2123 4733 2205 4798 dum
2230 4743 2347 4798 tamen
2371 4753 2445 4797 non
2466 4733 2614 4800 excedat

1132 4850 1329 4917 notabiliter
1353 4849 1498 4936 pretium
1523 4850 1618 4934 quod
1643 4849 1732 4914 solet
1756 4848 1987 4914 communiter
2010 4848 2251 4915 aestimatione
2275 4848 2330 4914 vel
2354 4846 2613 4914 consuetudine

1132 4966 1246 5048 statui,
1271 4977 1305 5032 et
1334 4967 1403 5032 hoc
1427 4965 1559 5032 scilicet
1590 4965 1685 5049 quod
1718 4986 1813 5031 nunc
1844 4964 1974 5030 dictum
2006 4976 2058 5030 est
2090 4965 2134 5030 de
2166 4963 2299 5030 cariore
2331 4962 2533 5030 venditione
2562 4961 2613 5029 rei

1133 5104 1237 5168 quam
1269 5084 1382 5148 valeat
1413 5093 1569 5167 tempore
1603 5080 1824 5160 venditionis
1857 5080 2053 5146 confirmari
2086 5090 2211 5166 potest.
2250 5079 2343 5163 Quia
2373 5081 2442 5146 hoc
2477 5078 2614 5145 videtur

1133 5199 1250 5265 dicere
1288 5197 1345 5263 illa
1383 5196 1567 5264 decretalis
1601 5197 1716 5276 Extra,
1757 5195 1942 5282 capitulo:
1979 5195 2014 5261 in
2048 5195 2185 5262 civitate
2219 5206 2278 5260 tua
2304 5198 2350 5279 (2)
2383 5194 2470 5261 dicis
2505 5215 2614 5281 saepe

1134 5313 1339 5403 contingere
1377 5315 1473 5399 quod
1513 5312 1653 5398 quidam
1694 5332 1827 5378 merces
1866 5311 1999 5397 aliquas
2032 5322 2239 5398 comparant
2278 5331 2369 5396 quae
2407 5321 2492 5376 tunc
2526 5310 2614 5376 ultra

1133 5430 1288 5517 quinque
1311 5429 1416 5494 libras
1447 5451 1521 5495 non
1545 5429 1661 5494 valent
1694 5438 1727 5493 et
1762 5427 1965 5513 promittunt
2001 5449 2040 5494 se
2071 5448 2134 5493 sex
2165 5427 2271 5492 libras
2304 5437 2434 5492 statuto
2464 5423 2612 5493 termino

1134 5547 1321 5626 soluturos
1346 5556 1380 5612 et
1404 5545 1450 5610 ita
1482 5544 1683 5609 venditores
1713 5556 1897 5629 peccatum
1928 5543 2110 5609 incurrunt
2136 5542 2203 5608 nisi
2233 5542 2375 5608 dubium
2407 5541 2451 5607 sit
2478 5561 2613 5608 merces

1133 5661 1211 5728 illos
1242 5663 1320 5749 plus
1352 5661 1406 5727 vel
1441 5659 1555 5725 minus
1587 5659 1771 5725 solutionis
1803 5671 1959 5745 tempore
1982 5659 2157 5725 valituras
2182 5659 2263 5724 Hoc
2289 5657 2382 5724 idem
2415 5656 2614 5746 expressius

1224 6012 1262 6081 (1)
1284 6026 1308 6065 c.
1329 6012 1370 6064 10.
1389 6007 1424 6063 X.
1444 6007 1482 6063 de
1500 6025 1577 6063 usur.
1598 6007 1631 6062 V.
1652 6010 1694 6062 19.
1708 6038 1742 6047 -
1762 6011 1801 6076 (2)
1817 6024 1841 6062 e.
1860 6010 1885 6062 6.
1906 6005 1972 6062 eod.
