6700 7992
1110 1408 1160 1475 rar
1474 1402 1666 1477 marsim
1695 1399 1915 1478 caparam
1944 1421 1996 1476 os
2024 1403 2223 1479 romnus

1109 1612 1143 1668 et
1170 1603 1214 1668 de
1241 1603 1374 1672 ratione
1404 1606 1536 1673 formae
1567 1614 1621 1669 est
1652 1615 1761 1685 actuS,
1794 1624 1872 1671 esse
1900 1602 1982 1669 illud
2011 1601 2045 1667 in
2071 1624 2141 1688 quo
2166 1601 2339 1668 invenitur
2361 1601 2519 1689 potentia
2542 1602 2588 1668 ad

1109 1717 1257 1803 aliquem
1297 1732 1412 1787 actum
1458 1723 1564 1787 habet
1603 1721 1771 1786 rationem
1821 1719 1994 1785 materiae.
2035 1720 2124 1784 Cum
2165 1740 2250 1806 ergo
2290 1740 2394 1785 omne
2433 1730 2586 1786 creatum

1109 1836 1279 1902 recedens
1314 1839 1359 1902 ab
1391 1838 1589 1904 actualitate
1628 1835 1884 1923 simplicissima
1915 1835 2015 1922 primi
2048 1835 2091 1900 sit
2122 1835 2156 1900 in
2187 1834 2343 1920 potentia
2377 1836 2422 1900 ad
2454 1834 2587 1921 aliquas

1108 1951 1343 2036 perfectiones
1367 1964 1401 2020 et
1429 1953 1662 2040 operationes
1692 1953 1765 2018 sive
1793 1952 1828 2018 in
1856 1951 1950 2017 omni
1977 1961 2094 2017 creato
2112 1961 2164 2016 est
2189 1950 2344 2036 potentia
2368 1952 2413 2016 ad
2437 1951 2586 2037 aliquem

1109 2078 1224 2134 actum
1262 2079 1296 2135 et
1335 2069 1597 2155 perfectionem,
1632 2079 1770 2154 oportet
1804 2089 1936 2154 ponere
1974 2067 2009 2132 in
2045 2067 2140 2133 omni
2176 2078 2292 2133 creato
2328 2066 2444 2153 aliquo
2478 2068 2587 2134 modo

1108 2183 1305 2263 materiam;
1331 2201 1364 2250 et
1381 2186 1575 2251 secundum
1593 2184 1825 2251 diversitatem
1844 2194 1982 2249 actuum
2001 2194 2034 2249 et
2059 2183 2312 2269 perfectionum
2329 2194 2381 2248 est
2405 2182 2587 2250 diversitas

1108 2288 1340 2384 potentiarum
1377 2300 1451 2367 sive
1480 2300 1708 2366 materiarum.
1743 2301 1833 2367 Cum
1866 2299 1958 2365 enim
1989 2299 2033 2364 sit
2064 2277 2205 2382 quidam
2237 2310 2336 2365 actus
2368 2299 2442 2365 sive
2477 2300 2587 2364 forma

1108 2414 1316 2500 simpliciter,
1349 2415 1480 2482 scilicet
1511 2437 1580 2501 quo
1612 2416 1740 2502 aliquid
1774 2415 1899 2482 dicitur
1930 2436 2009 2481 esse
2045 2414 2255 2500 simpliciter,
2291 2416 2386 2501 quod
2417 2426 2470 2482 est
2509 2436 2588 2483 esse

1108 2531 1337 2597 substantiam
1361 2531 1435 2598 sive
1459 2531 1494 2597 in
1518 2553 1648 2620 genere
1672 2532 1898 2611 substantiae,
1923 2542 1958 2597 et
1981 2542 2033 2596 est
2058 2530 2145 2595 alius
2170 2541 2268 2596 actus
2292 2532 2487 2597 secundum
2504 2531 2587 2616 quid

1108 2667 1178 2731 quo
1218 2647 1351 2714 scilicet
1389 2647 1518 2732 aliquid
1557 2669 1630 2714 non
1665 2647 1790 2714 dicitur
1825 2669 1903 2714 esse
1943 2645 2152 2732 simpliciter,
2185 2647 2248 2714 sed
2287 2669 2366 2714 esse
2401 2647 2503 2732 quale
2532 2648 2588 2713 vel

1108 2763 1330 2842 huiusmodi;
1349 2803 1389 2811 —
1414 2765 1608 2830 secundum
1633 2765 1702 2829 hoc
1719 2763 1822 2829 etiam
1844 2775 1896 2828 est
1920 2762 2076 2849 potentia
2093 2761 2292 2848 simpliciter
2316 2762 2447 2828 nullum
2472 2773 2587 2828 actum

1108 2880 1253 2957 habens,
1286 2894 1381 2963 quae
1415 2891 1467 2944 est
1498 2879 1654 2964 potentia
1687 2880 1732 2944 ad
1764 2900 1843 2945 esse
1875 2879 2077 2965 simpliciter
2115 2891 2149 2946 et
2184 2881 2253 2946 hoc
2292 2877 2432 2964 proprie
2463 2877 2588 2944 dicitur

1108 2993 1251 3059 materia
1275 2994 1385 3079 prima
1416 2994 1489 3060 sive
1519 2995 1599 3080 hyle
1631 3006 1665 3059 et
1697 2994 1822 3060 dicitur
1845 2995 2050 3074 subiectum,
2076 3007 2110 3062 et
2142 3007 2195 3061 est
2224 2994 2380 3080 potentia
2412 3015 2484 3060 non
2509 2993 2588 3059 sim·

1108 3108 1242 3195 pliciter
1277 3111 1339 3175 sed
1371 3112 1564 3176 secundum
1597 3111 1691 3196 quid,
1716 3122 1831 3177 actum
1864 3110 2014 3195 aliquem
2045 3112 2192 3191 habens,
2223 3122 2257 3176 et
2288 3110 2322 3175 in
2355 3109 2512 3195 potentia
2543 3110 2587 3174 ad

1108 3224 1256 3310 aliquem
1281 3237 1396 3291 actum
1421 3226 1584 3306 existenS,
1610 3236 1644 3293 et
1659 3229 1730 3292 hoe
1747 3248 1818 3293 non
1844 3226 1968 3292 dicitur
1985 3227 2124 3312 proprie
2141 3226 2284 3292 materia
2300 3226 2364 3292 sed
2380 3225 2586 3291 subiectum.

1109 3339 1202 3423 Quia
1232 3361 1316 3427 ergo
1352 3341 1387 3405 in
1419 3342 1554 3429 angelis
1587 3354 1639 3408 est
1671 3342 1823 3427 reperire
1855 3353 1954 3408 actus
1979 3341 2226 3422 accidentales
2259 3352 2396 3408 constat
2426 3340 2522 3427 quod
2552 3340 2588 3407 in

1109 3455 1244 3544 angelis
1286 3466 1338 3522 est
1376 3457 1542 3542 potentia,
1582 3469 1616 3524 et
1654 3479 1726 3524 non
1766 3458 1899 3524 ratione
1943 3458 2117 3539 materiae,
2157 3457 2239 3542 quia
2277 3457 2353 3544 ipsa
2391 3456 2587 3523 substantia

1109 3571 1313 3659 angelorum
1349 3594 1412 3638 ens
1444 3572 1479 3638 in
1516 3585 1595 3639 actu
1635 3574 1853 3639 substantiali
1888 3585 1941 3640 est
1976 3574 2171 3640 subiectum
2211 3595 2351 3639 suarum
2391 3572 2513 3639 virium
2553 3583 2587 3639 et

1108 3686 1341 3773 potentiarum
1369 3689 1574 3754 naturalium
1599 3711 1690 3775 quae
1714 3692 1908 3756 secundum
1934 3690 2068 3775 aliquos
2092 3699 2174 3755 sunt
2190 3689 2384 3756 accidentia
2404 3700 2439 3755 et
2461 3709 2525 3775 per
2548 3709 2587 3755 se

1107 3803 1337 3889 proprietates
1374 3805 1577 3870 essentiales
1612 3807 1771 3872 secundo
1804 3807 1909 3871 modo
1934 3806 2074 3873 dicendi
2106 3827 2169 3893 per
2199 3827 2247 3871 se.
2273 3804 2316 3869 Et
2343 3803 2486 3871 ulterius
2509 3803 2587 3890 ipsa

1108 3931 1187 3985 c'um
1212 3918 1411 3986 huiusmodi
1437 3919 1567 3986 viribus
1600 3932 1652 3987 est
1685 3921 1880 3988 subiectum
1909 3921 2151 4008 operationum
2183 3921 2310 4007 quibus
2341 3920 2517 4006 perficitur
2550 3918 2586 3985 in

1107 4034 1335 4123 intelligendo
1373 4047 1408 4102 et
1441 4037 1603 4103 volendo.
1633 4037 1727 4121 Quia
1761 4036 1864 4104 etiam
1893 4039 2027 4104 caelum
2056 4049 2109 4104 est
2136 4037 2172 4103 in
2200 4036 2356 4123 potentia
2384 4037 2428 4102 ad
2454 4046 2585 4103 motum

961 4149 966 4157 ’
1045 4182 1047 4186 ·
1107 4151 1162 4216 vel
1197 4151 1241 4215 ad
1269 4151 1339 4232 ubi,
1364 4152 1445 4218 ideo
1473 4152 1587 4237 ipsum
1619 4165 1671 4218 est
1696 4142 1869 4238 quaedam
1897 4153 2052 4238 potentia
2088 4155 2143 4220 vel
2175 4153 2353 4238 quoddam
2388 4152 2584 4218 subiectum

1107 4277 1268 4352 respectu
1301 4267 1510 4333 huiusmodi.
1544 4308 1583 4316 -
1617 4270 1689 4336 Sed
1725 4281 1837 4336 utrum
1869 4269 1946 4355 ipsa
1970 4270 2165 4335 substantia
2189 4269 2304 4357 angeli
2329 4289 2419 4354 quae
2446 4267 2498 4334 sic
2533 4279 2586 4334 est

1106 4382 1301 4449 subiectum
1320 4396 1353 4449 et
1369 4386 1524 4469 potentia
1547 4384 1582 4449 in
1607 4406 1645 4450 se
1662 4384 1738 4470 ipsa
1762 4384 1805 4450 sit
1829 4385 2024 4471 composita
2049 4407 2091 4451 ex
2115 4406 2196 4451 vera
2220 4385 2363 4450 materia
2380 4396 2413 4451 et
2430 4383 2586 4470 potentia

1106 4498 1334 4579 substantiali,
1360 4500 1404 4565 de
1427 4501 1497 4565 hoc
1522 4512 1574 4566 est
1598 4501 1767 4584 quaestio.

1196 4614 1239 4679 Et
1255 4614 1390 4680 videtur
1425 4615 1613 4680 dicendum
1646 4609 1741 4702 quod
1776 4638 1859 4694 non,
1894 4616 2058 4701 quoniam
2092 4616 2248 4702 potentia
2282 4617 2325 4681 ad
2355 4615 2584 4681 substantiam

1106 4751 1196 4815 quae
1214 4741 1266 4804 est
1289 4730 1432 4796 omnino
1456 4730 1611 4817 potentia
1636 4743 1669 4797 et
1686 4733 1782 4797 nullo
1806 4734 1912 4798 modo
1937 4743 2036 4798 actus
2052 4734 2106 4798 vel
2131 4732 2280 4816 aliquem
2301 4742 2416 4797 actum
2439 4732 2583 4811 habens,

1106 4866 1185 4911 cum
1210 4867 1282 4912 non
1309 4848 1437 4911 habeat
1464 4848 1557 4912 unde
1582 4847 1839 4928 determinetur,
1854 4860 1907 4914 est
1930 4847 2287 4926 contradictoriorum,
2313 4846 2472 4930 quamvis
2495 4845 2585 4913 acci·

1105 4961 1219 5027 dentis
1254 4962 1449 5027 subiectum
1481 4962 1577 5048 quod
1616 4974 1669 5028 est
1708 4963 1742 5029 in
1782 4974 1861 5029 actu
1901 4965 2096 5029 secundum
2136 4963 2397 5038 determinatam
2438 4963 2585 5027 formam

1104 5077 1367 5143 substantialem
1395 5078 1596 5143 necessario
1625 5079 1668 5143 sit
1693 5079 1957 5145 determinatum
1987 5090 2020 5144 et
2048 5079 2224 5166 proprium
2253 5079 2310 5143 tali
2334 5080 2388 5144 vel
2413 5077 2471 5143 tali
2495 5077 2584 5144 acci·

1105 5192 1200 5259 denti
1224 5204 1258 5259 et
1274 5215 1354 5259 non
1371 5193 1406 5257 in
1423 5193 1580 5279 potentia
1604 5195 1648 5258 ad
1666 5193 1878 5280 oppositum.
1897 5195 2004 5278 Quod
2029 5194 2121 5260 enim
2146 5194 2229 5260 dicit
2247 5216 2367 5280 puram
2392 5193 2583 5280 potentiam

1104 5309 1149 5374 ad
1181 5330 1259 5374 esse
1284 5309 1484 5395 simpliciter
1508 5309 1604 5394 quod
1629 5322 1682 5375 est
1713 5331 1793 5375 esse
1828 5311 2023 5376 secundum
2057 5310 2207 5394 aliquam
2243 5311 2389 5375 formam
2423 5309 2584 5376 substan·

1103 5424 1230 5504 tialem,
1258 5446 1330 5490 non
1366 5423 1511 5490 includit
1539 5424 1668 5508 aliquid
1696 5446 1766 5509 quo
1795 5425 1906 5512 magis
1940 5426 1985 5490 ad
2013 5448 2116 5490 unam
2145 5426 2291 5491 formam
2320 5423 2582 5491 substantialem

1103 5541 1352 5606 determinetur
1383 5562 1486 5625 quam
1519 5541 1563 5605 ad
1596 5539 1708 5605 aliam.
1741 5542 1828 5605 Nam
1861 5541 1945 5606 illud
1974 5541 2209 5606 determinans
2238 5541 2305 5606 iam
2334 5552 2427 5606 esset
2455 5539 2583 5625 aliquid

1103 5656 1250 5735 actuale.
1276 5656 1313 5722 Si
1338 5655 1429 5722 enim
1457 5666 1550 5721 esset
1577 5677 1663 5742 pure
1692 5656 1891 5742 potentiale,
1916 5656 2008 5722 idem
2034 5668 2127 5722 esset
2143 5656 2308 5722 iudicium
2326 5657 2370 5723 de
2394 5655 2482 5742 ipso.
2507 5656 2583 5722 Nec

1103 5782 1220 5857 potest
1244 5771 1313 5837 dici
1345 5772 1438 5857 quod
1471 5771 1623 5837 materia·
1647 5793 1717 5836 una
1740 5773 1785 5836 ab
1809 5772 1875 5837 alia
1907 5772 2130 5860 distinguitur
2160 5794 2199 5838 se
2223 5773 2321 5858 ipsa;
2357 5793 2438 5837 nam
2471 5771 2584 5838 forma

1101 5888 1215 5953 solum
1233 5897 1286 5952 est
1302 5908 1392 5976 quae
1417 5886 1646 5953 essentialiter
1670 5887 1803 5968 dividit,
1829 5900 1862 5954 et
1878 5888 2053 5973 quantitas
2078 5888 2348 5954 accidentaliter.
2367 5887 2466 5954 Sicut
2486 5888 2583 5954 enim

1104 6002 1247 6069 omnino
1276 6024 1348 6069 non
1376 6024 1439 6068 ens
1465 6026 1532 6069 non
1558 5991 1611 6069 est
1632 6003 1881 6091 distinguibile,
1898 6003 1945 6069 ita
1969 6005 2064 6089 quod
2080 6013 2214 6071 tantum
2232 6015 2284 6070 est
2312 6025 2375 6071 ens
2392 5997 2582 6090 potentiale
