6700 7992
1063 1491 1099 1543 aa
1428 1488 1621 1544 atao1srn1
1649 1466 1869 1544 consenior
1898 1489 1950 1544 os
1979 1488 2177 1546 sonamus

1064 1680 1145 1735 sunt
1173 1690 1252 1736 esse
1280 1668 1417 1755 species
1445 1669 1563 1754 (immo
1588 1669 1691 1735 etiarn
1715 1670 1910 1736 secundum
1935 1669 2080 1755 aliquos,
2105 1669 2201 1736 ηοιι1
2224 1681 2307 1736 sunt
2330 1669 2545 1739 universales

1063 1785 1215 1852 rationes
1238 1785 1370 1852 ideales
1395 1785 1429 1850 in
1453 1787 1531 1852 Deo
1564 1785 1631 1851 nisi
1662 1785 1706 1851 ad
1731 1787 1872 1852 modum
1905 1785 2172 1852 universalitatis
2199 1786 2395 1873 specierum
2413 1787 2435 1869 ²,
2463 1787 2546 1873 quia

1063 1923 1130 1969 nec
1153 1901 1291 1988 proprie
1322 1913 1403 1967 sunt
1434 1901 1535 1968 ideae
1563 1923 1743 1991 generum,
1774 1923 1817 1969 eo
1849 1903 1945 1987 quod
1976 1923 2049 1967 non
2080 1902 2201 1968 dicunt
2231 1924 2362 1991 genera
2393 1903 2544 1989 aliquam

1062 2019 1209 2086 formam
1241 2020 1368 2084 realem
1407 2018 1508 2084 aliam
1550 2040 1571 2083 a
1608 2019 1722 2084 forma
1759 2017 1935 2104 specifica,
1976 2017 2252 2085 diversificantur
2289 2029 2404 2084 autem
2442 2019 2544 2086 ideae

1063 2135 1257 2201 secundum
1289 2133 1458 2201 rationem
1500 2145 1605 2221 prout
1635 2133 1921 2201 diversificabiles
1953 2144 2034 2199 sunt
2070 2136 2263 2202 secundum
2305 2156 2376 2201 rem
2410 2136 2544 2202 formae

1062 2263 1097 2317 et
1131 2250 1304 2318 essentiae
1336 2253 1595 2334 creaturarum),
1629 2262 1662 2316 et
1702 2271 1780 2317 curn
1817 2250 1931 2339 angeli
1959 2251 2155 2317 secundum
2183 2273 2265 2317 suas
2297 2251 2467 2318 essentias
2506 2262 2545 2318 ut

1062 2365 1192 2433 dictum
1217 2377 1270 2433 est
1297 2368 1410 2432 rebus·
1429 2365 1610 2432 assimilari
1638 2387 1712 2433 non
1738 2378 1898 2453 possunt,
1922 2366 1985 2432 sed
2017 2388 2079 2452 per
2106 2366 2238 2452 aliquas
2262 2367 2400 2453 species
2424 2389 2544 2454 super·

1062 2482 1208 2563 additas,
1237 2493 1376 2568 oportet
1403 2483 1498 2568 quod
1526 2483 1721 2548 secundum
1749 2481 1951 2548 huiusmodi
1975 2481 2113 2568 species
2138 2483 2383 2569 superadditas
2411 2483 2543 2550 assimi-

1061 2600 1176 2665 lentur
1199 2597 1385 2685 speciebus
1403 2598 1533 2664 entium
1558 2598 1698 2684 propria
1722 2598 1979 2665 assimilatione.
2006 2598 2104 2664 Sicut
2128 2611 2244 2664 autem
2269 2611 2392 2666 natura
2416 2600 2542 2688 angeli,

1061 2715 1143 2801 quia
1167 2727 1220 2782 est
1243 2715 1385 2781 limitata
1402 2715 1446 2780 ad
1470 2713 1733 2781 determinatam
1750 2714 1839 2781 entis
1856 2714 2021 2801 speciem,
2039 2737 2112 2781 non
2129 2726 2245 2801 potest
2260 2736 2339 2782 esse
2355 2715 2542 2782 similitudo

1062 2831 1205 2898 aliorum
1231 2831 1423 2917 aliquorum
1449 2853 1468 2896 a
1493 2853 1531 2898 se
1554 2831 1696 2918 propria
1720 2846 1754 2899 et
1782 2830 2020 2912 determinata,
2045 2831 2092 2896 ita
2117 2831 2219 2898 etiam
2247 2831 2412 2918 quicquid
2436 2834 2543 2899 habet

1062 2969 1140 3014 esse
1165 2947 1198 3013 in
1220 2949 1347 3036 angelo
1371 2958 1510 3034 oportet
1534 2969 1612 3014 esse
1640 2946 1830 3013 limitatum.
1861 2948 1979 3031 Quare
2008 2946 2110 3013 etiam
2138 2948 2333 3013 secundum
2358 2937 2442 3014 illud
2469 2969 2559 3018 non.

1062 3063 1198 3130 videtur
1214 3084 1320 3149 posse
1347 3063 1503 3149 pluribus
1528 3063 1730 3142 assimilari3
1756 3063 1865 3130 etsie
1889 3076 1925 3129 ut
1949 3063 2094 3144 videtur,
2120 3085 2187 3129 nec
2210 3063 2404 3129 substantia
2428 3064 2542 3154 angeli

1061 3201 1128 3246 nec
1152 3180 1268 3264 aliqua
1291 3179 1428 3266 species
1453 3179 1553 3245 realis
1571 3179 1628 3244 in³
1649 3179 1727 3265 ipso
1751 3191 1867 3266 potest
1891 3201 1969 3245 esse
1986 3179 2163 3246 sufficiens
2180 3179 2368 3245 similitudo
2393 3179 2540 3266 plurium

1062 3297 1106 3361 ad
1126 3295 1273 3362 invicem
1291 3295 1411 3382 specie
1429 3295 1680 3362 distinctorum.
1706 3296 1749 3361 Et
1773 3295 1853 3381 quia
1878 3295 1996 3361 omnia
2020 3317 2167 3381 quorum
2193 3318 2284 3361 unus
2309 3296 2386 3362 est⁴
2410 3318 2542 3385 cogno·

1061 3432 1164 3477 scens
1189 3411 1276 3477 alius
1293 3411 1395 3477 etiam
1413 3421 1465 3478 est
1483 3433 1718 3499 cognoscens,
1735 3410 1815 3477 ideo
1833 3411 1969 3476 videtur
1985 3412 2080 3496 quod
2098 3423 2148 3477 tot
2165 3423 2245 3477 sunt
2262 3411 2400 3498 species
2418 3411 2451 3477 in
2469 3433 2540 3479 uno

1061 3539 1147 3613 quot
1170 3524 1274 3593 sunt⁶
1290 3527 1327 3593 in'
1349 3527 1427 3608 aliu,
1445 3539 1479 3593 et
1496 3527 1530 3592 in
1555 3527 1711 3612 quolibet
1734 3538 1784 3593 tot
1807 3537 1892 3611 quot
1915 3538 1997 3593 sunt
2012 3537 2115 3593 natae
2132 3548 2211 3593 esse
2233 3527 2370 3613 species
2391 3528 2541 3609 entium3

1061 3655 1120 3709 aut
1154 3655 1273 3710 essent
1308 3642 1501 3729 imperfecti
1537 3643 1640 3709 etiam
1675 3653 1843 3728 quantum
1876 3643 1920 3708 ad
1952 3642 2214 3730 intelligentiam
2246 3644 2437 3709 naturalem
2468 3666 2541 3710 non

1060 3761 1231 3826 habentes
1255 3759 1393 3845 species
1417 3780 1541 3826 omnes
1558 3782 1620 3846 per
1643 3781 1731 3845 quas
1748 3758 1820 3825 nati
1844 3771 1964 3825 essent
1987 3758 2190 3848 intelligere.
2217 3760 2265 3824 lta
2289 3759 2383 3845 quod
2403 3760 2541 3846 species

1060 3875 1337 3960 uniuscuiusque
1354 3875 1443 3942 eutis
1467 3874 1623 3962 specifici
1640 3875 1793 3941 existens
1811 3875 1845 3941 in
1862 3874 2038 3942 intellectu
2056 3876 2217 3964 angelico
2234 3887 2286 3941 est
2303 3875 2480 3942 sufficiens
2496 3877 2541 3942 ad

1060 3990 1297 4080 cognitionem
1323 3991 1477 4057 omnium
1505 3990 1773 4071 individuorum,
1798 3993 2059 4076 quodammodo
2083 3991 2213 4057 variata
2237 3993 2290 4057 vel
2316 3991 2542 4078 multiplicata

1060 4108 1255 4174 secundum
1287 4107 1457 4174 rationem
1488 4117 1650 4193 respectu
1682 4107 1898 4174 diversorum
1931 4107 2198 4188 individuonim,
2228 4147 2269 4156 —
2298 4108 2392 4192 quod
2424 4118 2540 4175 tamen

1059 4224 1165 4290 habet
1187 4223 1374 4319 specialem
1400 4223 1635 4289 difficultatem
1660 4222 1792 4290 scilicet
1816 4224 1994 4309 quomodo
2019 4223 2133 4312 angeli
2158 4225 2202 4289 de
2227 4245 2320 4290 novo
2345 4222 2543 4313 intelligunt

1060 4338 1175 4425 aliqua
1199 4338 1397 4428 singularia.

1148 4456 1238 4521 Sunt
1262 4454 1375 4544 ergo⁶
1402 4454 1680 4536 universaliores
1706 4454 1740 4520 id
1765 4467 1817 4521 est
1841 4454 2076 4535 virtuosiores,
2095 4456 2176 4540 quia
2203 4477 2265 4541 per
2288 4455 2383 4543 ipsas
2406 4456 2541 4542 perlec-

1059 4570 1126 4636 tius
1167 4582 1201 4637 et
1238 4569 1412 4656 limpidius
1451 4570 1650 4656 superiores
1691 4583 1935 4657 cognoscunt3
1971 4582 2053 4637 sunt
2088 4571 2190 4637 etiam
2227 4571 2423 4658 pauciores,
2459 4571 2541 4658 quia

1058 4685 1288 4772 simpliciores
1327 4687 1362 4753 in
1393 4699 1561 4772 quantum
1601 4687 1819 4753 actualiores.
1860 4686 2063 4773 Philosophi
2097 4698 2211 4753 autem
2248 4709 2320 4753 non
2360 4689 2541 4773 ponebant

1058 4801 1259 4869 huiusmodi
1298 4802 1435 4888 species
1471 4823 1549 4869 esse
1589 4824 1644 4869 res
1680 4801 1816 4868 additas
1851 4802 1942 4869 sed⁷
1980 4802 2134 4869 rationes
2169 4814 2313 4881 tantum,
2349 4803 2439 4869 sicut
2473 4824 2540 4869 nos

1059 4917 1206 4984 dicimus
1234 4920 1278 4984 de
1309 4920 1397 4984 Deo.
1427 4918 1469 4984 Et
1496 4916 1577 5003 quia
1612 4919 1812 5004 superiores
1840 4918 1987 5005 angelos
2014 4920 2194 5005 ponebant
2224 4920 2354 4984 habere
2389 4919 2540 5005 aliquam

1057 5034 1226 5102 rationem
1258 5033 1471 5099 causalitatis
1499 5045 1660 5119 respectu
1689 5034 1843 5099 omnium
1873 5034 2002 5100 entium
2033 5034 2231 5100 inferiorum
2264 5037 2348 5117 (non
2376 5033 2427 5100 sic
2454 5033 2540 5101 infe-

1057 5150 1175 5230 rioreS,
1215 5150 1296 5235 quia
1335 5160 1496 5236 respectu
1536 5149 1753 5234 superiorum
1790 5150 1917 5214 nullam
1953 5149 2189 5215 causalitatem
2224 5151 2425 5229 habebant),
2458 5149 2540 5216 ideo

1057 5265 1195 5352 species
1227 5266 1303 5331 illas
1331 5264 1493 5331 dicebant
1520 5264 1788 5331 universaliores
1819 5264 1853 5330 in
1879 5267 2059 5331 causando
2088 5277 2122 5331 et
2150 5267 2411 5350 quodammodo
2435 5265 2539 5331 etiam

1057 5381 1092 5447 in
1131 5382 1410 5471 cognoscend03
1450 5382 1504 5447 vel
1544 5381 1572 5445 si
1610 5403 1665 5447 res
1701 5380 1837 5446 additas
1872 5384 2062 5466 ponebant,
2099 5381 2286 5448 dicendum
2323 5382 2418 5467 quod
2457 5393 2540 5448 sunt

1056 5496 1325 5564 universaliores
1350 5509 1383 5563 et
1407 5496 1601 5583 pauciores,
1626 5496 1716 5562 sicut
1740 5496 1835 5583 prius
1861 5509 1894 5564 et
1918 5508 2042 5564 cetera.

1147 5816 1154 5844 ¹
1168 5821 1199 5866 ut
1212 5812 1246 5877 V,
1261 5811 1307 5864 vel
1322 5811 1352 5864 Ρ.
1373 5843 1405 5849 -
1426 5809 1678 5864 ’urriversalitatis
1697 5808 1872 5881 specierum]
1892 5810 2057 5881 specierum
2075 5810 2306 5864 universalitatis
2319 5811 2349 5863 P.
2365 5842 2397 5849 -
2411 5810 2423 5843 ⁸
2436 5827 2491 5864 om.
2505 5810 2539 5873 P.
2619 5870 2628 5887 ι

1057 5934 1089 5952 -.-
1109 5904 1206 5963 ‘unus
1226 5901 1280 5979 est]
1301 5906 1345 5955 est
1359 5915 1433 5954 unus
1447 5898 1476 5953 P.
1496 5929 1527 5937 —
1550 5899 1628 5951 ὅυηι.
1649 5898 1680 5953 Ρ.
1754 5897 1866 5953 ⁸etiam
1888 5898 1917 5952 P.
1938 5930 1971 5937 -
1993 5899 2084 5955 ³licct
2104 5898 2133 5961 P,
