6700 7992
1339 1458 1492 1547 imnum
1518 1492 1816 1563 Quoouaaruu
1842 1495 1878 1566 Q.
1903 1462 2001 1550 xvln
2374 1462 2404 1550 ἐπ’

934 1669 1169 1736 municatione
1194 1691 1215 1735 a
1237 1691 1297 1736 reo
1322 1683 1445 1737 contra
1469 1683 1621 1738 actorem
1645 1674 1861 1760 propositam
1886 1675 2067 1742 admittere
2090 1695 2164 1740 non
2188 1675 2303 1758 debet,
2327 1676 2409 1761 quia

934 1786 1099 1871 quamdiu
1124 1786 1247 1871 aliquis
1272 1798 1324 1853 est
1347 1789 1522 1877 obligatus
1547 1790 1590 1854 ad
1608 1790 1827 1856 reddendum
1844 1791 1972 1877 aliquid
1990 1791 2093 1857 alicui
2108 1801 2246 1858 tenetur
2261 1792 2408 1859 reddere

933 1901 1133 1968 huiusmodi
1150 1903 1315 1985 debitum,
1333 1916 1367 1971 et
1384 1905 1487 1971 etiam
1504 1906 1634 1972 adhoc
1653 1928 1717 1993 per
1740 1907 1890 1974 iudicem
1915 1918 1968 1975 est
1992 1908 2186 1997 cogendus.
2209 1911 2213 1994 Ι
2239 1907 2312 1975 Sed
2336 1929 2409 1975 non
2435 1865 2602 1994 ffflgvv·

933 2019 1095 2084 obstante
1120 2020 1482 2087 excommunicatione
1508 2022 1634 2088 actoris
1658 2044 1740 2089 reus
1756 2033 1810 2090 est
1826 2034 1860 2090 et
1875 2023 1940 2089 fuit
1956 2022 1989 2089 ei
2005 2023 2182 2113 obligatus
2199 2023 2244 2089 ad
2260 2024 2408 2091 redden-

933 2135 1016 2201 dum
1033 2133 1163 2219 aliquid
1180 2136 1328 2202 termino
1345 2136 1412 2202 iam
1434 2138 1565 2224 elapso.
1583 2137 1679 2227 Ergo
1697 2150 1731 2206 et
1747 2150 1873 2206 cetera.

1022 2252 1163 2319 Contra.
1182 2253 1308 2319 Forum
1329 2253 1337 2288 ¹
1361 2255 1541 2321 saeculare
1565 2266 1619 2320 est
1640 2255 1730 2320 infra
1746 2257 1859 2322 forum
1888 2255 2165 2322 ecclesiasticum
2188 2266 2224 2323 et
2250 2255 2330 2324 ideo
2361 2254 2408 2320 illi

932 2368 1035 2435 etiam
1064 2369 1170 2435 debet
1196 2369 1364 2436 oboedire
1392 2381 1426 2436 et
1452 2370 1567 2456 ipsum
1585 2370 1718 2436 imitari.
1744 2371 1815 2437 Sed
1843 2371 1879 2436 in
1895 2372 1972 2437 foro
1990 2371 2231 2438 ecclesiastico
2247 2393 2268 2436 a
2291 2370 2408 2438 iudice

933 2485 1171 2552 ecclesiastico
1189 2487 1427 2552 admitteretur
1442 2487 1642 2552 huiusmodi
1659 2486 1830 2573 exceptio,
1848 2486 1942 2576 Ergo
1959 2486 2063 2553 etiam
2083 2487 2119 2552 in
2136 2489 2213 2553 foro
2236 2487 2408 2554 saeculari

933 2613 986 2668 est
1002 2602 1105 2668 etiam
1122 2624 1142 2667 a
1159 2602 1329 2669 saeculari
1345 2602 1461 2669 iudice
1478 2603 1702 2669 admittenda.

1021 2718 1235 2804 Respondeo
1259 2718 1448 2785 dicendum
1473 2720 1578 2803 quod,
1603 2740 1682 2785 cum
1712 2719 2025 2787 excommunicatio
2053 2719 2097 2786 sit
2124 2741 2241 2806 poena
2267 2719 2408 2787 medici·

930 2835 1029 2915 naliS,
1046 2835 1152 2901 debet
1167 2835 1297 2901 servari
1313 2835 1349 2900 in
1369 2846 1537 2920 quantum
1561 2857 1707 2924 vergere
1731 2837 1837 2902 habet
1861 2836 1905 2901 ad
1930 2836 2185 2904 correctionem
2209 2857 2407 2904 excommu-

931 2951 1065 3032 nicati²,
1083 2953 1178 3036 quod
1195 2951 1233 3016 fit
1249 2972 1327 3017 cum
1349 2954 1382 3018 ei
1398 2952 1593 3040 denegatur
1609 2951 1811 3018 communio
1827 2952 1980 3019 fidelium
1996 2952 2032 3019 in
2049 2952 2103 3019 his
2119 2974 2210 3038 quae
2226 2963 2346 3021 essent
2362 2953 2408 3019 ad

930 3067 1005 3134 eius
1022 3069 1245 3134 commodum
1261 3070 1453 3154 temporale
1470 3069 1524 3135 vel
1541 3068 1819 3135 consolationem
1835 3068 2120 3155 temporalem.Si
2136 3078 2252 3136 autem
2269 3090 2407 3137 excom·

930 3183 1126 3250 municatus
1143 3196 1265 3270 posset
1281 3184 1539 3251 communicare
1556 3205 1636 3250 cum
1653 3184 1728 3250 aliis
1745 3185 1780 3249 in
1796 3185 1989 3270 repetendo
2006 3185 2124 3251 debita
2143 3207 2208 3252 sua
2232 3195 2266 3252 et
2289 3185 2407 3252 huius·

930 3298 1035 3379 modi,
1059 3300 1127 3365 hoc
1144 3300 1285 3365 cederet
1300 3301 1345 3365 ad
1369 3301 1594 3366 commodum
1619 3311 1653 3366 et
1677 3300 1955 3367 consolationem
1979 3299 2064 3367 eius.
2089 3301 2174 3368 ldeo
2195 3300 2308 3368 eidem
2329 3299 2408 3367 sic⁸

929 3415 1062 3501 petenti
1078 3438 1151 3483 non
1168 3427 1221 3483 est
1245 3417 1586 3497 communicandum,
1600 3417 1706 3483 immo
1730 3417 2031 3483 communicantes
2047 3417 2265 3484 incurrerent
2283 3417 2407 3484 saltem

929 3535 1098 3601 minorem
1126 3534 1533 3601 excommunicationem.
1555 3532 1598 3598 Et
1625 3533 1706 3599 ideo
1731 3532 1891 3618 exceptio
1916 3553 2022 3618 super
2045 3531 2406 3602 excommunicatione

929 3650 1110 3738 proposita
1126 3662 1249 3718 contra
1265 3650 1379 3737 ipsum
1396 3671 1467 3715 non
1485 3651 1599 3714 solum
1624 3670 1645 3713 a
1667 3648 1783 3715 iudice
1807 3648 2047 3715 ecclesiastico
2071 3649 2135 3715 sed
2158 3648 2329 3717 saeculari
2353 3659 2407 3717 est

928 3763 1152 3833 admittenda.
1170 3768 1299 3833 Peccat
1315 3765 1407 3832 enim
1424 3764 1748 3832 excommunicatus
1764 3763 1816 3830 sic
1838 3784 1878 3831 se
1901 3764 2096 3854 ingerendo
2120 3774 2155 3832 et
2170 3764 2276 3832 iudex
2291 3764 2405 3832 eidem

929 3883 1233 3950 communicando.
1250 3883 1358 3947 Immo
1383 3881 1486 3948 etiam
1500 3881 1600 3958 sorte
1623 3880 1709 3966 qui⁴
1732 3881 1884 3947 solveret
1904 3880 1937 3947 ei
1957 3890 2084 3968 sponte
2100 3881 2332 3963 malefaceret,
2349 3881 2405 3948 vel

928 4000 1050 4066 saltem
1067 4020 1140 4065 non
1155 4009 1294 4065 tenetur
1310 3997 1342 4065 ei
1358 3999 1495 4065 solvere
1511 3996 1678 4083 quamdiu
1695 4007 1748 4064 est
1764 3995 1800 4062 in
1816 3996 1876 4062 tali
1891 4006 1983 4063 statu
2007 4007 2151 4083 propter
2173 3996 2301 4064 dictam
2325 4018 2405 4064 cau·

928 4137 1013 4196 sam,
1033 4114 1100 4181 nisi
1118 4114 1233 4200 aliqua
1250 4114 1443 4181 necessitas
1460 4136 1501 4180 ex
1519 4124 1617 4200 parte
1634 4111 1926 4180 excommunicati
1940 4113 1997 4180 vel
2013 4133 2123 4179 causa
2138 4112 2257 4179 damni
2274 4112 2406 4179 vitandi

928 4253 971 4298 ex
986 4242 1085 4316 parte
1102 4230 1270 4298 debitoris
1287 4251 1367 4296 eum
1392 4240 1584 4296 excusaret.
1609 4231 1718 4295 Immo
1742 4229 1846 4296 etiam
1870 4228 1900 4294 si
1922 4227 2046 4314 aliquis
2070 4227 2219 4295 iurasset
2242 4229 2406 4297 solvere⁶

928 4346 1031 4414 alicui
1054 4347 1099 4412 ad
1123 4346 1273 4432 aliquam
1298 4357 1427 4413 certam
1451 4345 1553 4427 diem,
1571 4345 1600 4411 si
1616 4345 1674 4412 illo
1692 4357 1850 4431 tempore
1867 4354 1961 4412 esset
1977 4343 2299 4412 excommunicatus
2314 4345 2405 4413 forte

927 4464 1064 4531 solvere
1080 4484 1152 4530 non
1170 4473 1356 4530 teneretur.
1375 4462 1425 4527 Ex
1442 4483 1512 4548 quo
1530 4461 1621 4528 enim
1646 4483 1710 4547 per
1733 4461 1884 4527 iudicem
1909 4462 1968 4547 qui
1985 4463 2091 4529 debet
2107 4461 2311 4530 iniuriantes
2328 4461 2404 4528 aliis

926 4579 1101 4666 conipere
1129 4589 1164 4646 et
1187 4578 1233 4645 ad
1256 4577 1543 4644 satisfaciendum
1568 4597 1699 4666 cogere
1722 4576 1799 4643 talis
1824 4598 1896 4644 non
1924 4576 2137 4667 cogeretur⁰
2163 4578 2299 4646 solvere
2326 4577 2357 4644 si
2383 4599 2405 4644 a

927 4696 1099 4764 creditore
1127 4695 1382 4775 conveniretur,
1412 4694 1493 4779 quia
1520 4715 1583 4780 per
1609 4693 1853 4779 exceptionem
1877 4715 1898 4758 a
1921 4693 2051 4760 iudicio
2075 4694 2314 4781 expelleretur,
2331 4715 2405 4761 nou

925 4811 1088 4879 videtur⁷
1114 4813 1209 4898 quod
1238 4833 1303 4898 pro
1331 4811 1389 4878 tali
1416 4821 1508 4877 statu
1535 4820 1712 4877 teneretur
1739 4809 1818 4876 sic⁸
1840 4810 2052 4891 satisfacere,
2080 4831 2149 4877 nec
2164 4809 2302 4878 videtur
2328 4809 2404 4877 eius

883 5001 887 5010 ,
927 4929 1069 4996 debitor
1088 4950 1168 4995 esse
1192 4949 1255 5015 pro
1279 4928 1339 4994 illo
1356 4936 1464 5007 statu;
1485 4949 1566 4992 uam
1583 4926 1611 4991 si
1628 4937 1722 4993 esset
1739 4926 1875 4993 debitor
1891 4947 1954 5013 per
1969 4925 2120 4993 iudicem
2138 4927 2405 5013 compelleretur

927 5046 972 5112 ad
1000 5045 1286 5112 satisfaciendum
1314 5043 1472 5111 debitori.
1497 5044 1632 5110 Tamen
1663 5043 1709 5110 de
1743 5045 1813 5109 hoc
1847 5052 2012 5109 notantur
2046 5041 2232 5129 opiniones
2267 5041 2405 5110 decima

926 5163 1056 5249 quinta,
1074 5161 1259 5247 questione
1277 5171 1385 5242 sexta,
1402 5159 1555 5246 capitulo
1571 5161 1648 5226 Nos
1665 5170 1868 5226 sanctorum
1885 5161 1942 5245 (1).
2265 5155 2272 5169 '
2291 5139 2293 5142 ’

1016 5479 1025 5508 ¹
1037 5476 1088 5531 soa
1101 5480 1127 5544 (s
1140 5475 1427 5542 transverberatum)
1443 5458 1471 5528 'V
1488 5479 1518 5529 et
1533 5475 1637 5546 scrips.
1657 5473 1692 5528 in
1709 5491 1810 5546 marg.
1829 5485 1862 5527 2⁶
1874 5491 1955 5528 man.
1973 5473 2005 5528 P.
2019 5504 2053 5514 -
2066 5473 2078 5506 ¹
2090 5490 2146 5528 om.
2159 5473 2191 5527 P.
2204 5504 2239 5514 -
2258 5473 2359 5529 'sieut
2371 5473 2402 5528 P.

924 5596 954 5606 -
972 5567 983 5597 ⁴
996 5563 1076 5636 quod
1089 5563 1123 5618 V.
1136 5596 1170 5605 -
1185 5565 1196 5596 ³
1208 5581 1264 5618 om.
1277 5562 1308 5617 P.
1322 5595 1356 5603 -
1370 5563 1381 5594 ⁸
1393 5570 1543 5617 teneretur
1554 5561 1586 5617 P.
1599 5593 1633 5602 —
1649 5562 1658 5594 ²
1670 5578 1730 5616 non
1742 5560 1869 5630 videtur]
1888 5559 1967 5615 unde
1980 5559 2130 5616 videretur
2148 5559 2180 5615 P.
2193 5592 2227 5602 -
2241 5561 2253 5594 ⁸
2269 5560 2326 5616 sibi
2343 5561 2402 5616 PV.

1013 5799 1052 5865 (1)
1072 5813 1098 5852 c
1109 5799 1136 5853 t.
1149 5795 1183 5852 C.
1195 5796 1258 5851 XV.
1274 5812 1321 5868 qu.
1334 5798 1360 5850 6.
