6700 7992
1037 1403 1073 1454 ω
1402 1388 1594 1456 Mnoisrin
1622 1389 1843 1457 GODEFRlDl
1871 1402 1923 1456 os
1951 1390 2149 1458 Fontibus

1038 1577 1281 1646 videturesse
1309 1581 1512 1664 ponendum
1540 1581 1646 1665 quod,
1674 1602 1754 1646 cum
1785 1582 1854 1647 hoc
1886 1582 1980 1666 quod
2013 1581 2167 1647 essentia
2198 1602 2269 1647 non
2302 1580 2416 1648 existit
2446 1581 2513 1648 nisi

1039 1695 1234 1760 secundum
1262 1695 1357 1778 quod
1385 1696 1491 1761 habet
1515 1716 1594 1761 esse
1619 1695 1653 1760 in
1676 1696 1855 1762 intellectu
1878 1698 1933 1762 vel
1958 1696 1992 1762 in
2017 1699 2122 1762 rebus
2146 1696 2422 1782 particularibus
2447 1718 2514 1764 nec

1038 1810 1179 1897 aliquod
1203 1831 1281 1877 esse
1306 1810 1509 1878 existentiae
1533 1813 1660 1877 habeat
1677 1812 1744 1878 nisi
1761 1823 1798 1878 ut
1814 1812 1865 1879 sic
1882 1814 1934 1880 vel
1958 1812 2009 1878 sic
2026 1812 2045 1892 ¹,
2071 1812 2176 1897 [quia]
2195 1812 2420 1878 nihilominus
2436 1812 2514 1898 ipsa

1026 1927 1231 1995 ,secundum
1248 1925 1260 1961 ²
1276 1947 1314 1992 se
1333 1927 1462 1993 habeat
1478 1926 1594 2012 aliquo
1611 1928 1718 1993 modo
1735 1929 1829 2012 quod
1845 1926 1889 1994 sit
1904 1949 1960 1994 res
1983 1950 2066 1994 vera
2090 1929 2284 1994 secundum
2309 1950 2409 1994 suum
2434 1950 2514 1995 esse

1038 2040 1212 2107 essentiae
1227 2040 1263 2106 in
1280 2053 1370 2122 actu,
1391 2042 1455 2108 sed
1472 2043 1566 2127 quod
1587 2041 1662 2128 ipsa
1680 2041 1832 2110 essentia
1848 2043 1897 2110 rei
1913 2065 1985 2108 non
2002 2042 2172 2110 existente
2192 2043 2228 2108 in
2252 2065 2366 2110 rerum
2390 2054 2514 2109 natura

1037 2154 1130 2222 etin
1154 2155 1239 2243 ipsis
1262 2157 1527 2244 particularibus
1552 2159 1658 2224 habet
1681 2160 1794 2224 solum
1820 2179 1899 2224 esse
1923 2158 2102 2247 cognitum
2126 2158 2162 2224 in
2185 2170 2436 2247 cognoscente.

1126 2270 1183 2338 Ad
1206 2271 1307 2338 cuius
1330 2271 1542 2340 intellectum
1566 2284 1620 2340 est
1643 2273 1939 2340 considerandum
1967 2276 2063 2359 quod
2092 2273 2244 2340 essentia
2267 2274 2318 2340 sic
2342 2295 2380 2340 se
2408 2276 2515 2341 habet

1037 2389 1083 2454 ad
1107 2408 1186 2455 esse
1210 2387 1413 2454 existentiae
1437 2388 1512 2455 eius
1532 2390 1628 2474 quod
1652 2400 1706 2455 est
1729 2399 1788 2454 aut
1811 2388 1962 2475 idipsum
1980 2389 2116 2456 realiter
2132 2410 2211 2455 cum
2227 2389 2238 2424 ³
2253 2388 2331 2475 ipso
2349 2388 2514 2456 differens

1036 2502 1172 2571 ratione
1196 2504 1250 2571 vel
1275 2502 1479 2584 intentione,
1504 2514 1564 2570 aut
1587 2525 1665 2570 esse
1690 2503 1774 2569 dicit
1796 2525 1869 2571 rem
1894 2505 1995 2570 aliam
2020 2506 2065 2570 ab
2089 2505 2165 2591 ipsa
2190 2504 2353 2571 essentia.

1126 2618 1165 2686 Si
1181 2629 1297 2686 autem
1314 2640 1393 2686 esse
1409 2619 1503 2685 dicat
1517 2640 1591 2685 rem
1608 2619 1710 2685 aliam
1727 2641 1818 2705 quae
1835 2619 1878 2685 sit
1896 2619 2077 2686 actualitas
2095 2620 2270 2687 essentiae
2286 2620 2423 2688 realiter
2446 2620 2513 2687 alia

1037 2736 1082 2800 ab
1105 2734 1183 2821 ipsa
1206 2734 1368 2815 essentia,
1386 2733 1476 2800 sicut
1499 2756 1564 2801 suo
1588 2737 1696 2801 modo
1713 2736 1824 2801 forma
1840 2746 1894 2802 est
1908 2735 2089 2801 actualitas
2107 2735 2271 2802 materiae
2291 2735 2428 2802 realiter
2444 2736 2512 2802 alia

1037 2852 1081 2916 ab
1101 2849 1179 2936 ipsa
1194 2850 1346 2930 materia,
1364 2851 1603 2935 etquaeratur
1618 2862 1731 2916 utrum
1756 2850 1833 2936 ipsa
1857 2850 2010 2916 essentia
2033 2850 2077 2916 sit
2100 2850 2303 2917 indifferens
2328 2853 2372 2917 ad
2396 2851 2514 2918 huius·

1037 2964 1131 3031 modi
1149 2987 1227 3032 esse
1244 2976 1278 3032 et
1294 2986 1366 3031 non
1380 2964 1727 3047 esse-huiusmodi
1743 2965 1975 3032 indifferentia
1991 2976 2107 3052 potest
2123 2987 2201 3032 esse
2217 2966 2362 3056 intelligi
2378 2967 2515 3033 realiter

1037 3090 1071 3146 et
1087 3080 1282 3145 secundum
1299 3100 1379 3146 esse
1395 3078 1590 3146 itascilicet
1606 3081 1701 3165 quod
1726 3079 1803 3165 ipsa
1827 3079 1980 3146 essentia
2003 3079 2039 3145 in
2063 3102 2128 3145 sua
2155 3091 2278 3145 natura
2302 3091 2336 3145 et
2359 3081 2513 3147 realitate

1037 3195 1111 3262 sive
1134 3216 1189 3261 res
1213 3194 1290 3282 ipsa
1314 3207 1430 3261 creata
1453 3206 1621 3280 quantum
1637 3196 1681 3260 ad
1699 3195 1773 3261 eius
1790 3195 1978 3261 essentiam
1995 3195 2064 3261 sit⁴
2081 3194 2210 3280 aliquid
2228 3196 2423 3262 secundum
2440 3218 2513 3263 rem

1037 3321 1157 3377 natum
1173 3332 1314 3377 manere
1330 3311 1407 3397 ipsa
1423 3331 1460 3376 re
1476 3322 1639 3396 corrupta
1656 3321 1824 3395 quantum
1849 3311 1893 3376 ad
1917 3310 2033 3397 ipsum
2057 3332 2136 3377 esse
2161 3310 2375 3392 existentiae,
2400 3323 2438 3376 ut
2461 3310 2513 3377 sic

1036 3449 1093 3494 res
1116 3437 1304 3515 generetur
1327 3438 1361 3492 et
1384 3437 1626 3512 corrumpatur
1649 3427 1843 3491 secundum
1869 3448 1948 3492 esse
1972 3426 2187 3506 existentiae,
2213 3448 2284 3492 non
2303 3437 2418 3493 autem
2434 3426 2513 3492 sim·

1037 3541 1181 3630 pliciter·
1197 3542 1330 3609 scilicet
1356 3533 1550 3608 secundum
1576 3562 1654 3608 esse
1679 3541 1862 3608 essentiae.
1888 3542 1960 3608 Sed
1985 3564 2057 3608 non
2081 3527 2217 3607 videtur
2241 3563 2321 3607 esse
2345 3541 2513 3627 possibile

1037 3659 1133 3744 quod
1148 3680 1204 3724 res
1221 3668 1389 3743 quantum
1409 3658 1453 3722 ad
1471 3657 1544 3723 eius
1562 3657 1749 3723 essentiam
1767 3657 1840 3723 sive
1864 3657 1940 3743 ipsa
1964 3657 2117 3723 essentia
2140 3658 2334 3724 secundum
2359 3657 2393 3723 id
2418 3659 2513 3742 quod

1038 3784 1091 3840 est
1115 3772 1260 3854 realiter,
1285 3772 1397 3859 possit
1420 3794 1561 3838 manere
1585 3772 1663 3858 ipsa
1687 3793 1724 3838 re
1748 3782 1911 3859 corrupta
1934 3774 2129 3838 secundum
2147 3794 2226 3839 esse
2243 3772 2458 3853 existentiae,
2476 3783 2514 3839 ut

1037 3889 1149 3976 possit
1163 3888 1232 3955 dici
1248 3910 1327 3956 esse
1344 3887 1473 3973 aliquid
1490 3909 1561 3954 non
1580 3889 1693 3953 solum
1711 3889 1905 3954 secundum
1923 3909 2002 3955 esse
2019 3887 2231 3954 intellectum
2250 3900 2286 3966 ¹et
2311 3888 2512 3974 potentiale,

1037 4005 1101 4072 sed
1124 4005 1319 4072 secundum
1343 4025 1422 4070 esse
1446 4005 1539 4070 reale
1563 4014 1597 4070 et
1621 4004 1757 4070 actuale
1781 4003 1854 4070 sive
1878 4003 2014 4070 realiter
2038 4003 2168 4088 aliquid
2183 4003 2220 4069 in
2236 4025 2350 4070 rerum
2366 4015 2511 4083 natura3

1038 4141 1117 4187 cum
1138 4131 1301 4207 corrupta
1318 4130 1487 4186 recreata
1508 4130 1676 4205 quantum
1701 4120 1746 4185 ad
1771 4119 1846 4185 eius
1870 4141 1949 4186 esse
1974 4119 2177 4185 existentiae
2201 4121 2296 4205 quod
2321 4130 2374 4186 est
2397 4133 2513 4185 actua·

1037 4235 1113 4303 litas
1128 4236 1231 4304 realis
1247 4235 1357 4322 ipsius
1374 4234 1558 4315 essentiae,
1576 4256 1648 4301 non
1665 4246 1805 4301 maneat
1819 4233 1831 4270 ⁶
1847 4234 2046 4300 huiusmodi
2063 4235 2215 4301 essentia
2231 4237 2296 4300 sub
2314 4233 2380 4300 alia
2397 4245 2513 4300 actua·

1036 4351 1131 4418 litate
1148 4351 1288 4418 essendi
1305 4350 1378 4416 sive
1395 4350 1575 4431 existendi,
1593 4350 1747 4435 alioquin
1764 4373 1834 4416 una
1851 4361 1885 4417 et
1902 4351 2025 4416 eadem
2045 4350 2198 4418 essentia
2221 4372 2368 4416 numero
2391 4360 2514 4436 posset

1037 4466 1143 4535 esse⁶
1166 4467 1314 4553 plurium
1338 4466 1548 4547 successive,
1574 4467 1665 4532 sicut
1692 4466 1864 4555 contingit
1891 4467 1935 4532 de
1963 4465 2115 4532 materia.
2145 4505 2185 4513 -
2214 4467 2285 4531 Aut
2311 4464 2512 4532 huiusmodi

1036 4583 1269 4650 indifferentia
1296 4593 1413 4669 potest
1440 4582 1583 4670 intelligi
1611 4583 1807 4648 secundum
1840 4581 2167 4661 considerationem,
2201 4594 2238 4647 ut
2271 4581 2404 4647 scilicet
2435 4581 2512 4667 ipsa

938 4683 940 4687 ¹
1037 4697 1189 4766 essentia
1205 4709 1395 4779 creaturae,
1413 4719 1503 4782 quae
1527 4719 1600 4763 non
1626 4709 1677 4763 est
1701 4697 1737 4762 id
1761 4697 1875 4784 ipsum
1892 4698 1987 4782 quod
2005 4718 2083 4762 esse
2099 4696 2110 4731 ⁷
2127 4697 2330 4763 existentiae
2348 4698 2442 4782 quod
2459 4706 2513 4762 est

1036 4815 1111 4882 eius
1135 4813 1326 4895 actualitas,
1347 4814 1508 4879 absolute
1531 4813 1708 4887 intellectu
1733 4812 1951 4898 concipiatur
1974 4814 2108 4899 absque
2131 4815 2201 4879 hoc
2224 4814 2320 4897 quod
2345 4811 2512 4878 cointelli-

1035 4940 1138 5020 gatur
1152 4929 1352 4996 huiusmodi
1368 4951 1469 4995 suum
1486 4950 1565 4994 esse
1581 4929 1635 4996 vel
1661 4950 1733 4995 non
1758 4950 1837 4994 esse
1862 4928 2073 5015 oppositum,
2090 4938 2193 5014 prout
2217 4928 2319 4994 etiam
2340 4927 2512 4994 diceretur

1036 5047 1131 5132 quod
1163 5045 1305 5113 materia
1337 5055 1452 5130 potest
1482 5043 1628 5133 intelligi
1653 5045 1847 5111 secundum
1876 5065 1915 5109 se
1943 5054 1980 5110 ut
2007 5043 2202 5110 subiectum
2231 5064 2417 5109 commune
2446 5044 2511 5109 for·

1035 5183 1168 5228 marum
1184 5160 1434 5228 contrariarum
1459 5172 1492 5226 et
1515 5160 1654 5225 habitus
1679 5172 1713 5225 et
1736 5159 1949 5247 privationiS,
1974 5161 2108 5244 absque
2131 5161 2201 5224 hoc
2225 5160 2320 5244 quod
2344 5158 2511 5225 cointelli-

1035 5290 1139 5367 gatur
1167 5277 1245 5363 ipsa
1272 5277 1383 5342 forma
1410 5278 1464 5342 vel
1493 5276 1567 5343 eius
1591 5275 1739 5362 privatio
1763 5275 1837 5341 sive
1862 5275 2072 5341 contrarium
2095 5274 2216 5361 ipsiuS,
2242 5295 2285 5341 eo
2309 5276 2415 5340 modo
2440 5295 2510 5360 quo

1035 5392 1178 5460 materia
1193 5403 1309 5479 potest
1324 5393 1453 5459 habere
1470 5391 1620 5476 aliquem
1637 5390 1848 5457 intellectum
1867 5392 2063 5457 secundum
2080 5411 2128 5456 se.
2146 5389 2189 5455 Et
2206 5389 2257 5456 sic
2272 5391 2364 5456 bene
2388 5399 2511 5476 posset

1035 5507 1105 5575 dici
1120 5509 1216 5593 quod
1236 5506 1388 5574 essentia
1405 5518 1583 5573 creaturae
1598 5517 1692 5573 esset
1707 5506 1910 5572 indifferens
1928 5506 1972 5571 ad
1989 5526 2068 5572 esse
2088 5515 2122 5571 et
2137 5527 2211 5570 non
2228 5525 2317 5571 esse.

1124 5623 1162 5691 Si
1179 5633 1295 5689 autem
1311 5643 1391 5689 esse
1408 5621 1621 5702 existentiae,
1645 5633 1683 5687 ut
1707 5621 1832 5687 dicitur
1855 5620 2080 5707 probabilius,
2105 5642 2177 5685 non
2203 5618 2246 5684 sit
2268 5617 2352 5685 res⁸
2375 5619 2442 5686 alia
2465 5620 2510 5685 ab

1034 5739 1113 5826 ipsa
1128 5737 1291 5819 essentia,
1307 5738 1371 5805 sed
1388 5737 1501 5802 differt
1525 5738 1569 5802 ab
1594 5758 1636 5803 ea
1659 5738 1773 5803 solum
1797 5736 1931 5802 ratione
1956 5736 2009 5801 vel
2033 5734 2226 5802 intentione
2250 5734 2323 5801 sive
2347 5746 2510 5822 respectu

1125 5997 2509 6058 ¹om.P.—’om.P.—⁸inP.-⁴estP;—⁶manetP.-0mn.P.-³estP.—⁸om.P.
