6700 7992
1095 1393 1151 1447 {illl
1465 1388 1655 1444 MAGISTRI
1686 1390 1905 1447 GODEFRlDl
1934 1392 1987 1445 DE
2015 1389 2215 1447 FONTIBUS

1099 1587 1201 1625 cursus
1223 1580 1252 1625 et
1274 1589 1400 1627 currere.
1421 1572 1499 1641 Ergo
1519 1588 1535 1624 a
1555 1570 1640 1625 simili
1662 1589 1717 1625 nec
1740 1571 1812 1625 ista:
1835 1570 1972 1633 essentia,
1992 1589 2044 1626 ens
2067 1579 2097 1624 et
2120 1589 2196 1637 esse,
2218 1588 2294 1641 quae
2313 1588 2348 1639 ,se
2371 1572 2482 1632 habent
2503 1572 2580 1626 sicut

1098 1687 1206 1724 nomen
1234 1671 1415 1723 abstractum
1435 1679 1463 1723 et
1491 1686 1598 1723 nomen
1628 1673 1814 1724 concretum¹
1836 1678 1865 1722 et
1884 1670 2035 1723 verbnm&
2057 1670 2088 1724 Si
2116 1669 2233 1723 dicatur
2251 1669 2330 1740 quod
2349 1687 2402 1723 eus
2428 1669 2508 1740 quod
2533 1677 2580 1725 est

1099 1784 1207 1822 nomen
1236 1767 1305 1821 nihil
1331 1766 1413 1821 addit
1438 1784 1527 1837 super
1550 1766 1717 1833 essentiam,
1743 1767 1795 1820 sed
1820 1784 1873 1821 ens
1898 1767 1978 1838 quod
2004 1776 2049 1821 est
2076 1767 2261 1839 participium
2287 1768 2370 1822 addit
2384 1769 2403 1834 ¹,
2428 1767 2499 1821 nihil
2524 1775 2579 1822 est.

1030 1878 1037 1889 ·
1099 1865 1177 1935 Quia
1196 1863 1271 1919 sicut
1290 1866 1394 1935 legens
1412 1863 1475 1918 sive
1495 1864 1657 1935 accipiatur
1675 1874 1706 1917 ut
1726 1881 1832 1918 nomen
1852 1866 1914 1919 sive
1934 1873 1966 1918 ut
1985 1865 2182 1937 participium,
2196 1883 2313 1937 semper
2332 1865 2410 1920 idem
2430 1864 2579 1937 significat

1099 1978 1164 2015 cum
1185 1961 1277 2014 verbo
1297 1959 1376 2031 quod
1399 1968 1444 2013 est
1466 1960 1574 2031 legere,
1596 1977 1651 2014 nec
1673 1969 1718 2014 est
1741 1959 1906 2014 differentia
1929 1959 1984 2013 nisi
2007 1961 2035 2014 in
2060 1961 2149 2014 modo
2172 1961 2376 2033 significandi3
2398 1961 2474 2016 sicut
2496 1967 2580 2032 patet

1099 2076 1152 2129 per
1175 2058 1330 2113 Boethium
1350 2061 1398 2125 (l),
1425 2075 1514 2129 super
1539 2058 1610 2112 illud
1636 2059 1756 2112 verbum
1783 2059 2015 2112 perihermenias
2035 2063 2075 2125 (l)
2097 2076 2103 2111 :
2138 2061 2228 2113 verba
2254 2059 2415 2113 secundum
2441 2077 2473 2113 se
2499 2058 2580 2115 dicta

1099 2156 1217 2210 nomina
1242 2164 1317 2223 sunt,
1344 2158 1393 2210 uhi
1425 2156 1496 2211 dicit
1522 2155 1662 2210 Boethius
1688 2156 1766 2227 quod
1791 2157 1893 2227 legens
1923 2157 2109 2210 nominaliter
2134 2157 2254 2224 dictum,
2288 2165 2317 2211 et
2352 2158 2455 2228 legens
2489 2155 2579 2228 parti·

1099 2254 1218 2326 cipium,
1237 2264 1267 2309 et
1285 2255 1385 2326 legere
1404 2256 1525 2308 verbum
1540 2254 1616 2308 idem
1640 2254 1769 2307 dicuut⁴.
1794 2254 1878 2309 Unde
1901 2264 1930 2308 et
1949 2254 2146 2325 Philosophus
2159 2259 2208 2321 (dt,
2232 2255 2333 2326 quinto
2347 2255 2579 2326 Metaphysicae,

1099 2353 1149 2406 ubi
1169 2352 1323 2424 distinguit
1341 2352 1467 2418 nomina,
1487 2352 1548 2406 vult
1568 2352 1648 2423 quod
1668 2352 1805 2423 quotiens
1825 2351 1930 2405 dicitur
1949 2370 2011 2419 ens,
2030 2362 2060 2407 et
2079 2370 2154 2405 esse.

1189 2452 1275 2505 Ratio
1288 2451 1412 2504 ultima¹
1434 2469 1508 2522 tinae
1528 2451 1650 2503 sumitur
1663 2469 1698 2503 ex
1722 2458 1804 2520 parte
1827 2450 2051 2521 compositionis
2073 2452 2140 2504 talis
2163 2459 2216 2504 est.
2241 2451 2319 2521 Quia
2341 2451 2518 2523 compositio
2542 2468 2579 2505 ex

1100 2549 1228 2604 essentia
1250 2558 1280 2603 et
1301 2566 1368 2602 esse
1382 2559 1431 2602 ant
1451 2559 1495 2602 est
1509 2549 1686 2618 compositio
1710 2567 1744 2601 ex
1765 2566 1837 2618 pura
1857 2547 1989 2618 potentia
2009 2557 2038 2603 et
2058 2557 2125 2602 actu
2145 2549 2347 2619 simpliciter¹,
2367 2557 2417 2603 aut
2435 2558 2480 2603 est
2500 2567 2580 2604 com·

1100 2646 1209 2719 positio
1228 2664 1265 2700 ex
1284 2664 1320 2701 eo
1341 2646 1420 2718 quod
1440 2656 1485 2699 est
1504 2646 1531 2698 iu
1552 2646 1684 2717 potentia
1703 2646 1864 2699 secundum
1886 2646 1955 2716 quid
1975 2654 2059 2700 etex
2083 2664 2118 2699 eo
2142 2647 2221 2717 quod
2244 2655 2290 2700 est
2312 2655 2395 2701 actus
2417 2647 2579 2701 secundum

1101 2744 1178 2815 quid.
1193 2777 1225 2784 —
1240 2745 1271 2798 Si
1291 2743 1385 2814 primo
1406 2744 1502 2810 modo,
1516 2744 1646 2814 sequitur
1660 2744 1739 2815 quod
1758 2743 1849 2796 illud¹
1868 2743 1947 2814 quod
1962 2743 2066 2797 dicitur
2079 2744 2206 2798 essentia
2221 2743 2300 2815 quod
2319 2753 2364 2798 est
2384 2744 2579 2816 compositum

1100 2859 1135 2896 ex
1159 2842 1281 2897 materia
1303 2851 1333 2896 et
1355 2841 1449 2894 forma
1471 2841 1508 2894 sit
1534 2845 1537 2909 Ι
1563 2858 1635 2913 pura
1658 2841 1800 2913 potentia,
1825 2841 1903 2912 quod
1923 2850 1967 2895 est
1988 2841 2206 2895 inconveniens.
2229 2841 2367 2912 Sequitur
2388 2843 2477 2897 etiam
2500 2841 2580 2914 quod

1100 2940 1193 2995 illud¹
1216 2941 1294 3012 quod
1317 2940 1436 3011 ponitur
1455 2940 1558 3010 quod¹
1577 2941 1614 2993 sit
1637 2957 1712 2999 esse,
1734 2939 1772 2992 sit
1792 2939 1885 2992 sorrna
1908 2940 2118 3002 substantialis,
2138 2940 2205 3011 qnia
2226 2950 2309 2994 actus
2327 2940 2500 3011 simpliciter
2521 2959 2580 2996 uon

1101 3047 1146 3093 est
1168 3038 1222 3092 nisi
1245 3037 1338 3092 torma
1364 3037 1665 3091 substantialis—Si
1688 3038 1818 3091 secundo
1845 3038 1942 3101 modo,
1957 3047 2025 3091 tnnc
2052 3038 2124 3091 illud
2139 3042 2157 3069 ·⁴'
2181 3039 2260 3109 quod
2286 3048 2409 3092 vocatur
2434 3056 2500 3092 esse
2525 3041 2580 3094 erit

1101 3133 1194 3188 latrina
1217 3133 1427 3197 accidentalis3
1451 3133 1517 3203 qnia
1541 3132 1616 3186 sicut
1643 3133 1717 3186 inter
1742 3142 1838 3187 actum
1865 3133 2038 3204 simpliciter
2063 3144 2091 3187 et
2119 3142 2215 3188 actum
2242 3134 2403 3188 secundum
2428 3134 2499 3205 quid
2521 3153 2579 3189 non

1101 3232 1180 3286 cadit
1206 3232 1343 3295 medium,
1368 3233 1408 3285 ita
1435 3231 1509 3285 inter
1535 3240 1631 3284 actum
1657 3231 1705 3301 qui
1735 3241 1779 3284 est
1808 3230 1902 3284 forma
1927 3232 2129 3285 substantialis
2158 3240 2187 3285 et
2217 3241 2312 3286 actum
2340 3232 2388 3303 qui
2415 3242 2460 3286 est
2485 3233 2581 3287 forma

1101 3329 1292 3384 accidentalis
1317 3329 1346 3382 iu
1372 3329 1470 3400 aliquo
1496 3346 1605 3397 uenere
1631 3328 1792 3383 accidentis
1821 3328 1950 3382 existens
1976 3347 2032 3382 uon
2060 3329 2139 3384 cadit
2166 3329 2302 3383 medium.
2329 3330 2388 3385 Sed
2415 3330 2580 3385 subiectum

1101 3428 1214 3482 l'onnae
1243 3426 1466 3482 accidentalis¹¹
1495 3426 1739 3499 praeintelligitur
1758 3426 1930 3498 simpliciter
1950 3445 2015 3481 esse
2030 3429 2050 3459 ¹²
2078 3428 2132 3500 ipsi
2162 3427 2275 3482 tonnae
2296 3428 2480 3483 accidentali.
2501 3430 2580 3498 Ergo

1101 3526 1235 3580 subiecto
1255 3526 1335 3597 prius
1356 3524 1526 3596 intelligitur
1541 3526 1561 3556 ¹³
1580 3524 1753 3596 simpliciter
1772 3542 1838 3577 esse
1858 3534 1925 3578 ante
1948 3543 2032 3578 sunm
2053 3543 2118 3579 esse
2136 3529 2154 3557 ¹¹
2178 3525 2321 3596 quo'ipsa
2334 3525 2508 3597 simpliciter
2527 3534 2580 3580 est.

1102 3626 1167 3678 Hoc
1196 3632 1293 3678 autem
1316 3633 1361 3677 est
1384 3622 1573 3694 impossihile.
1596 3623 1668 3676 ldeo
1687 3625 1707 3652 '⁵
1725 3632 1754 3675 et
1783 3630 1889 3676 cetera.
1911 3624 1946 3676 lit
1974 3623 2017 3677 sic
2045 3633 2127 3694 pauet
2153 3622 2190 3676 ad
2216 3624 2338 3695 primum
2368 3624 2581 3694 quaestionem,

1102 3722 1214 3776 scilicet
1235 3721 1313 3791 quod
1333 3739 1399 3775 esse
1419 3730 1448 3774 et
1467 3721 1595 3773 essentia
1614 3720 1671 3773 siut
1692 3720 1769 3773 idem
1789 3739 1819 3774 re
1839 3720 1926 3774 etiam
1948 3721 1975 3773 in
1997 3721 2138 3774 creaturis
2152 3724 2178 3774 ¹¹¹.

1191 3939 1239 3993 Ad
1270 3939 1428 3992 secundam
1461 3947 1557 3991 autem
1591 3938 1793 4009 quaestionem
1822 3938 1978 3992 dicendum
2011 3940 2088 4010 sltrod
2117 3941 2141 3992 si
2170 3941 2209 3993 ita
2238 3948 2317 3993 esset
2346 3940 2426 4010 quod
2455 3958 2521 3994 esse
2552 3949 2582 3994 et

1102 4037 1231 4092 essentia
1251 4037 1401 4090 differrent
1415 4055 1446 4089 re.
1460 4037 1487 4089 in
1502 4036 1652 4095 creaturis,
1665 4038 1761 4106 magis
1779 4045 1881 4107 posset
1898 4038 1967 4107 poni
1982 4038 2060 4108 qirod
2075 4048 2208 4091 creatura
2228 4046 2330 4109 posset
2349 4039 2459 4092 haltere
2474 4040 2494 4071 ¹¹
2513 4056 2581 4093 esse

1102 4136 1248 4191 essentiae
1274 4136 1337 4187 siue
1365 4150 1432 4188 esse
1457 4133 1630 4188 existentiae
1659 4151 1745 4204 quam
1776 4134 1855 4204 quod
1883 4135 2005 4188 materia
2034 4145 2134 4206 posset
2154 4153 2220 4188 esse
2248 4136 2311 4190 siue
2340 4135 2433 4190 forma
2453 4139 2483 4199 ¹³,
2512 4136 2581 4207 quia

1102 4233 1231 4288 essentia
1253 4232 1393 4286 maiorem
1417 4232 1616 4286 actualitatem
1640 4232 1762 4286 includit
1786 4249 1872 4303 quam
1896 4241 2026 4295 tuaterra,
2049 4234 2117 4286 licet
2139 4251 2197 4288 nou
2218 4233 2255 4286 sit
2279 4243 2359 4287 tanta
2383 4234 2460 4304 quod
2485 4233 2582 4304 possit

1102 4349 1168 4386 esse
1188 4331 1216 4385 in
1235 4349 1331 4386 rerum
1351 4339 1454 4384 natura
1476 4329 1637 4384 secundum
1663 4348 1847 4383 communem
1870 4348 1985 4384 cursum
2008 4332 2071 4384 sine
2094 4348 2159 4384 esse
2183 4331 2365 4385 existentiae.
2386 4333 2451 4385 Hoc
2472 4340 2582 4399 tamen,

1102 4430 1215 4484 scilicet
1235 4430 1314 4501 quod
1333 4429 1461 4482 essentia
1481 4445 1539 4482 non
1559 4427 1653 4499 possit
1673 4429 1959 4482 hat›eres11umesse
1979 4429 2124 4482 essentiae
2138 4429 2200 4482 sine
2215 4447 2280 4483 esse
2294 4429 2469 4483 existentiae
2481 4432 2501 4462 ¹⁹
2524 4447 2582 4484 non

1103 4528 1240 4582 convenit
1267 4526 1307 4580 illi
1333 4526 1472 4598 positioni
1498 4543 1574 4596 quae
1600 4526 1683 4596 ponit
1708 4526 1786 4596 quod
1814 4526 1941 4580 essentia
1967 4535 2066 4597 potest
2090 4526 2212 4597 intelligi
2240 4529 2293 4579 suh
2320 4528 2460 4598 ‹rplmsito
2490 4527 2583 4599 ipsius

1103 4641 1179 4691 esse,
1199 4625 1300 4697 quia-¹⁰
1319 4627 1438 4693 autleni}
1459 4624 1609 4696 quaelihet
1629 4623 1758 4677 essentia
1779 4624 1954 4677 determinat
1968 4625 2023 4678 sihi
2046 4625 2196 4696 proprium
2212 4643 2286 4690 esse,
2300 4627 2376 4678 sicut
2390 4625 2466 4696 ignis
2489 4626 2584 4680 deter-

1104 4723 1195 4777 minat
1225 4723 1280 4777 sibi
1313 4724 1451 4788 calorem,
1480 4731 1529 4775 aut
1560 4740 1627 4776 iton.
1659 4722 1719 4775 Sed
1748 4731 1847 4793 potest
1875 4740 1941 4777 esse
1969 4723 2138 4776 successive
2167 4724 2221 4776 suh
2250 4723 2383 4794 plurihus
2412 4741 2478 4777 esse
2506 4723 2584 4777 sicut

1103 4820 1226 4875 materia
1246 4823 1299 4875 suh
1328 4821 1460 4892 pluribus
1480 4820 1625 4873 forulis¹¹.
1654 4820 1686 4873 Si
1715 4821 1809 4891 primo
1833 4820 1965 4885 modo¹¹,
1986 4828 2054 4873 tunc
2077 4821 2153 4874 sicut
2176 4820 2252 4892 iguis
2276 4839 2333 4874 non
2359 4829 2458 4892 potest
2477 4823 2585 4875 vero¹⁸

1103 4919 1255 4973 intellectu
1274 4918 1398 4989 intelligi
1417 4919 1472 4972 suh
1486 4918 1625 4988 opposito
1646 4918 1762 4982 caloris,
1776 4918 1814 4972 ita
1838 4936 1891 4971 nec
1912 4916 2039 4971 essentia
2051 4918 2072 4949 ¹¹
2095 4920 2149 4971 suh
2170 4919 2309 4990 opposito
2331 4918 2440 4990 proprii
2461 4936 2537 4973 esse.
2551 4919 2584 4973 Si

1196 5244 1203 5271 ¹
1218 5258 1322 5292 innuen
1339 5242 1519 5307 concretum]
1541 5248 1710 5291 concretum
1731 5255 1836 5290 innuen
1852 5238 1883 5292 ('.
1899 5270 1931 5276 —
1952 5240 1962 5269 ¹
1976 5248 2005 5291 et
2019 5240 2087 5291 odd.
2102 5242 2134 5291 l'.
2149 5272 2180 5279 —
2196 5243 2207 5271 ²¹
2222 5259 2276 5293 om.
2293 5241 2356 5307 SC;
2370 5243 2438 5295 aad.
2452 5248 2486 5296 ‘2⁰
2502 5261 2539 5295 m.
2554 5242 2584 5295 S.

1105 5360 1136 5367 -
1159 5327 1346 5395 ⁴signilicaut
1368 5329 1401 5380 i'.
1416 5358 1448 5365 —
1464 5329 1473 5357 ¹¹
1492 5329 1565 5378 haec
1585 5327 1653 5378 aad
1670 5328 1703 5379 (ἴ
1725 5358 1756 5363 —
1777 5327 1924 5396 “simplex
1939 5328 1971 5379 t'.
1993 5359 2025 5366 —
2048 5328 2057 5357 ἶ
2071 5328 2099 5380 id
2114 5328 2145 5381 (I.
2167 5360 2199 5367 —
2215 5328 2266 5381 ¹¹id
2282 5330 2314 5382 (ἴ,
2329 5361 2362 5368 -
2376 5332 2387 5360 ¹
2400 5347 2446 5381 om
2462 5330 2499 5396 S;
2514 5331 2584 5383 odd.

1105 5430 1138 5468 2⁰
1153 5434 1190 5469 ui.
1206 5419 1235 5468 S.
1249 5447 1282 5454 —
1299 5418 1319 5446 ¹⁰
1332 5415 1409 5467 idem
1425 5415 1452 5466 id
1468 5416 1499 5466 l'.
1515 5446 1547 5452 —
1565 5417 1581 5444 ¹¹
1599 5415 1644 5467 rel
1659 5412 1823 5466 substantia
1834 5414 1902 5466 adil.
1918 5432 2014 5483 irrora.
2031 5416 2059 5467 Ρ.
2075 5447 2107 5452 -
2122 5417 2140 5445 ¹¹
2154 5415 2325 5485 simpliciter
2338 5418 2414 5483 esse]
2433 5434 2488 5468 ωη.
2503 5418 2535 5469 C.
2551 5448 2585 5456 -

1107 5504 1127 5535 ¹³
1142 5503 1353 5572 intelligeretur
1371 5504 1408 5557 S:
1428 5502 1481 5555 del.
1502 5501 1771 5570 i·trri‹rrg.scr1'ps.
1792 5515 1825 5552 „m
1846 5519 1882 5552 in.
1903 5501 1940 5559 S:
1963 5502 2039 5572 Ergo
2060 5534 2088 5540 -
2112 5502 2292 5572 intelligitur]
2313 5503 2401 5556 niodo
2421 5503 2586 5556 substantia

1105 5591 1349 5663 praeintelligitur
1364 5591 1396 5643 (Ἰ
1412 5623 1443 5628 --
1467 5594 1485 5620 ¹¹
1499 5607 1554 5641 orn.
1575 5590 1612 5643 S:
1632 5589 1700 5641 odd.
1716 5602 1748 5640 ια
1764 5607 1800 5640 in.
1815 5589 1842 5641 S.
1858 5620 1890 5627 --
1909 5591 1929 5619 ¹¹
1941 5606 2013 5655 ergo
2028 5589 2061 5642 (Ἃ
2076 5622 2080 5627 -
2099 5621 2107 5627 -·
2125 5591 2144 5620 ¹¹¹
2159 5590 2193 5643 Et
2207 5591 2248 5643 sic
2263 5623 2295 5629 —
2310 5591 2462 5658 creaturis}
2478 5609 2534 5644 oua
2549 5591 2583 5645 C.

1105 5712 1137 5718 —
1162 5682 1180 5709 ¹³
1202 5688 1301 5749 pusset
1322 5678 1440 5743 hahere}
1466 5677 1586 5730 liaberet
1608 5676 1639 5729 (ᾗ
1662 5708 1694 5715 -
1718 5680 1737 5707 ¹³
1756 5694 1810 5728 altit.
1831 5677 1869 5733 S:
1889 5677 1957 5728 (trid.
1977 5690 2012 5729 2‘1
2029 5695 2065 5728 m.
2086 5677 2114 5729 S.
2130 5709 2158 5715 --
2178 5678 2198 5709 ¹⁰
2212 5677 2239 5729 itt
2259 5695 2353 5731 rerum
2373 5686 2478 5731 natura
2497 5679 2530 5732 C.
2552 5709 2586 5718 -

1105 5768 1128 5798 ²¹¹
1141 5766 1220 5836 urrini
1241 5767 1273 5819 (Ἴ.
1294 5799 1324 5805 --
1348 5768 1367 5796 ²¹
1389 5765 1481 5817 lorum
1499 5765 1531 5817 l).
1553 5797 1582 5801 --
1605 5766 1627 5795 ¹¹
1642 5782 1710 5816 rere
1725 5764 1757 5816 t‘.
1779 5796 1809 5801 -
1831 5764 1854 5794 ³³
1867 5766 1920 5816 init.
1936 5766 1973 5825 S;
1993 5765 2062 5817 odd.
2077 5777 2111 5816 2ss
2130 5783 2166 5816 ur.
2182 5766 2210 5817 S.
2232 5796 2263 5803 -
2284 5766 2305 5796 ¹¹
2321 5783 2387 5819 esse
2401 5766 2432 5819 P.

1196 6000 1234 6053 tlt
1250 5994 1308 6048 tffr.
1324 6013 1351 6064 p.
1368 5998 1425 6051 tul.
1439 6012 1465 6045 u.
1481 5998 1520 6055 (⁶2)
1534 6001 1563 6045 et
1578 5998 1625 6055 int-lt.
1689 5998 1717 6055 tf.)
1742 5992 1801 6046 t't'r.
1816 6010 1843 6063 p.
1859 5996 1918 6052 loo,
1932 6010 1958 6046 n.
1972 5997 2020 6061 tl).
