6700 7992
1095 1372 1146 1431 teo
1457 1366 1650 1432 MAGISTRI
1679 1364 1901 1433 GODEFRIDI
1930 1367 1982 1431 DE
2010 1367 2208 1432 FONTIBUS

1181 1555 1285 1623 Circa
1318 1555 1467 1643 primum
1501 1557 1735 1643 quaerebatur
1768 1577 1886 1637 unum,
1912 1555 2074 1624 videlicet
2108 1567 2223 1623 utrum
2255 1568 2379 1624 natura
2411 1557 2571 1646 angelica

1092 1672 1136 1740 sit
1168 1672 1363 1760 composita
1387 1694 1429 1741 ex
1463 1695 1546 1739 vera
1577 1673 1722 1739 materia
1752 1683 1786 1739 ει
1817 1693 1900 1739 vera
1939 1673 2059 1739 forma.
2092 1673 2134 1738 Et
2164 1674 2376 1761 arguebatur
2406 1674 2502 1759 quod
2526 1674 2571 1740 ad

1092 1800 1250 1855 naturam
1279 1800 1313 1856 et
1342 1788 1573 1856 substantiam
1604 1788 1720 1877 angeli
1753 1787 1902 1874 pertinet
1935 1809 2018 1854 vera
2049 1788 2202 1870 materia,
2235 1788 2315 1875 quia
2349 1810 2454 1857 omne
2477 1811 2572 1857 com-

1091 1904 1244 1992 positum
1261 1916 1315 1972 est
1338 1904 1571 1992 compositum
1588 1925 1631 1972 ex
1648 1884 1728 1971 actu
1756 1914 1791 1970 et
1817 1903 1995 1991 potentia;
2019 1925 2099 1970 nam
2128 1905 2227 1990 plura
2254 1926 2326 1971 non
2355 1905 2572 1972 constituunt

1091 2042 1156 2087 sua
1183 2020 1439 2109 compositione
1455 2043 1573 2102 unum,
1601 2020 1669 2087 nisi
1693 2022 1837 2088 alterum
1862 2020 1906 2086 sit
1929 2030 1967 2086 ut
1990 2020 2148 2106 potentia
2171 2032 2206 2088 et
2232 2022 2377 2088 alterum
2401 2032 2438 2088 ut
2460 2033 2570 2092 actus.

1092 2137 1165 2204 Sed
1188 2149 1312 2205 natura
1336 2136 1496 2226 angelica
1519 2147 1572 2203 est
1595 2135 1812 2223 composita;
1847 2135 2001 2222 alioquin
2034 2147 2127 2203 esset
2155 2147 2260 2209 ¹actus
2292 2159 2401 2224 purus
2434 2147 2469 2205 et
2498 2158 2572 2205 non

1091 2254 1272 2321 recederet
1317 2275 1338 2321 a
1378 2274 1513 2320 summa
1551 2251 1771 2338 simplicitate
1808 2251 1918 2339 primi.
1959 2251 2055 2341 Ergo
2104 2254 2148 2318 ad
2183 2263 2342 2319 naturam
2376 2253 2571 2342 angelicam

1092 2368 1268 2457 pertinent
1291 2380 1391 2437 actus
1415 2379 1449 2435 ει
1473 2367 1638 2455 potentia.

1180 2485 1319 2553 Deinde
1350 2486 1562 2574 arguebatur
1601 2483 1697 2570 quod
1728 2483 1941 2570 ubicumque
1973 2495 2025 2551 εει
2052 2484 2209 2572 potentia
2248 2484 2410 2552 distincta
2449 2496 2572 2553 contra

1092 2614 1208 2670 actum
1232 2601 1365 2669 scilicet
1389 2599 1628 2687 receptiva[m]
1654 2600 1709 2665 vel
1732 2599 1884 2687 passiva,
1908 2600 1956 2667 ibi
1980 2610 2034 2668 est
2057 2600 2209 2667 materia.
2234 2602 2323 2667 Nam
2348 2600 2438 2668 sicut
2460 2602 2572 2669 forma

1092 2729 1145 2786 est
1168 2717 1316 2806 primum
1341 2716 1549 2804 principium
1584 2716 1640 2782 vel
1671 2715 1781 2803 prima
1816 2715 1904 2782 ratio
1938 2716 2079 2805 agendi,
2111 2716 2158 2782 ita
2191 2716 2339 2804 primum
2364 2717 2592 2804 principium

1091 2836 1146 2902 vel
1174 2834 1284 2921 prima
1312 2833 1399 2899 ratio
1423 2831 1578 2919 patiendi
1606 2842 1659 2898 est
1689 2831 1843 2897 materia.
1868 2831 1968 2899 Sicut
1993 2853 2079 2921 ergo
2103 2833 2199 2918 quod
2223 2844 2318 2899 caret
2342 2833 2437 2900 omni
2461 2833 2572 2901 forma

1090 2950 1188 3017 nullo
1211 2950 1318 3017 modo
1353 2959 1406 3016 est
1438 2947 1599 3029 activum,
1635 2946 1682 3014 ita
1713 2948 1809 3033 quod
1844 2958 1938 3015 caret
1962 2948 2057 3014 omni
2093 2948 2236 3015 materia
2267 2950 2363 3016 nullo
2387 2950 2495 3016 modo
2520 2958 2573 3019 est

1091 3067 1270 3155 passivum
1321 3065 1376 3132 vel
1414 3064 1639 3151 receptivum.
1680 3063 1774 3152 Ergo
1813 3084 1893 3131 cum
1931 3063 1967 3130 in
2013 3065 2148 3152 angelis
2187 3065 2231 3131 sit
2269 3065 2400 3150 aliquid
2438 3065 2572 3133 ratione

1091 3182 1191 3251 cuius
1214 3192 1296 3249 sunt
1319 3181 1436 3267 aliquo
1456 3182 1563 3247 modo
1587 3179 1779 3266 aliquarum
1803 3179 2056 3266 perfectionum
2078 3180 2244 3268 receptivi
2269 3193 2303 3248 et
2326 3180 2443 3268 aliquo
2467 3183 2572 3250 modo

1092 3298 1234 3387 passivi,
1259 3298 1294 3365 in
1312 3297 1362 3365 eis
1386 3308 1439 3364 est
1462 3317 1545 3364 vere
1567 3295 1711 3363 materia
1735 3306 1770 3363 et
1793 3306 1918 3363 cetera.

1182 3416 1324 3482 Contra.
1361 3411 1530 3500 Operatio
1565 3411 1615 3479 rei
1645 3422 1700 3479 est
1731 3413 1925 3479 secundum
1961 3410 2104 3479 modum
2128 3413 2346 3481 substantiae
2381 3414 2466 3482 eius.
2500 3415 2573 3482 Sed

1091 3530 1286 3619 intelligere
1321 3530 1416 3616 quod
1451 3539 1504 3595 est
1538 3527 1696 3615 operatio
1731 3527 1848 3616 angeli
1882 3539 1935 3594 est
1967 3527 2125 3615 operatio
2159 3529 2303 3596 omnino
2327 3529 2572 3611 immaterialis

1093 3659 1128 3716 et
1151 3658 1277 3714 cetera.
1638 3734 1642 3741 ,

1180 3762 1378 3830 Dicendum
1412 3762 1508 3848 quod
1542 3759 1679 3831 videtur
1714 3758 1886 3846 aliquibus
1899 3764 1946 3846 (1)
1980 3761 2074 3847 quod
2105 3782 2253 3829 necesse
2285 3773 2338 3829 est
2368 3762 2405 3828 in
2437 3761 2600 3852 angelis.

1092 3901 1226 3967 ponere
1249 3900 1366 3947 veram
1389 3877 1579 3958 materiam,
1603 3897 1694 3963 quae
1722 3875 1805 3943 dicit
1836 3876 2027 3964 potentiam
2051 3876 2253 3964 simpliciter
2276 3879 2321 3944 ad
2346 3900 2424 3947 esse
2449 3899 2573 3959 seeun-

1093 3996 1176 4063 dum
1200 3996 1345 4062 formam
1369 3993 1642 4061 substantialem.
1668 3993 1759 4061 Nam
1782 3993 1977 4059 secundum
2009 3993 2189 4062 veritatem
2223 3994 2315 4077 fidei,
2339 3994 2457 4084 angeli
2492 4016 2573 4063 vere

1092 4111 1279 4200 patiuntur,
1304 4111 1498 4178 secundum
1522 4109 1606 4176 illud
1633 4108 1800 4175 Matthaei
1823 4107 1995 4198 vigesimo
2020 4108 2142 4196 quinto
2163 4113 2236 4196 (2):
2261 4111 2310 4177 Ite
2338 4110 2513 4178 maledicti
2537 4110 2572 4177 in

1092 4228 1210 4318 ignem
1234 4238 1414 4295 aeternum
1438 4236 1472 4294 et
1496 4235 1621 4293 cetera.
1648 4224 1721 4292 Sed
1749 4225 1845 4311 quod
1873 4236 1926 4292 est
1954 4224 2108 4292 immune
2132 4248 2153 4291 a
2176 4226 2320 4294 materia
2343 4236 2397 4294 εει
2419 4226 2574 4294 immune

1093 4364 1115 4411 a
1137 4342 1304 4432 passione
1328 4342 1523 4411 seeundum
1547 4340 1790 4429 philosophos.

1181 4461 1275 4542 Item,
1310 4458 1407 4525 solus
1437 4458 1535 4525 Deus
1566 4467 1621 4525 est
1656 4455 1888 4538 immutabilis,
1924 4469 1959 4525 et
1982 4460 2177 4525 secundum
2202 4458 2451 4547 Augustinum,
2487 4459 2573 4526 duo·

1093 4576 1230 4645 decimo
1247 4574 1592 4657 Confessionum(3),
1620 4573 1681 4639 ubi
1707 4585 1741 4641 et
1767 4574 1922 4655 mutatio,
1946 4573 1994 4640 ibi
2017 4574 2170 4641 materia.
2196 4574 2291 4664 Ergo
2316 4596 2396 4642 cum
2421 4575 2571 4664 angelus

1093 4694 1137 4760 sit
1161 4691 1345 4773 mutabiliS,
1369 4690 1405 4757 in
1428 4711 1472 4757 εο
1496 4700 1551 4757 εει
1574 4688 1727 4756 materia.

1180 4810 1276 4890 Item,
1301 4808 1496 4874 secundum
1513 4804 1701 4873 Boethium
1714 4809 1772 4891 (4),
1790 4805 1901 4891 primo
1918 4807 1963 4874 de
1978 4805 2157 4888 Trinitate,
2174 4806 2275 4874 tertio
2292 4806 2456 4895 capitulo,
2474 4807 2573 4875 Deus

1092 4925 1287 4992 subiectum
1323 4944 1403 4991 esse
1437 4944 1510 4989 non
1545 4931 1683 5008 potest:
1717 4921 1830 4987 forma
1861 4920 1953 4989 enim
1985 4933 2049 5005 est,
2081 4923 2215 4990 formae
2250 4933 2365 4990 autem
2391 4922 2572 4991 subiectae

1092 5062 1172 5111 esse
1202 5062 1276 5106 non
1307 5050 1465 5127 possunt.
1490 5038 1562 5106 Sed
1585 5038 1734 5126 angelus
1758 5048 1811 5104 est
1834 5037 2069 5126 susceptibilis
2096 5038 2229 5127 gratiae
2254 5051 2288 5106 et
2322 5039 2466 5129 gloriae,
2498 5038 2572 5106 vitii

1094 5169 1129 5225 ει
1152 5155 1296 5224 virtutis.

1183 5554 1223 5621 (l)
1241 5549 1276 5608 V.
1289 5566 1332 5624 gr.
1352 5551 1613 5606 Bonaventura
1631 5547 1669 5602 ln
1684 5545 1720 5603 11
1730 5547 1747 5603 l.
1762 5548 1903 5613 Sentent„
1913 5548 1940 5604 d.
1952 5548 2003 5618 ΙΙΙ,
2014 5566 2042 5622 p.
2054 5552 2078 5619 1,
2089 5557 2141 5604 art.
2153 5552 2177 5605 1.
2188 5579 2222 5591 -
2232 5552 2271 5618 (2)
2283 5549 2400 5623 Evang.
2410 5548 2572 5605 secuudum

1094 5637 1210 5708 Marta,
1229 5640 1320 5707 XXV,
1337 5642 1399 5695 41...
1420 5636 1571 5692 Discedite
1590 5654 1607 5691 a
1626 5654 1673 5691 me
1696 5635 1844 5691 maledicti
1867 5636 1897 5690 in
1918 5636 2017 5709 ignem
2040 5646 2224 5693 aetemum.›
2248 5669 2282 5678 -
2302 5640 2343 5705 (3)
2361 5635 2573 5709 Augustini

1095 5727 1326 5799 confessionum
1339 5726 1357 5780 l.
1370 5727 1435 5794 Xll,
1449 5743 1474 5780 c.
1486 5728 1504 5779 6
1516 5732 1546 5779 ει
1560 5727 1594 5779 19
1607 5724 1650 5791 (Ρ.
1665 5724 1696 5778 L.
1705 5723 1763 5779 vol.
1776 5725 1820 5792 32,
1833 5725 1889 5780 col.
1901 5728 1954 5780 828
1967 5733 1997 5779 ει
2009 5728 2083 5791 836).
2096 5757 2129 5765 -
2142 5728 2182 5794 (l)
2197 5724 2339 5781 Boethii
2363 5724 2407 5779 De
2423 5723 2574 5780 Trinitate

1093 5818 1110 5871 1.
1132 5817 1154 5886 1,
1173 5820 1229 5872 c.2
1246 5815 1290 5884 (P.
1310 5815 1351 5880 L„
1369 5813 1427 5868 vol.
1446 5816 1490 5881 64,
1509 5812 1565 5867 col.
1586 5815 1687 5879 laum:
1709 5811 1885 5882 «Quocirca
1904 5813 1960 5867 hoc
1978 5830 2049 5867 vere
2068 5830 2165 5880 unum,
2184 5811 2214 5868 in
2234 5829 2293 5884 quo
2311 5812 2408 5867 nullus
2426 5828 2574 5880 numerus,

1093 5905 1204 5960 nullum
1223 5903 1253 5958 in
1272 5919 1308 5959 eo
1328 5900 1407 5957 aliud
1427 5908 1632 5974 praeterquam
1652 5898 1683 5953 id
1703 5898 1782 5972 quod
1801 5908 1855 5968 est,
1873 5917 1969 5972 neque
1988 5899 2065 5955 enim
2085 5901 2249 5955 subiectum
2269 5899 2332 5954 fieri
2346 5907 2462 5971 potest;
2478 5897 2574 5954 forma

1094 5993 1171 6047 enirn
1185 6000 1239 6060 est,
1252 5990 1365 6047 formae
1378 6005 1450 6044 vero
1463 5988 1615 6043 subiectae
1628 6004 1768 6043 essenon
1781 5995 1938 6059 possunt».
