6700 7992
1192 1403 1388 1477 Qunnruu
1417 1403 1717 1476 Quonrissrruu,
1744 1404 1782 1476 o.
1810 1403 1893 1458 xvn
2225 1402 2279 1455 aas

887 1582 998 1655 Quinto
1027 1581 1078 1638 sic.
1098 1581 1176 1654 Quia
1204 1590 1255 1636 aut
1283 1588 1399 1636 tenetur
1427 1580 1553 1653 experiri
1578 1580 1616 1636 ad
1644 1589 1757 1637 certum
1786 1589 1902 1654 tempus
1928 1587 1978 1636 aut
2002 1597 2070 1641 non.
2098 1578 2130 1634 Si
2154 1595 2214 1634 non
2239 1577 2278 1633 ad

795 1687 910 1734 oerturn
929 1686 1056 1751 tempus,
1074 1694 1147 1750 ergo
1173 1677 1220 1732 vel
1245 1675 1392 1732 tenebitur
1416 1685 1561 1749 perpetuo
1580 1694 1742 1745 remanere,
1761 1676 1841 1749 quod
1867 1676 1964 1733 nullus
1989 1684 2089 1748 potest
2103 1677 2121 1741 ¹,
2149 1675 2196 1731 vel
2224 1673 2279 1738 erit

798 1774 927 1829 incertus
949 1773 1067 1846 quando
1086 1772 1252 1845 impleverit
1273 1772 1369 1827 illud¹
1397 1771 1435 1827 ad
1454 1772 1534 1845 quod
1552 1772 1709 1828 tenebatur
1727 1772 1807 1844 quod
1826 1780 1871 1827 est
1890 1771 2109 1829 inconveniens.
2128 1770 2160 1827 Si
2179 1778 2278 1826 autem

798 1879 914 1925 tenetur
932 1869 970 1924 ad
997 1853 1109 1925 certum
1128 1878 1253 1941 tempus,
1272 1878 1343 1941 puta
1370 1867 1407 1922 ad
1433 1876 1526 1923 toturn
1552 1886 1659 1922 annum
1684 1867 1869 1940 probationis
1892 1868 1941 1923 vel
1968 1867 2031 1922 ad¹
2059 1866 2138 1922 aliud
2166 1874 2277 1922 certum

795 1976 915 2038 tempus
939 1964 1015 2020 inira
1041 1966 1121 2020 illurn
1149 1981 1266 2032 annum,
1293 1973 1363 2020 tunc
1387 1965 1490 2019 saltem
1520 1973 1619 2035 potest
1646 1963 1755 2019 intrare
1780 1981 1845 2018 cum
1871 1962 2026 2036 proposito
2052 1962 2178 2018 exeundi
2210 1970 2279 2034 post

798 2061 869 2116 illud
902 2070 1026 2132 tempus.
1058 2061 1119 2115 Sed
1150 2078 1207 2115 non
1240 2058 1330 2115 refert
1360 2067 1455 2114 utrum
1487 2060 1596 2115 habeat
1627 2059 1812 2132 propositum
1839 2058 1964 2114 exeundi
1992 2058 2091 2113 statim
2120 2067 2277 2129 postquam

798 2157 917 2212 intravit
942 2158 1014 2210 vel¹
1042 2164 1111 2229 post
1136 2173 1267 2210 mensem
1296 2156 1342 2210 vel
1369 2173 1475 2209 annum
1501 2163 1568 2227 post
1583 2157 1601 2209 ¹.
1630 2157 1709 2227 Ergo
1728 2173 1787 2209 non
1815 2163 1931 2209 tenetur
1958 2155 2069 2209 habere
2094 2155 2278 2226 propositum

798 2252 969 2308 remanendi
989 2251 1030 2306 ibi
1054 2260 1321 2324 quantumcumque
1341 2251 1498 2318 modicum,
1526 2250 1581 2305 nisi
1601 2249 1678 2304 sorte
1707 2268 1760 2322 per
1788 2250 1928 2305 accidens
1957 2258 2078 2323 propter
2106 2249 2277 2304 scandalum

800 2349 949 2404 vitandum
978 2348 1002 2402 si
1032 2349 1197 2402 immineret
1226 2365 1262 2402 ex
1286 2348 1350 2401 eius
1379 2347 1466 2401 exitu.
1495 2347 1527 2401 Si
1558 2346 1673 2401 dicatur
1700 2346 1781 2417 quod
1809 2355 1925 2400 tenetur
1952 2347 2062 2400 habere
2093 2345 2278 2418 propositum

798 2445 993 2499 remanendi·¹
1018 2462 1077 2498 non
1104 2444 1140 2497 ad
1166 2452 1277 2498 certum
1302 2451 1419 2514 tempus
1445 2442 1498 2496 sed
1524 2450 1664 2513 quantum
1685 2443 1766 2496 Deus
1792 2441 1873 2495 sibi⁷
1897 2441 2092 2513 inspiraverit,
2111 2460 2170 2496 non
2190 2441 2277 2496 valet.

798 2541 877 2610 Quia
907 2540 949 2595 sic
981 2549 1130 2594 teneretur
1159 2557 1312 2593 remanere
1347 2538 1376 2593 in
1407 2547 1590 2610 perpetuum,
1622 2537 1690 2610 quia
1728 2538 1783 2592 nisi
1817 2548 1942 2617 porreget
1972 2539 2097 2604 obicem,
2135 2538 2278 2592 Dominus

798 2636 955 2709 inspiraret
985 2635 1042 2690 sibi
1067 2635 1200 2707 profiteri
1223 2636 1313 2689 multo
1339 2636 1407 2706 plus
1431 2653 1519 2706 quam
1546 2633 1680 2706 experiri.
1701 2634 1769 2705 Ipse
1792 2634 1880 2688 etiam
1903 2642 2006 2706 posset
2025 2641 2135 2687 temere
2155 2633 2277 2687 delinire

798 2739 827 2786 et
846 2731 1042 2786 determinare
1062 2739 1202 2802 quantum
1222 2731 1274 2784 ei⁸
1293 2730 1435 2784 Dominus
1456 2729 1636 2801 inspirasset.
1969 2729 1971 2733 ’

887 2812 977 2880 Sexto
998 2826 1048 2880 sic.
1069 2825 1100 2879 Si
1126 2834 1241 2880 tenetur
1266 2827 1375 2880 habere
1400 2826 1584 2897 propositum
1614 2825 1784 2879 remanendi
1810 2825 1928 2896 quando
1957 2824 2054 2890 intrat,
2082 2834 2131 2879 aut
2157 2826 2213 2880 hoc
2233 2835 2279 2880 est

798 2931 910 2976 tantum
931 2921 999 2993 quia
1024 2921 1188 2993 proposuit,
1216 2930 1266 2976 aut
1290 2923 1358 2993 quia
1384 2921 1474 2975 vovit.
1500 2921 1567 2975 Non
1594 2920 1662 2991 quia
1692 2921 1855 2992 proposuit,
1881 2922 1950 2992 quia
1974 2921 2068 2975 solum
2094 2920 2278 2992 propositum

795 3036 854 3072 non
886 3018 1007 3086 obligat.
1036 3017 1100 3071 Nec
1129 3017 1219 3070 etiam
1244 3017 1312 3087 quia
1337 3017 1429 3083 vovit,
1454 3016 1523 3088 quia
1548 3025 1598 3070 aut
1623 3016 1707 3069 vovit
1735 3034 1888 3070 remanere
1913 3025 1963 3070 aut
1988 3017 2070 3070 vovit
2094 3015 2278 3088 propositum

796 3113 976 3168 remanendi.
1004 3114 1073 3167 Non
1102 3113 1169 3184 quia
1198 3112 1280 3166 vovit
1307 3130 1469 3179 remanere,
1488 3112 1557 3183 quia
1585 3121 1653 3166 tunc
1683 3129 1831 3182 nunquam
1860 3113 1940 3167 licite
1968 3122 2070 3184 posset
2098 3113 2186 3166 exire.
2215 3112 2278 3165 Nec

797 3211 884 3265 etiam
908 3209 977 3282 quia
1000 3208 1081 3263 vovit
1101 3208 1283 3280 propositum
1305 3207 1484 3275 remanendi,
1504 3207 1572 3279 quia
1595 3216 1695 3261 votum
1716 3224 1773 3261 non
1794 3207 1873 3262 cadit
1893 3225 1982 3280 super
2001 3218 2098 3262 actum
2118 3207 2279 3262 voluntatis

796 3306 925 3361 elicitum
955 3305 1024 3377 quia
1052 3306 1148 3359 nullus
1176 3311 1266 3358 vovet
1293 3321 1461 3374 proponere
1490 3304 1536 3358 vel
1563 3304 1648 3371 velle,
1677 3303 1731 3357 sed
1760 3303 1839 3358 cadit
1868 3321 1956 3375 super
1981 3312 2079 3358 actum
2103 3306 2278 3376 imperatum

798 3419 884 3473 quem
910 3402 976 3477 quis
1000 3401 1139 3473 proponit
1165 3401 1212 3454 vel
1238 3400 1307 3454 vult.
1328 3400 1359 3453 Si
1379 3418 1456 3471 ergo,
1471 3417 1525 3454 nec
1546 3399 1627 3454 vovit
1646 3417 1798 3454 remanere
1820 3417 1876 3453 nec
1895 3400 2078 3471 propositum
2098 3400 2278 3465 remanendi,

797 3498 850 3552 sed
869 3507 980 3551 tantum
1000 3497 1108 3551 nudum
1135 3495 1319 3568 propositum
1338 3496 1440 3549 habuit
1459 3495 1496 3549 de
1515 3495 1704 3560 remanendo,
1724 3495 1823 3549 dicere
1850 3495 1929 3566 quod
1957 3513 2015 3548 non
2044 3496 2138 3567 possit
2165 3510 2278 3550 mutare

798 3594 981 3666 propositum
1003 3593 1040 3646 dc
1054 3592 1234 3646 remanendo
1253 3593 1329 3646 sicut
1348 3608 1404 3645 nec
1426 3599 1525 3662 potest
1550 3599 1662 3645 mutare
1686 3590 1871 3662 propositum
1892 3591 1929 3644 de
1950 3590 2094 3650 intrando.
2113 3601 2159 3645 est
2178 3591 2278 3645 dioere

797 3689 1036 3754 contradictoria,
1073 3687 1187 3742 scilicet
1218 3687 1298 3759 qnod
1329 3687 1470 3741 mutabile
1501 3704 1559 3740 non
1591 3686 1628 3740 sit
1659 3685 1808 3740 mutabile.
1841 3686 1948 3741 Dicere
1980 3688 2069 3742 etiam
2101 3686 2182 3758 quod
2218 3705 2278 3740 non

796 3785 890 3857 possit
910 3792 1022 3841 mutare
1035 3783 1218 3855 propositum
1239 3783 1275 3837 de
1295 3782 1476 3837 remanendo
1495 3789 1642 3836 ettamen
1661 3780 1756 3853 possit
1776 3799 1834 3836 non
1854 3800 2016 3848 remanere,
2035 3793 2080 3836 est
2099 3782 2277 3837 irrationale.

796 3881 829 3933 Si
857 3880 972 3934 dicatur
1000 3879 1079 3952 quod
1108 3879 1197 3933 debet
1222 3879 1330 3933 intrare
1355 3897 1422 3933 cum
1451 3877 1629 3950 proposito¹
1656 3878 1828 3950 experiendi
1854 3880 1878 3933 si
1905 3879 2004 3949 placet
2032 3878 2098 3939 sint,
2125 3879 2182 3932 hoc
2208 3878 2279 3932 nihil

798 3987 842 4030 est
862 3976 972 4030 dictum
985 3978 1014 4041 ¹⁰,
1043 3976 1110 4046 quia
1130 3977 1218 4030 etiarn
1238 3975 1302 4030 sine
1321 3993 1507 4046 quocumque
1527 3984 1597 4030 voto
1619 3984 1648 4030 et
1667 3976 1731 4030 sine
1753 3977 1887 4047 ingressu
1905 3976 1996 4029 habet
2016 3975 2074 4028 tale
2094 3974 2278 4046 propositum

798 4072 1044 4138 condicionatum,
1064 4072 1179 4125 scilicet
1198 4071 1277 4140 (ruod
1297 4071 1465 4142 experiatur
1483 4071 1508 4125 si
1528 4072 1626 4142 placet
1645 4071 1710 4126 sibi.

886 4167 946 4221 Sed
971 4170 1073 4221 'contra
1092 4169 1148 4220 hoc
1168 4176 1270 4238 posset
1289 4167 1368 4220 obici
1387 4167 1437 4220 sic.
1459 4167 1571 4220 Intrare
1599 4176 1628 4221 et
1653 4186 1712 4221 non
1738 4167 1864 4239 experiri
1890 4185 1945 4221 uec
1971 4185 2123 4221 remancre
2149 4185 2207 4220 non
2234 4177 2280 4220 est

797 4265 914 4317 bonum.
946 4264 1025 4334 Ergo
1057 4263 1164 4316 intrare
1199 4262 1262 4316 sine
1298 4262 1451 4334 proposito
1477 4262 1648 4334 experiendi
1673 4280 1731 4316 non
1757 4272 1803 4318 est
1835 4262 1956 4317 materia
1989 4265 2060 4323 voti,
2092 4281 2146 4318 nec
2181 4275 2280 4336 potest

798 4360 902 4430 aliquis
919 4362 937 4391 ¹¹
969 4359 1049 4412 licite
1075 4376 1184 4412 vovere
1209 4358 1250 4412 ita
1276 4358 1354 4429 quod
1388 4375 1446 4410 non
1477 4358 1652 4429 experiatur.
1686 4360 1763 4427 Ergo
1796 4377 1850 4413 noc
1884 4360 1985 4431 implet
2017 4369 2117 4413 votum
2149 4360 2229 4415 licito
2254 4361 2279 4415 si

797 4455 883 4508 intrat
916 4472 981 4507 curn
1013 4455 1167 4525 proposito
1193 4471 1251 4507 non
1277 4453 1446 4507 remanendi
1472 4454 1519 4507 vel
1544 4471 1602 4507 nou
1628 4454 1809 4527 experiendi.
1895 4455 1943 4509 Ad
1968 4456 2024 4509 hoc
2050 4468 2096 4510 est
2121 4456 2278 4511 dicendum

798 4549 876 4621 quod
895 4549 966 4603 illud
986 4549 1066 4620 quod
1092 4566 1148 4602 non
1170 4558 1214 4603 est
1235 4548 1408 4620 simpliciter
1427 4556 1456 4602 et
1475 4548 1681 4617 universaliter
1705 4552 1825 4618 bonum,
1845 4561 1944 4622 potest
1964 4570 2030 4605 esse
2060 4553 2168 4606 bonum
2192 4552 2279 4607 alicui

796 4654 825 4699 et
863 4646 891 4698 in
923 4662 1002 4698 casu.
1034 4646 1116 4698 Sicut
1147 4645 1172 4697 si
1204 4645 1310 4716 aliquis
1347 4662 1406 4698 non
1438 4654 1540 4715 posset
1571 4646 1664 4700 vitare
1697 4656 1820 4701 mortem
1854 4648 1909 4701 nisi
1945 4647 2082 4702 vovendo
2114 4649 2277 4719 ingressum

797 4741 948 4811 religionis
977 4758 1042 4794 cum
1071 4741 1225 4811 proposito
1250 4740 1386 4804 exeundi,
1414 4740 1484 4794 licet
1509 4742 1577 4795 talis
1605 4741 1756 4813 ingressus
1784 4761 1844 4797 non
1872 4743 1910 4797 sit
1935 4743 2109 4815 simpliciter
2137 4745 2232 4799 liunus
2251 4745 2278 4800 ei

798 4838 847 4908 qui
864 4837 884 4867 ¹²
907 4836 954 4905 [ad
976 4835 1145 4890 vovendum
1173 4835 1202 4890 ei
1230 4835 1289 4906 qui]
1322 4835 1360 4889 ad
1383 4837 1440 4891 hoc
1472 4855 1529 4891 non
1557 4841 1561 4907 Ι
1587 4839 1775 4909 compellitur
1803 4847 1882 4893 metu
1903 4839 2013 4901 mortis,
2033 4840 2083 4894 tali
2110 4850 2208 4895 tamen
2233 4852 2279 4896 est
2337 4840 2437 4893 cod.S

797 4934 892 4986 bonus
924 4932 961 4985 ad
1002 4931 1170 4985 vovendum
1187 4932 1215 4985 ¹¹.
1247 4933 1291 4986 lta
1317 4935 1321 5001 Ι
1347 4932 1435 4986 etiam
1466 4935 1535 4988 licet
1566 4935 1675 4988 intrare
1709 4951 1775 4989 cum
1809 4935 1962 5007 proposito
1993 4936 2120 4991 exeundi
2152 4954 2210 4991 uon
2242 4938 2280 4991 sit
2311 4912 2463 5037 ¹¹'l’q'3l‘

797 5029 905 5081 bonum
926 5027 953 5080 ei
973 5027 1022 5097 qui
1041 5044 1100 5081 non
1120 5036 1164 5081 est
1183 5027 1332 5098 obligatus
1352 5028 1390 5082 ad
1418 5029 1582 5100 ingressum
1602 5031 1670 5100 quia
1699 5030 1779 5085 nulla
1808 5032 1887 5085 bona
1912 5031 2074 5086 intentione
2093 5034 2149 5087 hoc
2178 5040 2281 5104 posset
2302 4990 2473 5110 fol.⁰l(tltit'a

797 5123 905 5190 facere,
925 5131 1023 5177 tamen
1043 5122 1092 5176 ille
1112 5121 1162 5194 qui
1191 5130 1237 5177 est
1265 5123 1363 5195 aliquo
1393 5124 1483 5178 modo
1502 5133 1625 5179 coactus
1644 5125 1683 5179 ad
1712 5126 1878 5181 intrandum
1907 5144 1960 5198 per
1989 5136 2090 5182 votum
2119 5136 2148 5182 et
2170 5127 2280 5182 invitus

798 5217 1016 5291 quodammodo
1033 5220 1052 5253 ¹¹
1072 5217 1168 5284 intrat,
1182 5225 1282 5289 potest
1301 5219 1380 5273 licite
1400 5219 1518 5287 intrare,
1532 5222 1600 5292 quia
1619 5223 1676 5276 hoc
1696 5222 1775 5276 bona
1796 5222 1958 5277 intentione
1978 5221 2049 5277 facit
2069 5223 2107 5277 ad
2126 5222 2278 5278 vitandum

797 5313 910 5368 scilicet
930 5322 1053 5368 mortem
1069 5315 1090 5345 ¹¹
1108 5313 1290 5385 spiritualem
1311 5316 1555 5386 transgressionis
1574 5317 1654 5384 voti;
1677 5317 1753 5372 sicut
1773 5317 1861 5372 etiarn
1879 5319 1899 5350 ¹¹
1920 5317 1969 5373 ille
1990 5317 2038 5390 qui
2062 5326 2152 5373 vovet
2170 5318 2279 5373 intrare

797 5426 862 5463 cum
882 5409 1035 5481 proposito
1055 5408 1180 5463 exeundi
1201 5418 1322 5464 coactus
1341 5419 1422 5466 metu
1440 5412 1542 5466 mortis
1563 5412 1736 5485 corporalis,
1756 5413 1836 5468 licite
1864 5413 1937 5468 facit
1955 5423 1985 5469 et
2009 5402 2278 5469 bona'intentione.

889 5662 896 5692 ¹
909 5659 993 5732 ponit
1007 5658 1040 5713 C.
1060 5690 1092 5698 -
1108 5659 1119 5691 ¹
1132 5658 1161 5714 id
1176 5658 1208 5714 C.
1224 5690 1256 5699 -
1269 5659 1281 5692 ⁸
1294 5659 1414 5732 aliquod
1426 5662 1496 5716 add.
1513 5663 1546 5719 C.
1559 5695 1593 5704 -
1608 5667 1618 5696 ¹
1631 5663 1695 5718 sive
1708 5664 1741 5719 C.
1752 5695 1786 5704 —
1805 5665 1935 5718 ¹artuum
1952 5665 2031 5735 post]
2045 5673 2113 5736 post
2126 5682 2234 5720 annum
2248 5665 2279 5722 P.

798 5780 831 5789 -
851 5747 992 5819 ¹quando
1012 5747 1099 5801 intrat
1118 5746 1187 5801 add.
1207 5746 1241 5803 C.
1255 5778 1288 5788 —
1310 5747 1414 5805 ¹Deus
1432 5749 1498 5821 sibi]
1518 5751 1574 5805 sibi
1592 5751 1737 5806 Dominus
1751 5751 1785 5806 C.
1804 5782 1838 5791 -
1858 5749 1937 5806 ¹sibi
1952 5750 1985 5807 C.
2004 5782 2038 5792 -
2058 5752 2209 5807 ¹exeundi
2225 5752 2279 5808 sed

796 5837 866 5891 add.
887 5834 920 5891 C.
939 5865 973 5875 -
994 5836 1016 5866 ¹⁰
1028 5852 1083 5890 om.
1104 5834 1137 5890 C.
1158 5866 1191 5876 —
1212 5836 1233 5870 ¹¹
1246 5834 1313 5910 quis
1332 5836 1366 5894 C.
1385 5867 1419 5879 —
1441 5837 1463 5871 ¹¹
1474 5838 1502 5891 ei
1521 5838 1581 5910 qui]
1600 5855 1656 5893 om.
1671 5837 1705 5894 C.
1724 5869 1758 5878 -
1779 5838 1801 5871 ¹¹
1813 5838 1866 5893 tali
1878 5869 1913 5878 —
1925 5838 2104 5910 vovendum]
2120 5847 2220 5895 tamen
2233 5848 2279 5895 est

796 5934 893 5993 bonus
912 5933 950 5990 ad
968 5933 1127 5993 vivendum
1146 5932 1198 5991 ttli
1217 5932 1251 5991 C.
1270 5963 1304 5975 -
1325 5936 1346 5968 ¹¹
1359 5931 1440 6006 quod
1457 5926 1526 5988 r0ro
1542 5932 1576 5988 f.
1595 5965 1628 5975 —
1649 5934 1672 5967 ¹⁸
1683 5941 1795 5989 metum
1813 5933 1868 5989 SP.
1882 5965 1916 5975 -
1932 5935 1953 5966 ¹¹
1964 5943 1996 5990 et
2014 5935 2045 5990 P.

2132 6022 2189 6077 4⁴·
