6700 7992
1201 1349 1397 1422 QUARTUM
1426 1346 1726 1419 QUODLIBETUM,
1755 1347 1792 1417 Q.
1816 1346 1899 1400 xvtl
2237 1348 2292 1398 343

812 1539 909 1586 autem
929 1528 1114 1603 parochiales
1133 1527 1183 1600 qui
1210 1527 1281 1582 nihil
1300 1533 1424 1600 possunt
1451 1526 1587 1593 retinere,
1606 1524 1706 1580 dando
1724 1523 1873 1579 licentiam
1901 1523 2069 1579 concedunt
2087 1523 2130 1578 eis
2150 1529 2291 1596 quantum

812 1636 946 1702 possunt.

900 1727 944 1780 Ex
964 1723 1051 1780 dictis
1069 1732 1169 1797 potest
1187 1731 1289 1796 patere
1308 1722 1346 1777 ad
1366 1720 1492 1777 obiecta.

1340 2127 1606 2203 Qunasno
1637 2127 1748 2183 xvu

1472 2292 1635 2351 (mvni-

889 2487 998 2542 Utrum
1018 2503 1124 2542 vorione
1142 2486 1273 2540 absolute
1291 2486 1463 2557 ingressum
1482 2483 1640 2557 religionis
1657 2487 1687 2539 et
1705 2484 1826 2537 intrans
1844 2501 1912 2537 cum
1926 2482 2082 2555 proposito
2099 2482 2228 2537 exeundi

1177 2581 1353 2653 satisfaciat
1370 2582 1414 2636 sic
1432 2583 1512 2653 quad
1527 2583 1568 2636 sit
1586 2581 1730 2636 liberatus
1749 2599 1768 2635 a
1787 2585 1854 2635 volo
1867 2584 1916 2648 (1).

902 2851 1012 2906 Postea
1042 2851 1259 2922 quaerebantur
1290 2851 1450 2922 quattuor¹
1489 2856 1631 2921 quantum
1663 2847 1701 2902 ad
1732 2847 1945 2920 obligationem
1977 2848 2038 2902 toti
2074 2847 2291 2921 religiosorum.

815 2948 942 3003 Primum
971 2958 1035 3003 erat
1059 2958 1154 3002 utrum
1180 2965 1293 3003 vovens
1318 2948 1454 3002 absolute
1478 2948 1643 3019 ingressum
1668 2945 1821 3018 religionis
1846 2954 1877 3001 et
1904 2945 2016 3000 intrans
2040 2963 2107 3001 cum
2139 2946 2295 3018 proposito

814 3046 940 3102 exeundi
964 3046 1129 3101 satisfaciat
1148 3045 1191 3100 sic
1217 3045 1296 3117 quod
1324 3045 1362 3099 sit
1394 3044 1535 3099 liberatus
1560 3062 1577 3098 a
1601 3053 1683 3099 voto.
1709 3044 1878 3098 Secundum
1906 3052 1970 3099 erat
1994 3053 2090 3098 utrum
2116 3044 2145 3098 in
2170 3045 2294 3099 solemni
2376 3084 2380 3091 -

814 3153 885 3200 voto
905 3144 1103 3199 continentiae
1125 3144 1220 3216 possit
1239 3143 1282 3199 sic
1301 3142 1467 3214 dispensari
1492 3142 1571 3213 quod
1597 3142 1747 3213 obligatus
1771 3142 1822 3195 tali
1848 3151 1919 3196 voto
1944 3142 2039 3213 possit
2063 3160 2116 3214 per
2141 3143 2294 3214 dispensa-

814 3243 923 3296 tionem
956 3243 1128 3296 contrahere
1156 3241 1381 3295 matrimonium.
1410 3239 1542 3295 Tertium
1567 3249 1612 3294 est
1639 3249 1737 3294 utrum
1767 3240 1925 3311 religiosus
1956 3240 2005 3310 qui
2037 3241 2120 3294 vovit
2150 3241 2293 3296 oboedire

814 3341 947 3411 praelato
984 3348 1118 3394 teneatur
1149 3348 1251 3394 contra
1288 3347 1480 3410 praeceptum
1511 3339 1635 3410 praelati
1667 3337 1748 3391 exire
1784 3338 1944 3391 claustrum
1985 3337 2024 3391 ad
2060 3338 2294 3393 subveniendum

815 3437 986 3492 necessitati
1016 3447 1178 3510 parentum.
1210 3438 1353 3508 Quartum
1386 3437 1473 3490 erat²
1504 3445 1599 3489 utrum
1632 3434 1788 3506 religiosus
1819 3443 1954 3489 teneatur
1984 3436 2117 3491 revelare
2147 3444 2295 3490 secretum

816 3536 1003 3590 commissum
1034 3535 1103 3589 fidei
1135 3552 1205 3589 suae
1228 3534 1275 3588 vel
1298 3542 1453 3606 peccatum
1473 3534 1620 3588 occultum
1648 3534 1775 3605 proximi
1803 3534 1937 3606 praelato
1966 3534 2054 3587 talem
2083 3535 2295 3589 revelationem

817 3633 1020 3705 praecipienti.
1742 3634 1744 3639 ’

904 3732 951 3785 Ad
971 3732 1095 3802 primum
1121 3731 1163 3785 sic
1188 3730 1367 3802 proceditur,
1393 3739 1422 3783 et
1442 3730 1573 3801 arguitur
1592 3729 1672 3801 quod
1691 3729 1759 3783 talis
1783 3748 1842 3783 non
1868 3730 2009 3784 liberatur
2028 3749 2045 3784 a
2064 3741 2135 3785 voto
2158 3732 2227 3802 quia
2245 3731 2296 3785 ille

816 3830 865 3902 qui
888 3829 1029 3883 diminute
1052 3827 1123 3882 lacit
1148 3828 1227 3899 quod
1247 3828 1390 3900 promisit,
1412 3845 1471 3881 non
1493 3828 1634 3881 liberatur
1656 3844 1672 3880 a
1695 3827 1850 3899 promisso.
1870 3827 1930 3881 Sed
1952 3829 2043 3882 talis⁸
2062 3838 2108 3882 est
2126 3829 2295 3883 huiusmodi

816 3926 883 4000 quia
918 3927 1036 3998 qnando
1068 3925 1150 3979 vovit
1187 3926 1350 3997 ingressum
1383 3924 1534 3996 religionis
1571 3925 1758 3996 proponebat
1795 3925 1930 3996 experiri,
1967 3926 2098 3997 alioquin
2136 3926 2296 3981 indiscrete

817 4024 956 4079 vovisset.
976 4026 1054 4095 Ergo
1074 4032 1103 4077 et
1123 4033 1231 4078 cetera.

906 4122 1023 4175 Contra.
1043 4121 1109 4175 Non
1129 4122 1211 4175 vovit
1231 4120 1287 4175 nisi
1307 4121 1479 4192 ingressum.
1500 4120 1560 4175 Sed
1579 4121 1769 4192 ingressum⁴
1788 4121 1885 4175 solvit.
1905 4122 1984 4193 Ergo
2003 4133 2033 4175 et
2053 4133 2161 4176 cetera.

906 4219 1091 4291 Respondeo
1123 4219 1171 4272 Ad
1208 4218 1385 4272 evidentiam
1423 4218 1508 4272 huius
1546 4219 1727 4288 quaestionis
1764 4220 1858 4290 primo
1890 4220 2043 4273 sciendum
2081 4220 2162 4291 quod
2198 4221 2298 4275 differt

816 4317 940 4388 simplex
960 4318 1141 4388 propositum
1162 4325 1190 4370 et
1219 4325 1328 4370 votum.
1349 4317 1423 4369 Nam
1452 4315 1579 4387 simplex
1606 4316 1792 4388 propositum
1821 4317 1859 4370 de
1882 4318 1980 4388 aliquo
2010 4318 2147 4371 faciendo
2176 4318 2296 4389 quando

816 4415 930 4469 seilicet
950 4413 1079 4484 aliquis⁵
1105 4413 1229 4467 intendit
1248 4412 1346 4468 lacere
1367 4412 1478 4484 aliquid
1499 4414 1642 4480 absolute,
1665 4431 1724 4468 non
1749 4415 1862 4486 obligat
1886 4415 2035 4470 hominem
2060 4415 2098 4469 ad
2126 4415 2295 4470 faciendum

817 4512 897 4566 illud.
930 4514 1021 4566 Immo
1054 4489 1228 4565 auctoritate
1254 4511 1372 4582 propria
1401 4518 1500 4582 potest
1532 4511 1601 4564 illud
1627 4519 1740 4565 mutare
1768 4520 1855 4583 prout
1886 4513 1985 4584 placet
2020 4513 2077 4567 sibi
2102 4531 2157 4568 nec
2188 4524 2296 4585 peccat

817 4609 957 4664 mutando
985 4608 1061 4663 sicut
1089 4618 1288 4680 transgressor
1313 4608 1435 4663 alicuius
1464 4608 1654 4680 obligationis
1681 4610 1751 4663 licet
1781 4609 1876 4680 possit
1906 4627 2033 4678 peccare
2057 4612 2151 4678 aliter,
2181 4612 2297 4666 scilicet

816 4707 842 4763 si
872 4708 928 4762 hoc
960 4715 1052 4760 mutat
1089 4724 1125 4760 ex
1157 4724 1246 4760 causa
1276 4705 1386 4760 illicita.
1423 4706 1532 4765 Votum
1569 4715 1668 4760 autem
1706 4706 1788 4760 addit
1825 4724 1913 4779 supra
1950 4708 2075 4779 simplex
2111 4709 2296 4780 propositum

816 4805 1041 4878 promissionem
1071 4821 1128 4875 qua
1156 4806 1244 4858 homo
1273 4820 1305 4858 se
1331 4803 1444 4874 obligat
1463 4804 1529 4856 Deo
1557 4802 1587 4857 in
1614 4802 1660 4857 his
1688 4821 1763 4876 quae
1792 4812 1860 4859 sunt
1879 4804 1935 4859 Dei
1954 4804 1993 4858 ad
2020 4804 2189 4860 laciendum
2216 4807 2297 4878 quod

817 4902 980 4975 proposuit,
1009 4910 1037 4956 et
1063 4909 1131 4972 post
1159 4895 1247 4954 talem
1275 4900 1486 4972 obligationem
1512 4918 1571 4954 non
1601 4909 1702 4972 potest
1733 4902 1804 4957 illud
1834 4902 1954 4975 propria
1981 4904 2157 4958 auctoritate
2182 4914 2296 4959 mutare

817 5002 881 5055 sine
912 5009 1046 5072 peccata.
1078 4998 1205 5069 Quando
1237 5016 1309 5070 ergo
1341 4998 1490 5070 quaeritur
1519 5007 1615 5053 utrum
1647 4999 1783 5054 absolute
1803 4999 1935 5071 aliquis·
1964 5018 2078 5055 vovens
2105 5000 2297 5074 ‘ingressum'

817 5100 959 5153 liberatur
990 5115 1006 5150 a
1038 5106 1108 5151 voto
1140 5094 1275 5151 intrando
1307 5113 1373 5150 cum
1399 5095 1554 5168 proposito
1585 5096 1721 5164 exeundi,
1740 5096 1898 5152 dicendum
1926 5098 2006 5170 quod
2025 5099 2078 5165 sic,
2096 5117 2151 5154 nec
2181 5108 2298 5154 tenetur

817 5196 873 5251 nisi
893 5195 930 5250 ad
955 5195 1128 5267 ingressum.
1147 5193 1235 5249 Unde
1252 5211 1313 5248 non
1331 5201 1448 5248 tenetur
1475 5193 1514 5247 ad
1541 5193 1669 5266 aliquant
1697 5193 1910 5265 experientiam
1928 5195 2005 5250 sicut
2032 5214 2087 5252 nec
2116 5197 2155 5252 ad
2181 5196 2297 5270 profes-

816 5293 939 5361 sionem,
966 5310 1021 5348 nec
1046 5293 1159 5347 ratione
1187 5290 1249 5346 voti
1276 5299 1392 5346 tenetur
1419 5299 1498 5346 stare
1531 5289 1597 5346 ibi⁸
1624 5290 1662 5345 ad
1690 5291 1802 5346 horam.
1831 5292 1891 5347 Sed
1919 5292 1946 5347 si
1973 5293 2146 5349 scandalum
2173 5294 2298 5350 deberet

909 5560 1149 5631 'quaerebantur
1168 5561 1314 5631 quattuor]
1335 5560 1531 5629 quaerebatur
1550 5567 1685 5632 quartum
1705 5560 1738 5615 C.
1758 5592 1792 5600 -
1819 5560 1888 5614 'est
1908 5560 1941 5615 C.
1961 5593 1994 5602 -
2014 5561 2208 5635 ¹ingrediens
2225 5564 2297 5618 odd.

819 5649 852 5703 C.
872 5680 905 5688 -
925 5647 1003 5702 ⁴sed
1021 5648 1196 5718 ingressum]
1213 5664 1269 5701 om.
1289 5646 1322 5701 C.
1342 5679 1376 5686 -
1395 5646 1531 5718 ⁵aliquid
1551 5648 1584 5703 C.
1603 5679 1636 5688 ·-
1661 5648 1821 5704 labsolute
1841 5649 1957 5721 aliquis]
1978 5650 2083 5722 aliquis
2102 5652 2237 5708 absolute
2263 5653 2297 5709 C.

818 5768 850 5776 -
874 5734 1047 5807 'religionis
1066 5735 1135 5788 add.
1156 5733 1189 5788 C.
1208 5766 1242 5774 -
1262 5735 1363 5789 'stare
1382 5734 1433 5805 ibi]
1454 5735 1494 5789 ibi
1512 5742 1590 5790 stare
1610 5734 1644 5790 C.

908 5944 947 6007 (1)
969 5938 1029 5994 cfr.
1048 5956 1097 6012 pp.
1117 5942 1244 5994 aso-oar.
