<?xml version="1.0" encoding="UTF-8"?>
<!DOCTYPE html PUBLIC "-//W3C//DTD XHTML 1.0 Transitional//EN"
    "http://www.w3.org/TR/xhtml1/DTD/xhtml1-transitional.dtd">
<html xmlns="http://www.w3.org/1999/xhtml" xml:lang="en" lang="en">
 <head>
  <title>
</title>
<meta http-equiv="Content-Type" content="text/html;charset=utf-8" />
  <meta name='ocr-system' content='tesseract 3.04.00' />
  <meta name='ocr-capabilities' content='ocr_page ocr_carea ocr_par ocr_line ocrx_word'/>
</head>
<body>
  <div class='ocr_page' id='page_1' title='image "./lesquatrepremie00wulfgoog_0054.png"; bbox 0 0 6700 7992; ppageno 0'>
   <div class='ocr_carea' id='block_1_1' title="bbox 1027 1443 2130 1501">
    <p class='ocr_par' dir='ltr' id='par_1_1' title="bbox 1027 1443 2130 1501">
     <span class='ocr_line' id='line_1_1' title="bbox 1027 1443 2130 1501; baseline 0.005 -4"><span class='ocrx_word' id='word_1_1' title='bbox 1027 1448 1062 1497; x_wconf 89' lang='grc'>30</span> <span class='ocrx_word' id='word_1_2' title='bbox 1133 1461 1137 1469; x_wconf 95' lang='grc'><em>·</em></span> <span class='ocrx_word' id='word_1_3' title='bbox 1407 1444 1600 1500; x_wconf 83' lang='lat' dir='ltr'>MAGISTRI</span> <span class='ocrx_word' id='word_1_4' title='bbox 1620 1443 1840 1500; x_wconf 88' lang='lat' dir='ltr'>GODEFRIDI</span> <span class='ocrx_word' id='word_1_5' title='bbox 1860 1446 1911 1499; x_wconf 88' lang='lat' dir='ltr'>DE</span> <span class='ocrx_word' id='word_1_6' title='bbox 1932 1445 1955 1498; x_wconf 89' lang='lat' dir='ltr'>F</span> <span class='ocrx_word' id='word_1_7' title='bbox 1957 1445 2130 1501; x_wconf 91' lang='lat' dir='ltr'>ONTIBUS</span> 
     </span>
    </p>
   </div>
   <div class='ocr_carea' id='block_1_2' title="bbox 975 1624 2532 4718">
    <p class='ocr_par' dir='ltr' id='par_1_2' title="bbox 1026 1624 2504 1825">
     <span class='ocr_line' id='line_1_2' title="bbox 1026 1624 2504 1710; baseline 0.001 -21"><span class='ocrx_word' id='word_1_8' title='bbox 1026 1626 1126 1690; x_wconf 89' lang='lat' dir='ltr'>locus</span> <span class='ocrx_word' id='word_1_9' title='bbox 1151 1624 1270 1690; x_wconf 87' lang='lat' dir='ltr'>esset¹</span> <span class='ocrx_word' id='word_1_10' title='bbox 1294 1624 1496 1690; x_wconf 91' lang='lat' dir='ltr'>interdictus</span> <span class='ocrx_word' id='word_1_11' title='bbox 1521 1625 1575 1689; x_wconf 93' lang='lat' dir='ltr'>vel</span> <span class='ocrx_word' id='word_1_12' title='bbox 1599 1625 1741 1690; x_wconf 91' lang='lat' dir='ltr'>flumine</span> <span class='ocrx_word' id='word_1_13' title='bbox 1765 1636 1921 1690; x_wconf 88' lang='lat' dir='ltr'>vastatus</span> <span class='ocrx_word' id='word_1_14' title='bbox 1946 1627 1999 1689; x_wconf 93' lang='lat' dir='ltr'>vel</span> <span class='ocrx_word' id='word_1_15' title='bbox 2024 1627 2067 1689; x_wconf 89' lang='lat' dir='ltr'>ab</span> <span class='ocrx_word' id='word_1_16' title='bbox 2093 1625 2242 1690; x_wconf 92' lang='lat' dir='ltr'>inimicis</span> <span class='ocrx_word' id='word_1_17' title='bbox 2259 1634 2452 1710; x_wconf 85' lang='lat' dir='ltr'>occupatus</span> <span class='ocrx_word' id='word_1_18' title='bbox 2470 1636 2504 1690; x_wconf 89' lang='lat' dir='ltr'>et</span> 
     </span>
     <span class='ocr_line' id='line_1_3' title="bbox 1027 1739 2170 1825; baseline -0.001 -21"><span class='ocrx_word' id='word_1_19' title='bbox 1027 1739 1251 1821; x_wconf 83' lang='lat' dir='ltr'>huiusmodi),</span> <span class='ocrx_word' id='word_1_20' title='bbox 1269 1740 1323 1804; x_wconf 92' lang='lat' dir='ltr'>vel</span> <span class='ocrx_word' id='word_1_21' title='bbox 1340 1739 1466 1804; x_wconf 90' lang='lat' dir='ltr'>utilitas</span> <span class='ocrx_word' id='word_1_22' title='bbox 1485 1740 1633 1825; x_wconf 86' lang='lat' dir='ltr'>publica,</span> <span class='ocrx_word' id='word_1_23' title='bbox 1652 1762 1723 1805; x_wconf 92' lang='lat' dir='ltr'>non</span> <span class='ocrx_word' id='word_1_24' title='bbox 1745 1740 1887 1825; x_wconf 86' lang='lat' dir='ltr'>privata,</span> <span class='ocrx_word' id='word_1_25' title='bbox 1907 1752 1941 1805; x_wconf 93' lang='lat' dir='ltr'>et</span> <span class='ocrx_word' id='word_1_26' title='bbox 1959 1740 2170 1805; x_wconf 87' lang='lat' dir='ltr'>huiusmodi.</span> 
     </span>
    </p>

    <p class='ocr_par' dir='ltr' id='par_1_3' title="bbox 1027 1855 2505 2753">
     <span class='ocr_line' id='line_1_4' title="bbox 1115 1855 2503 1943; baseline 0.001 -22"><span class='ocrx_word' id='word_1_27' title='bbox 1115 1856 1381 1921; x_wconf 89' lang='lat' dir='ltr'>Advertendum</span> <span class='ocrx_word' id='word_1_28' title='bbox 1398 1866 1511 1920; x_wconf 89' lang='lat' dir='ltr'>autem</span> <span class='ocrx_word' id='word_1_29' title='bbox 1529 1856 1623 1941; x_wconf 91' lang='lat' dir='ltr'>quod</span> <span class='ocrx_word' id='word_1_30' title='bbox 1641 1877 1746 1921; x_wconf 84' lang='lat' dir='ltr'>secus</span> <span class='ocrx_word' id='word_1_31' title='bbox 1763 1855 1835 1921; x_wconf 81' lang='lat' dir='ltr'>est²</span> <span class='ocrx_word' id='word_1_32' title='bbox 1847 1856 1891 1920; x_wconf 92' lang='lat' dir='ltr'>de</span> <span class='ocrx_word' id='word_1_33' title='bbox 1909 1856 2046 1940; x_wconf 83' lang='lat' dir='ltr'>aliquo³</span> <span class='ocrx_word' id='word_1_34' title='bbox 2061 1857 2178 1943; x_wconf 86' lang='lat' dir='ltr'>legato</span> <span class='ocrx_word' id='word_1_35' title='bbox 2194 1856 2315 1922; x_wconf 91' lang='lat' dir='ltr'>relicto</span> <span class='ocrx_word' id='word_1_36' title='bbox 2333 1855 2503 1922; x_wconf 89' lang='lat' dir='ltr'>ecclesiae</span> 
     </span>
     <span class='ocr_line' id='line_1_5' title="bbox 1027 1970 2504 2056; baseline 0.001 -21"><span class='ocrx_word' id='word_1_37' title='bbox 1027 1972 1082 2037; x_wconf 93' lang='lat' dir='ltr'>vel</span> <span class='ocrx_word' id='word_1_38' title='bbox 1114 1971 1325 2037; x_wconf 87' lang='lat' dir='ltr'>monasterio</span> <span class='ocrx_word' id='word_1_39' title='bbox 1350 1970 1585 2056; x_wconf 81' lang='lat' dir='ltr'>principaliter</span> <span class='ocrx_word' id='word_1_40' title='bbox 1609 1971 1641 2035; x_wconf 95' lang='lat' dir='ltr'>in</span> <span class='ocrx_word' id='word_1_41' title='bbox 1674 1972 1830 2037; x_wconf 85' lang='lat' dir='ltr'>favorem</span> <span class='ocrx_word' id='word_1_42' title='bbox 1860 1983 1893 2037; x_wconf 94' lang='lat' dir='ltr'>et</span> <span class='ocrx_word' id='word_1_43' title='bbox 1926 1971 2106 2037; x_wconf 84' lang='lat' dir='ltr'>utilitatem</span> <span class='ocrx_word' id='word_1_44' title='bbox 2141 1971 2352 2037; x_wconf 87' lang='lat' dir='ltr'>monasterii.</span> <span class='ocrx_word' id='word_1_45' title='bbox 2381 1973 2504 2037; x_wconf 88' lang='lat' dir='ltr'>Posset</span> 
     </span>
     <span class='ocr_line' id='line_1_6' title="bbox 1027 2085 2504 2174; baseline 0 -23"><span class='ocrx_word' id='word_1_46' title='bbox 1027 2087 1118 2151; x_wconf 91' lang='lat' dir='ltr'>enim</span> <span class='ocrx_word' id='word_1_47' title='bbox 1149 2085 1242 2151; x_wconf 88' lang='lat' dir='ltr'>aliud</span> <span class='ocrx_word' id='word_1_48' title='bbox 1278 2087 1431 2174; x_wconf 93' lang='lat' dir='ltr'>legatum</span> <span class='ocrx_word' id='word_1_49' title='bbox 1456 2086 1489 2151; x_wconf 94' lang='lat' dir='ltr'>in</span> <span class='ocrx_word' id='word_1_50' title='bbox 1525 2086 1628 2151; x_wconf 92' lang='lat' dir='ltr'>alium</span> <span class='ocrx_word' id='word_1_51' title='bbox 1657 2087 1833 2153; x_wconf 85' lang='lat' dir='ltr'>transferri</span> <span class='ocrx_word' id='word_1_52' title='bbox 1857 2098 1994 2153; x_wconf 86' lang='lat' dir='ltr'>servata</span> <span class='ocrx_word' id='word_1_53' title='bbox 2022 2088 2104 2152; x_wconf 86' lang='lat' dir='ltr'>iuris</span> <span class='ocrx_word' id='word_1_54' title='bbox 2134 2088 2266 2167; x_wconf 83' lang='lat' dir='ltr'>forma3</span> <span class='ocrx_word' id='word_1_55' title='bbox 2293 2109 2364 2153; x_wconf 93' lang='lat' dir='ltr'>non</span> <span class='ocrx_word' id='word_1_56' title='bbox 2393 2087 2504 2152; x_wconf 89' lang='lat' dir='ltr'>sicin</span> 
     </span>
     <span class='ocr_line' id='line_1_7' title="bbox 1027 2201 2503 2291; baseline -0.001 -24"><span class='ocrx_word' id='word_1_57' title='bbox 1027 2222 1111 2268; x_wconf 90' lang='lat' dir='ltr'>casu</span> <span class='ocrx_word' id='word_1_58' title='bbox 1136 2201 1337 2287; x_wconf 91' lang='lat' dir='ltr'>proposit0;</span> <span class='ocrx_word' id='word_1_59' title='bbox 1365 2203 1457 2268; x_wconf 89' lang='lat' dir='ltr'>unde</span> <span class='ocrx_word' id='word_1_60' title='bbox 1482 2214 1534 2268; x_wconf 91' lang='lat' dir='ltr'>est</span> <span class='ocrx_word' id='word_1_61' title='bbox 1559 2223 1662 2267; x_wconf 92' lang='lat' dir='ltr'>casus</span> <span class='ocrx_word' id='word_1_62' title='bbox 1687 2202 1782 2268; x_wconf 75' lang='lat' dir='ltr'>iste⁴</span> <span class='ocrx_word' id='word_1_63' title='bbox 1805 2202 1925 2268; x_wconf 88' lang='lat' dir='ltr'>similis</span> <span class='ocrx_word' id='word_1_64' title='bbox 1949 2205 2065 2291; x_wconf 90' lang='lat' dir='ltr'>legato</span> <span class='ocrx_word' id='word_1_65' title='bbox 2090 2203 2141 2269; x_wconf 91' lang='lat' dir='ltr'>sic</span> <span class='ocrx_word' id='word_1_66' title='bbox 2165 2203 2286 2269; x_wconf 91' lang='lat' dir='ltr'>relicto</span> <span class='ocrx_word' id='word_1_67' title='bbox 2312 2204 2406 2287; x_wconf 92' lang='lat' dir='ltr'>quod</span> <span class='ocrx_word' id='word_1_68' title='bbox 2432 2224 2503 2268; x_wconf 93' lang='lat' dir='ltr'>non</span> 
     </span>
     <span class='ocr_line' id='line_1_8' title="bbox 1027 2317 2503 2406; baseline -0.001 -22"><span class='ocrx_word' id='word_1_69' title='bbox 1027 2318 1196 2384; x_wconf 89' lang='lat' dir='ltr'>alienetur</span> <span class='ocrx_word' id='word_1_70' title='bbox 1218 2320 1261 2382; x_wconf 86' lang='lat' dir='ltr'>ab</span> <span class='ocrx_word' id='word_1_71' title='bbox 1287 2317 1446 2383; x_wconf 85' lang='lat' dir='ltr'>ecclesia.</span> <span class='ocrx_word' id='word_1_72' title='bbox 1471 2319 1638 2406; x_wconf 86' lang='lat' dir='ltr'>Legatum</span> <span class='ocrx_word' id='word_1_73' title='bbox 1663 2330 1779 2384; x_wconf 91' lang='lat' dir='ltr'>autem</span> <span class='ocrx_word' id='word_1_74' title='bbox 1803 2318 1854 2384; x_wconf 90' lang='lat' dir='ltr'>sie</span> <span class='ocrx_word' id='word_1_75' title='bbox 1877 2320 2033 2384; x_wconf 91' lang='lat' dir='ltr'>relictum</span> <span class='ocrx_word' id='word_1_76' title='bbox 2050 2321 2244 2384; x_wconf 90' lang='lat' dir='ltr'>secundum</span> <span class='ocrx_word' id='word_1_77' title='bbox 2268 2320 2384 2406; x_wconf 92' lang='lat' dir='ltr'>legem</span> <span class='ocrx_word' id='word_1_78' title='bbox 2410 2318 2503 2383; x_wconf 93' lang='lat' dir='ltr'>nullo</span> 
     </span>
     <span class='ocr_line' id='line_1_9' title="bbox 1027 2434 2503 2519; baseline -0.001 -19"><span class='ocrx_word' id='word_1_79' title='bbox 1027 2455 1111 2500; x_wconf 88' lang='lat' dir='ltr'>casu</span> <span class='ocrx_word' id='word_1_80' title='bbox 1139 2434 1218 2500; x_wconf 87' lang='lat' dir='ltr'>licet</span> <span class='ocrx_word' id='word_1_81' title='bbox 1246 2434 1407 2513; x_wconf 87' lang='lat' dir='ltr'>alienare,</span> <span class='ocrx_word' id='word_1_82' title='bbox 1425 2434 1488 2499; x_wconf 91' lang='lat' dir='ltr'>sed</span> <span class='ocrx_word' id='word_1_83' title='bbox 1508 2435 1702 2500; x_wconf 91' lang='lat' dir='ltr'>secundum</span> <span class='ocrx_word' id='word_1_84' title='bbox 1731 2455 1888 2500; x_wconf 92' lang='lat' dir='ltr'>canones</span> <span class='ocrx_word' id='word_1_85' title='bbox 1912 2434 2041 2500; x_wconf 90' lang='lat' dir='ltr'>licitum</span> <span class='ocrx_word' id='word_1_86' title='bbox 2067 2446 2119 2500; x_wconf 89' lang='lat' dir='ltr'>est</span> <span class='ocrx_word' id='word_1_87' title='bbox 2143 2435 2232 2499; x_wconf 92' lang='lat' dir='ltr'>forte</span> <span class='ocrx_word' id='word_1_88' title='bbox 2257 2455 2321 2519; x_wconf 93' lang='lat' dir='ltr'>pro</span> <span class='ocrx_word' id='word_1_89' title='bbox 2346 2434 2503 2519; x_wconf 91' lang='lat' dir='ltr'>redemp-</span> 
     </span>
     <span class='ocr_line' id='line_1_10' title="bbox 1027 2549 2505 2636; baseline -0.001 -20"><span class='ocrx_word' id='word_1_90' title='bbox 1027 2549 1122 2616; x_wconf 87' lang='lat' dir='ltr'>tione</span> <span class='ocrx_word' id='word_1_91' title='bbox 1140 2551 1354 2636; x_wconf 92' lang='lat' dir='ltr'>captivorum</span> <span class='ocrx_word' id='word_1_92' title='bbox 1380 2561 1413 2616; x_wconf 89' lang='lat' dir='ltr'>et</span> <span class='ocrx_word' id='word_1_93' title='bbox 1437 2549 1658 2628; x_wconf 86' lang='lat' dir='ltr'>huiusmodi;</span> <span class='ocrx_word' id='word_1_94' title='bbox 1684 2572 1754 2615; x_wconf 94' lang='lat' dir='ltr'>non</span> <span class='ocrx_word' id='word_1_95' title='bbox 1779 2561 1895 2615; x_wconf 91' lang='lat' dir='ltr'>tamen</span> <span class='ocrx_word' id='word_1_96' title='bbox 1919 2551 2000 2616; x_wconf 90' lang='lat' dir='ltr'>licet</span> <span class='ocrx_word' id='word_1_97' title='bbox 2024 2572 2065 2615; x_wconf 86' lang='lat' dir='ltr'>ex</span> <span class='ocrx_word' id='word_1_98' title='bbox 2090 2571 2197 2615; x_wconf 88' lang='lat' dir='ltr'>causa</span> <span class='ocrx_word' id='word_1_99' title='bbox 2226 2572 2268 2614; x_wconf 91' lang='lat' dir='ltr'>ex</span> <span class='ocrx_word' id='word_1_100' title='bbox 2293 2572 2362 2634; x_wconf 92' lang='lat' dir='ltr'>qua</span> <span class='ocrx_word' id='word_1_101' title='bbox 2385 2550 2505 2616; x_wconf 90' lang='lat' dir='ltr'>liceret</span> 
     </span>
     <span class='ocr_line' id='line_1_11' title="bbox 1027 2665 2504 2753; baseline -0.001 -23"><span class='ocrx_word' id='word_1_102' title='bbox 1027 2666 1179 2732; x_wconf 90' lang='lat' dir='ltr'>alienare</span> <span class='ocrx_word' id='word_1_103' title='bbox 1209 2688 1280 2732; x_wconf 90' lang='lat' dir='ltr'>rem</span> <span class='ocrx_word' id='word_1_104' title='bbox 1313 2665 1513 2752; x_wconf 92' lang='lat' dir='ltr'>simpliciter</span> <span class='ocrx_word' id='word_1_105' title='bbox 1543 2666 1693 2753; x_wconf 82' lang='lat' dir='ltr'>legatam</span> <span class='ocrx_word' id='word_1_106' title='bbox 1734 2667 1788 2730; x_wconf 92' lang='lat' dir='ltr'>vel</span> <span class='ocrx_word' id='word_1_107' title='bbox 1821 2666 1983 2731; x_wconf 85' lang='lat' dir='ltr'>relictam.</span> <span class='ocrx_word' id='word_1_108' title='bbox 2020 2665 2062 2730; x_wconf 91' lang='lat' dir='ltr'>Et</span> <span class='ocrx_word' id='word_1_109' title='bbox 2096 2667 2291 2730; x_wconf 91' lang='lat' dir='ltr'>secundum</span> <span class='ocrx_word' id='word_1_110' title='bbox 2327 2667 2424 2753; x_wconf 91' lang='lat' dir='ltr'>leges</span> <span class='ocrx_word' id='word_1_111' title='bbox 2462 2687 2504 2731; x_wconf 88' lang='lat' dir='ltr'>ex</span> 
     </span>
    </p>

    <p class='ocr_par' dir='ltr' id='par_1_4' title="bbox 975 2766 2532 3788">
     <span class='ocr_line' id='line_1_12' title="bbox 975 2766 2505 2866; baseline -0.001 -18"><span class='ocrx_word' id='word_1_112' title='bbox 975 2766 989 2783; x_wconf 49' lang='lat'><strong>⁹</strong></span> <span class='ocrx_word' id='word_1_113' title='bbox 1028 2804 1135 2849; x_wconf 90' lang='lat' dir='ltr'>causa</span> <span class='ocrx_word' id='word_1_114' title='bbox 1159 2782 1357 2848; x_wconf 88' lang='lat' dir='ltr'>necessaria</span> <span class='ocrx_word' id='word_1_115' title='bbox 1385 2793 1520 2866; x_wconf 87' lang='lat' dir='ltr'>poterat</span> <span class='ocrx_word' id='word_1_116' title='bbox 1547 2802 1674 2866; x_wconf 84' lang='lat' dir='ltr'>corpus</span> <span class='ocrx_word' id='word_1_117' title='bbox 1700 2783 1899 2866; x_wconf 89' lang='lat' dir='ltr'>sepulturae</span> <span class='ocrx_word' id='word_1_118' title='bbox 1927 2793 2116 2866; x_wconf 83' lang='lat' dir='ltr'>perpetuae</span> <span class='ocrx_word' id='word_1_119' title='bbox 2140 2781 2302 2846; x_wconf 88' lang='lat' dir='ltr'>traditum</span> <span class='ocrx_word' id='word_1_120' title='bbox 2327 2780 2505 2847; x_wconf 85' lang='lat' dir='ltr'>transferri</span> 
     </span>
     <span class='ocr_line' id='line_1_13' title="bbox 1028 2896 2505 2982; baseline -0.001 -19"><span class='ocrx_word' id='word_1_121' title='bbox 1028 2899 1073 2963; x_wconf 88' lang='lat' dir='ltr'>ad</span> <span class='ocrx_word' id='word_1_122' title='bbox 1097 2899 1200 2963; x_wconf 90' lang='lat' dir='ltr'>alium</span> <span class='ocrx_word' id='word_1_123' title='bbox 1232 2899 1347 2963; x_wconf 92' lang='lat' dir='ltr'>locum</span> <span class='ocrx_word' id='word_1_124' title='bbox 1384 2899 1427 2962; x_wconf 91' lang='lat' dir='ltr'>de</span> <span class='ocrx_word' id='word_1_125' title='bbox 1460 2897 1599 2962; x_wconf 87' lang='lat' dir='ltr'>licentia</span> <span class='ocrx_word' id='word_1_126' title='bbox 1635 2897 1779 2963; x_wconf 87' lang='lat' dir='ltr'>rectoris</span> <span class='ocrx_word' id='word_1_127' title='bbox 1819 2897 2020 2982; x_wconf 88' lang='lat' dir='ltr'>provinciae</span> <span class='ocrx_word' id='word_1_128' title='bbox 2061 2898 2120 2981; x_wconf 84' lang='lat' dir='ltr'>qui</span> <span class='ocrx_word' id='word_1_129' title='bbox 2149 2896 2402 2982; x_wconf 82' lang='lat' dir='ltr'>cornparatur⁶</span> <span class='ocrx_word' id='word_1_130' title='bbox 2435 2896 2505 2982; x_wconf 90' lang='lat' dir='ltr'>epi·</span> 
     </span>
     <span class='ocr_line' id='line_1_14' title="bbox 1028 3012 2504 3100; baseline -0.003 -20"><span class='ocrx_word' id='word_1_131' title='bbox 1028 3035 1139 3099; x_wconf 91' lang='lat' dir='ltr'>scopo</span> <span class='ocrx_word' id='word_1_132' title='bbox 1157 3014 1315 3097; x_wconf 81' lang='lat' dir='ltr'>(Codice,</span> <span class='ocrx_word' id='word_1_133' title='bbox 1337 3014 1380 3078; x_wconf 93' lang='lat' dir='ltr'>de</span> <span class='ocrx_word' id='word_1_134' title='bbox 1398 3012 1579 3100; x_wconf 86' lang='lat' dir='ltr'>religiosis,</span> <span class='ocrx_word' id='word_1_135' title='bbox 1598 3014 1678 3100; x_wconf 89' lang='lat' dir='ltr'>lege</span> <span class='ocrx_word' id='word_1_136' title='bbox 1701 3013 1823 3097; x_wconf 81' lang='lat' dir='ltr'>prima)</span> <span class='ocrx_word' id='word_1_137' title='bbox 1840 3015 1899 3094; x_wconf 83' lang='lat'><strong>(1),</strong></span> <span class='ocrx_word' id='word_1_138' title='bbox 1917 3013 2049 3080; x_wconf 84' lang='lat' dir='ltr'>scilicet</span> <span class='ocrx_word' id='word_1_139' title='bbox 2074 3023 2217 3098; x_wconf 88' lang='lat' dir='ltr'>propter</span> <span class='ocrx_word' id='word_1_140' title='bbox 2241 3013 2504 3078; x_wconf 89' lang='lat' dir='ltr'>inundationem</span> 
     </span>
     <span class='ocr_line' id='line_1_15' title="bbox 1028 3125 2505 3193; baseline -0.002 -1"><span class='ocrx_word' id='word_1_141' title='bbox 1028 3128 1179 3193; x_wconf 88' lang='lat' dir='ltr'>fluminis</span> <span class='ocrx_word' id='word_1_142' title='bbox 1203 3128 1258 3192; x_wconf 92' lang='lat' dir='ltr'>vel</span> <span class='ocrx_word' id='word_1_143' title='bbox 1273 3126 1483 3192; x_wconf 91' lang='lat' dir='ltr'>huiusmodi.</span> <span class='ocrx_word' id='word_1_144' title='bbox 1503 3127 1574 3192; x_wconf 88' lang='lat' dir='ltr'>Sed</span> <span class='ocrx_word' id='word_1_145' title='bbox 1595 3126 1690 3190; x_wconf 91' lang='lat' dir='ltr'>nulla</span> <span class='ocrx_word' id='word_1_146' title='bbox 1714 3126 1769 3191; x_wconf 88' lang='lat' dir='ltr'>tali</span> <span class='ocrx_word' id='word_1_147' title='bbox 1794 3147 1902 3190; x_wconf 91' lang='lat' dir='ltr'>causa</span> <span class='ocrx_word' id='word_1_148' title='bbox 1926 3127 2094 3192; x_wconf 82' lang='lat' dir='ltr'>existente</span> <span class='ocrx_word' id='word_1_149' title='bbox 2113 3126 2126 3161; x_wconf 79' lang='lat'>⁶</span> <span class='ocrx_word' id='word_1_150' title='bbox 2147 3127 2273 3192; x_wconf 89' lang='lat' dir='ltr'>licebat</span> <span class='ocrx_word' id='word_1_151' title='bbox 2298 3128 2342 3191; x_wconf 92' lang='lat' dir='ltr'>de</span> <span class='ocrx_word' id='word_1_152' title='bbox 2367 3125 2505 3192; x_wconf 91' lang='lat' dir='ltr'>lieentia</span> 
     </span>
     <span class='ocr_line' id='line_1_16' title="bbox 1029 3241 2505 3329; baseline -0.003 -20"><span class='ocrx_word' id='word_1_153' title='bbox 1029 3244 1136 3309; x_wconf 90' lang='lat' dir='ltr'>solius</span> <span class='ocrx_word' id='word_1_154' title='bbox 1172 3241 1400 3329; x_wconf 69' lang='lat' dir='ltr'>imperatoris</span> <span class='ocrx_word' id='word_1_155' title='bbox 1436 3243 1516 3307; x_wconf 92' lang='lat' dir='ltr'>loco</span> <span class='ocrx_word' id='word_1_156' title='bbox 1552 3242 1650 3307; x_wconf 86' lang='lat' dir='ltr'>cuius</span> <span class='ocrx_word' id='word_1_157' title='bbox 1687 3252 1802 3326; x_wconf 89' lang='lat' dir='ltr'>potest</span> <span class='ocrx_word' id='word_1_158' title='bbox 1841 3241 1985 3328; x_wconf 89' lang='lat' dir='ltr'>intelligi</span> <span class='ocrx_word' id='word_1_159' title='bbox 2029 3265 2122 3327; x_wconf 85' lang='lat' dir='ltr'>papa</span> <span class='ocrx_word' id='word_1_160' title='bbox 2161 3263 2240 3307; x_wconf 88' lang='lat' dir='ltr'>esse</span> <span class='ocrx_word' id='word_1_161' title='bbox 2277 3241 2311 3306; x_wconf 93' lang='lat' dir='ltr'>in</span> <span class='ocrx_word' id='word_1_162' title='bbox 2347 3241 2505 3307; x_wconf 86' lang='lat' dir='ltr'>Ecclesia</span> 
     </span>
     <span class='ocr_line' id='line_1_17' title="bbox 1029 3355 2506 3445; baseline -0.003 -20"><span class='ocrx_word' id='word_1_163' title='bbox 1029 3359 1188 3444; x_wconf 88' lang='lat' dir='ltr'>(Codice,</span> <span class='ocrx_word' id='word_1_164' title='bbox 1206 3360 1250 3424; x_wconf 93' lang='lat' dir='ltr'>de</span> <span class='ocrx_word' id='word_1_165' title='bbox 1274 3357 1456 3445; x_wconf 69' lang='lat' dir='ltr'>religiosis</span> <span class='ocrx_word' id='word_1_166' title='bbox 1474 3359 1553 3441; x_wconf 87' lang='lat' dir='ltr'>lege</span> <span class='ocrx_word' id='word_1_167' title='bbox 1569 3357 1679 3441; x_wconf 81' lang='lat' dir='ltr'>finali</span> <span class='ocrx_word' id='word_1_168' title='bbox 1694 3355 1717 3440; x_wconf 85' lang='lat'>⁷)</span> <span class='ocrx_word' id='word_1_169' title='bbox 1736 3362 1792 3440; x_wconf 79' lang='lat'><strong>(2).</strong></span> <span class='ocrx_word' id='word_1_170' title='bbox 1819 3357 1870 3421; x_wconf 88' lang='lat' dir='ltr'>Ex</span> <span class='ocrx_word' id='word_1_171' title='bbox 1887 3380 1956 3441; x_wconf 91' lang='lat' dir='ltr'>quo</span> <span class='ocrx_word' id='word_1_172' title='bbox 1974 3357 2067 3422; x_wconf 88' lang='lat' dir='ltr'>enirn</span> <span class='ocrx_word' id='word_1_173' title='bbox 2086 3357 2098 3391; x_wconf 75' lang='lat'>³</span> <span class='ocrx_word' id='word_1_174' title='bbox 2121 3358 2310 3422; x_wconf 87' lang='lat' dir='ltr'>defunctus</span> <span class='ocrx_word' id='word_1_175' title='bbox 2334 3357 2506 3422; x_wconf 85' lang='lat' dir='ltr'>transtulit</span> 
     </span>
     <span class='ocr_line' id='line_1_18' title="bbox 1029 3454 2532 3557; baseline -0.003 -17"><span class='ocrx_word' id='word_1_176' title='bbox 1029 3475 1102 3540; x_wconf 89' lang='lat' dir='ltr'>sive</span> <span class='ocrx_word' id='word_1_177' title='bbox 1134 3473 1311 3540; x_wconf 84' lang='lat' dir='ltr'>transferri</span> <span class='ocrx_word' id='word_1_178' title='bbox 1343 3472 1554 3538; x_wconf 84' lang='lat' dir='ltr'>desideravit</span> <span class='ocrx_word' id='word_1_179' title='bbox 1584 3472 1746 3557; x_wconf 85' lang='lat' dir='ltr'>reliquias</span> <span class='ocrx_word' id='word_1_180' title='bbox 1778 3495 1860 3538; x_wconf 87' lang='lat' dir='ltr'>suas</span> <span class='ocrx_word' id='word_1_181' title='bbox 1893 3473 1927 3537; x_wconf 93' lang='lat' dir='ltr'>in</span> <span class='ocrx_word' id='word_1_182' title='bbox 1960 3473 2216 3553; x_wconf 86' lang='lat' dir='ltr'>coemeterium,</span> <span class='ocrx_word' id='word_1_183' title='bbox 2246 3474 2393 3539; x_wconf 82' lang='lat' dir='ltr'>effectae</span> <span class='ocrx_word' id='word_1_184' title='bbox 2424 3454 2532 3537; x_wconf 32' lang='lat' dir='ltr'>sunt*</span> 
     </span>
     <span class='ocr_line' id='line_1_19' title="bbox 1029 3587 2505 3675; baseline -0.001 -20"><span class='ocrx_word' id='word_1_185' title='bbox 1029 3591 1064 3655; x_wconf 93' lang='lat' dir='ltr'>in</span> <span class='ocrx_word' id='word_1_186' title='bbox 1088 3590 1320 3675; x_wconf 88' lang='lat' dir='ltr'>dispositione</span> <span class='ocrx_word' id='word_1_187' title='bbox 1345 3587 1515 3654; x_wconf 86' lang='lat' dir='ltr'>ecclesiae</span> <span class='ocrx_word' id='word_1_188' title='bbox 1541 3598 1575 3653; x_wconf 91' lang='lat' dir='ltr'>et</span> <span class='ocrx_word' id='word_1_189' title='bbox 1598 3588 1752 3672; x_wconf 81' lang='lat' dir='ltr'>praelati,</span> <span class='ocrx_word' id='word_1_190' title='bbox 1777 3610 1848 3653; x_wconf 92' lang='lat' dir='ltr'>non</span> <span class='ocrx_word' id='word_1_191' title='bbox 1874 3599 1990 3654; x_wconf 90' lang='lat' dir='ltr'>tamen</span> <span class='ocrx_word' id='word_1_192' title='bbox 2007 3590 2097 3654; x_wconf 88' lang='lat' dir='ltr'>sicut</span> <span class='ocrx_word' id='word_1_193' title='bbox 2121 3611 2176 3654; x_wconf 84' lang='lat' dir='ltr'>res</span> <span class='ocrx_word' id='word_1_194' title='bbox 2202 3589 2383 3667; x_wconf 86' lang='lat' dir='ltr'>ecclesiae,</span> <span class='ocrx_word' id='word_1_195' title='bbox 2401 3589 2505 3653; x_wconf 91' lang='lat' dir='ltr'>immo</span> 
     </span>
     <span class='ocr_line' id='line_1_20' title="bbox 1029 3703 2170 3788; baseline -0.003 -17"><span class='ocrx_word' id='word_1_196' title='bbox 1029 3706 1063 3772; x_wconf 92' lang='lat' dir='ltr'>in</span> <span class='ocrx_word' id='word_1_197' title='bbox 1088 3706 1214 3771; x_wconf 89' lang='lat' dir='ltr'>nullius</span> <span class='ocrx_word' id='word_1_198' title='bbox 1238 3705 1341 3770; x_wconf 88' lang='lat' dir='ltr'>bonis</span> <span class='ocrx_word' id='word_1_199' title='bbox 1365 3714 1456 3783; x_wconf 92' lang='lat' dir='ltr'>sunt,</span> <span class='ocrx_word' id='word_1_200' title='bbox 1481 3704 1561 3768; x_wconf 89' lang='lat' dir='ltr'>licet</span> <span class='ocrx_word' id='word_1_201' title='bbox 1584 3704 1652 3768; x_wconf 86' lang='lat' dir='ltr'>sint</span> <span class='ocrx_word' id='word_1_202' title='bbox 1676 3703 1710 3768; x_wconf 95' lang='lat' dir='ltr'>in</span> <span class='ocrx_word' id='word_1_203' title='bbox 1736 3703 1965 3788; x_wconf 88' lang='lat' dir='ltr'>dispositione</span> <span class='ocrx_word' id='word_1_204' title='bbox 1991 3705 2170 3770; x_wconf 90' lang='lat' dir='ltr'>ecclesiae.</span> 
     </span>
    </p>

    <p class='ocr_par' dir='ltr' id='par_1_5' title="bbox 1029 3819 2506 4718">
     <span class='ocr_line' id='line_1_21' title="bbox 1118 3819 2505 3906; baseline -0.001 -20"><span class='ocrx_word' id='word_1_205' title='bbox 1118 3822 1161 3886; x_wconf 89' lang='lat' dir='ltr'>Et</span> <span class='ocrx_word' id='word_1_206' title='bbox 1184 3833 1236 3887; x_wconf 90' lang='lat' dir='ltr'>est</span> <span class='ocrx_word' id='word_1_207' title='bbox 1260 3820 1352 3886; x_wconf 90' lang='lat' dir='ltr'>circa</span> <span class='ocrx_word' id='word_1_208' title='bbox 1377 3819 1567 3905; x_wconf 89' lang='lat' dir='ltr'>praemissa</span> <span class='ocrx_word' id='word_1_209' title='bbox 1592 3819 1739 3903; x_wconf 90' lang='lat' dir='ltr'>amplius</span> <span class='ocrx_word' id='word_1_210' title='bbox 1764 3819 2027 3906; x_wconf 88' lang='lat' dir='ltr'>intelligendum</span> <span class='ocrx_word' id='word_1_211' title='bbox 2051 3821 2146 3905; x_wconf 90' lang='lat' dir='ltr'>quod</span> <span class='ocrx_word' id='word_1_212' title='bbox 2164 3832 2306 3906; x_wconf 92' lang='lat' dir='ltr'>propter</span> <span class='ocrx_word' id='word_1_213' title='bbox 2330 3819 2505 3885; x_wconf 88' lang='lat' dir='ltr'>inordina-</span> 
     </span>
     <span class='ocr_line' id='line_1_22' title="bbox 1029 3933 2505 4022; baseline -0.002 -19"><span class='ocrx_word' id='word_1_214' title='bbox 1029 3938 1158 4003; x_wconf 86' lang='lat' dir='ltr'>tionem</span> <span class='ocrx_word' id='word_1_215' title='bbox 1184 3936 1333 4020; x_wconf 91' lang='lat' dir='ltr'>quaein</span> <span class='ocrx_word' id='word_1_216' title='bbox 1358 3933 1558 4000; x_wconf 89' lang='lat' dir='ltr'>huiusmodi</span> <span class='ocrx_word' id='word_1_217' title='bbox 1586 3933 1758 3999; x_wconf 92' lang='lat' dir='ltr'>divisione</span> <span class='ocrx_word' id='word_1_218' title='bbox 1788 3956 1973 4020; x_wconf 92' lang='lat' dir='ltr'>corporum</span> <span class='ocrx_word' id='word_1_219' title='bbox 2005 3936 2211 4022; x_wconf 86' lang='lat' dir='ltr'>contingere</span> <span class='ocrx_word' id='word_1_220' title='bbox 2243 3935 2436 4013; x_wconf 88' lang='lat' dir='ltr'>consuevit,</span> <span class='ocrx_word' id='word_1_221' title='bbox 2462 3956 2505 4000; x_wconf 92' lang='lat' dir='ltr'>eo</span> 
     </span>
     <span class='ocr_line' id='line_1_23' title="bbox 1029 4050 2505 4138; baseline -0.002 -20"><span class='ocrx_word' id='word_1_222' title='bbox 1029 4054 1125 4138; x_wconf 88' lang='lat' dir='ltr'>quod</span> <span class='ocrx_word' id='word_1_223' title='bbox 1150 4074 1298 4137; x_wconf 91' lang='lat' dir='ltr'>corpora</span> <span class='ocrx_word' id='word_1_224' title='bbox 1321 4072 1400 4117; x_wconf 88' lang='lat' dir='ltr'>cum</span> <span class='ocrx_word' id='word_1_225' title='bbox 1425 4050 1621 4138; x_wconf 85' lang='lat' dir='ltr'>integritate</span> <span class='ocrx_word' id='word_1_226' title='bbox 1645 4050 1748 4115; x_wconf 91' lang='lat' dir='ltr'>decet</span> <span class='ocrx_word' id='word_1_227' title='bbox 1764 4050 1901 4135; x_wconf 92' lang='lat' dir='ltr'>sepeliri</span> <span class='ocrx_word' id='word_1_228' title='bbox 1919 4063 1953 4115; x_wconf 91' lang='lat' dir='ltr'>et</span> <span class='ocrx_word' id='word_1_229' title='bbox 1977 4051 2166 4116; x_wconf 88' lang='lat' dir='ltr'>occasione</span> <span class='ocrx_word' id='word_1_230' title='bbox 2191 4053 2391 4136; x_wconf 88' lang='lat' dir='ltr'>sepulturae</span> <span class='ocrx_word' id='word_1_231' title='bbox 2413 4051 2505 4117; x_wconf 87' lang='lat' dir='ltr'>circa</span> 
     </span>
     <span class='ocr_line' id='line_1_24' title="bbox 1029 4166 2504 4250; baseline -0.002 -16"><span class='ocrx_word' id='word_1_232' title='bbox 1029 4169 1086 4234; x_wconf 92' lang='lat' dir='ltr'>illa</span> <span class='ocrx_word' id='word_1_233' title='bbox 1120 4170 1214 4233; x_wconf 91' lang='lat' dir='ltr'>nulla</span> <span class='ocrx_word' id='word_1_234' title='bbox 1247 4167 1371 4232; x_wconf 87' lang='lat' dir='ltr'>divisio</span> <span class='ocrx_word' id='word_1_235' title='bbox 1407 4166 1481 4232; x_wconf 89' lang='lat' dir='ltr'>fieri</span> <span class='ocrx_word' id='word_1_236' title='bbox 1515 4167 1630 4243; x_wconf 86' lang='lat' dir='ltr'>debet,</span> <span class='ocrx_word' id='word_1_237' title='bbox 1661 4187 1817 4230; x_wconf 88' lang='lat' dir='ltr'>summus</span> <span class='ocrx_word' id='word_1_238' title='bbox 1852 4166 2009 4250; x_wconf 88' lang='lat' dir='ltr'>pontifex</span> <span class='ocrx_word' id='word_1_239' title='bbox 2034 4166 2197 4231; x_wconf 89' lang='lat' dir='ltr'>dominus</span> <span class='ocrx_word' id='word_1_240' title='bbox 2229 4167 2432 4233; x_wconf 89' lang='lat' dir='ltr'>Bonifacius</span> <span class='ocrx_word' id='word_1_241' title='bbox 2457 4170 2504 4249; x_wconf 80' lang='lat'>(3)</span> 
     </span>
     <span class='ocr_line' id='line_1_25' title="bbox 1029 4280 2505 4367; baseline -0.003 -17"><span class='ocrx_word' id='word_1_242' title='bbox 1029 4287 1097 4350; x_wconf 95' lang='lat' dir='ltr'>hoc</span> <span class='ocrx_word' id='word_1_243' title='bbox 1131 4283 1273 4349; x_wconf 91' lang='lat' dir='ltr'>omnino</span> <span class='ocrx_word' id='word_1_244' title='bbox 1302 4282 1375 4348; x_wconf 89' lang='lat' dir='ltr'>fieri</span> <span class='ocrx_word' id='word_1_245' title='bbox 1408 4280 1609 4367; x_wconf 82' lang='lat' dir='ltr'>prohibuit3</span> <span class='ocrx_word' id='word_1_246' title='bbox 1644 4292 1678 4347; x_wconf 92' lang='lat' dir='ltr'>et</span> <span class='ocrx_word' id='word_1_247' title='bbox 1711 4303 1817 4366; x_wconf 89' lang='lat' dir='ltr'>super</span> <span class='ocrx_word' id='word_1_248' title='bbox 1844 4284 1913 4347; x_wconf 92' lang='lat' dir='ltr'>hoc</span> <span class='ocrx_word' id='word_1_249' title='bbox 1943 4283 2118 4366; x_wconf 89' lang='lat' dir='ltr'>quandam</span> <span class='ocrx_word' id='word_1_250' title='bbox 2150 4282 2434 4348; x_wconf 90' lang='lat' dir='ltr'>constitutionem</span> <span class='ocrx_word' id='word_1_251' title='bbox 2458 4286 2505 4367; x_wconf 79' lang='lat'>(4)</span> 
     </span>
     <span class='ocr_line' id='line_1_26' title="bbox 1030 4396 2505 4484; baseline -0.003 -18"><span class='ocrx_word' id='word_1_252' title='bbox 1030 4401 1138 4467; x_wconf 90' lang='lat' dir='ltr'>edidit</span> <span class='ocrx_word' id='word_1_253' title='bbox 1154 4401 1188 4465; x_wconf 92' lang='lat' dir='ltr'>in</span> <span class='ocrx_word' id='word_1_254' title='bbox 1213 4421 1281 4484; x_wconf 89' lang='lat' dir='ltr'>qua</span> <span class='ocrx_word' id='word_1_255' title='bbox 1305 4399 1356 4464; x_wconf 88' lang='lat' dir='ltr'>sic</span> <span class='ocrx_word' id='word_1_256' title='bbox 1379 4397 1483 4462; x_wconf 94' lang='lat' dir='ltr'>dicit:</span> <span class='ocrx_word' id='word_1_257' title='bbox 1510 4397 1738 4463; x_wconf 90' lang='lat' dir='ltr'>detestandae</span> <span class='ocrx_word' id='word_1_258' title='bbox 1764 4396 1905 4462; x_wconf 88' lang='lat' dir='ltr'>feritatis</span> <span class='ocrx_word' id='word_1_259' title='bbox 1923 4399 2070 4463; x_wconf 88' lang='lat' dir='ltr'>abusum</span> <span class='ocrx_word' id='word_1_260' title='bbox 2096 4399 2190 4482; x_wconf 86' lang='lat' dir='ltr'>quod</span> <span class='ocrx_word' id='word_1_261' title='bbox 2215 4398 2355 4482; x_wconf 87' lang='lat' dir='ltr'>quidam</span> <span class='ocrx_word' id='word_1_262' title='bbox 2376 4420 2505 4484; x_wconf 84' lang='lat' dir='ltr'>corpus</span> 
     </span>
     <span class='ocr_line' id='line_1_27' title="bbox 1031 4511 2506 4601; baseline -0.002 -19"><span class='ocrx_word' id='word_1_263' title='bbox 1031 4516 1186 4582; x_wconf 90' lang='lat' dir='ltr'>defuncti</span> <span class='ocrx_word' id='word_1_264' title='bbox 1222 4514 1280 4599; x_wconf 92' lang='lat' dir='ltr'>qui</span> <span class='ocrx_word' id='word_1_265' title='bbox 1316 4512 1421 4601; x_wconf 92' lang='lat' dir='ltr'>elegit</span> <span class='ocrx_word' id='word_1_266' title='bbox 1455 4513 1490 4577; x_wconf 95' lang='lat' dir='ltr'>in</span> <span class='ocrx_word' id='word_1_267' title='bbox 1533 4511 1675 4579; x_wconf 89' lang='lat' dir='ltr'>remotis</span> <span class='ocrx_word' id='word_1_268' title='bbox 1712 4512 1868 4597; x_wconf 90' lang='lat' dir='ltr'>partibus</span> <span class='ocrx_word' id='word_1_269' title='bbox 1903 4514 2114 4598; x_wconf 91' lang='lat' dir='ltr'>sepulturam</span> <span class='ocrx_word' id='word_1_270' title='bbox 2154 4535 2195 4579; x_wconf 86' lang='lat' dir='ltr'>ex</span> <span class='ocrx_word' id='word_1_271' title='bbox 2235 4515 2386 4599; x_wconf 92' lang='lat' dir='ltr'>quodam</span> <span class='ocrx_word' id='word_1_272' title='bbox 2428 4514 2506 4600; x_wconf 89' lang='lat' dir='ltr'>piae</span> 
     </span>
     <span class='ocr_line' id='line_1_28' title="bbox 1032 4629 2506 4718; baseline -0.001 -21"><span class='ocrx_word' id='word_1_273' title='bbox 1032 4632 1167 4718; x_wconf 91' lang='lat' dir='ltr'>pietatis</span> <span class='ocrx_word' id='word_1_274' title='bbox 1192 4631 1319 4696; x_wconf 87' lang='lat' dir='ltr'>affectu</span> <span class='ocrx_word' id='word_1_275' title='bbox 1343 4631 1556 4695; x_wconf 90' lang='lat' dir='ltr'>truculenter</span> <span class='ocrx_word' id='word_1_276' title='bbox 1580 4639 1795 4708; x_wconf 86' lang='lat' dir='ltr'>exenterant,</span> <span class='ocrx_word' id='word_1_277' title='bbox 1821 4650 1862 4694; x_wconf 89' lang='lat' dir='ltr'>ac</span> <span class='ocrx_word' id='word_1_278' title='bbox 1886 4629 1969 4694; x_wconf 92' lang='lat' dir='ltr'>illud</span> <span class='ocrx_word' id='word_1_279' title='bbox 1999 4630 2215 4695; x_wconf 89' lang='lat' dir='ltr'>membratim</span> <span class='ocrx_word' id='word_1_280' title='bbox 2249 4632 2304 4695; x_wconf 90' lang='lat' dir='ltr'>vel</span> <span class='ocrx_word' id='word_1_281' title='bbox 2339 4630 2374 4694; x_wconf 94' lang='lat' dir='ltr'>in</span> <span class='ocrx_word' id='word_1_282' title='bbox 2398 4632 2506 4696; x_wconf 88' lang='lat' dir='ltr'>frusta</span> 
     </span>
    </p>
   </div>
   <div class='ocr_carea' id='block_1_3' title="bbox 844 4734 2507 5194">
    <p class='ocr_par' dir='ltr' id='par_1_6' title="bbox 993 4734 2507 5067">
     <span class='ocr_line' id='line_1_29' title="bbox 993 4734 2506 4834; baseline -0.001 -21"><span class='ocrx_word' id='word_1_283' title='bbox 993 4734 996 4741; x_wconf 18' lang='lat' dir='ltr'>i</span> <span class='ocrx_word' id='word_1_284' title='bbox 1030 4747 1223 4814; x_wconf 88' lang='lat' dir='ltr'>immaniter</span> <span class='ocrx_word' id='word_1_285' title='bbox 1240 4745 1478 4824; x_wconf 69' lang='lat' dir='ltr'>concidentes</span> <span class='ocrx_word' id='word_1_286' title='bbox 1496 4767 1537 4810; x_wconf 92' lang='lat' dir='ltr'>ea</span> <span class='ocrx_word' id='word_1_287' title='bbox 1561 4743 1842 4828; x_wconf 82' lang='lat' dir='ltr'>subsequenter⁰</span> <span class='ocrx_word' id='word_1_288' title='bbox 1858 4745 1956 4828; x_wconf 91' lang='lat' dir='ltr'>aquis</span> <span class='ocrx_word' id='word_1_289' title='bbox 1981 4744 2142 4810; x_wconf 89' lang='lat' dir='ltr'>immersa</span> <span class='ocrx_word' id='word_1_290' title='bbox 2167 4759 2347 4831; x_wconf 86' lang='lat' dir='ltr'>exponunt</span> <span class='ocrx_word' id='word_1_291' title='bbox 2365 4746 2506 4834; x_wconf 86' lang='lat' dir='ltr'>ignibus</span> 
     </span>
     <span class='ocr_line' id='line_1_30' title="bbox 1031 4859 2505 4949; baseline -0.001 -20"><span class='ocrx_word' id='word_1_292' title='bbox 1031 4864 1273 4949; x_wconf 86' lang='lat' dir='ltr'>decoquenda,</span> <span class='ocrx_word' id='word_1_293' title='bbox 1298 4874 1332 4928; x_wconf 93' lang='lat' dir='ltr'>et</span> <span class='ocrx_word' id='word_1_294' title='bbox 1355 4863 1495 4927; x_wconf 88' lang='lat' dir='ltr'>tandem</span> <span class='ocrx_word' id='word_1_295' title='bbox 1528 4862 1572 4925; x_wconf 92' lang='lat' dir='ltr'>ab</span> <span class='ocrx_word' id='word_1_296' title='bbox 1596 4859 1736 4925; x_wconf 84' lang='lat' dir='ltr'>ossibus</span> <span class='ocrx_word' id='word_1_297' title='bbox 1760 4871 1962 4947; x_wconf 90' lang='lat' dir='ltr'>tegumento</span> <span class='ocrx_word' id='word_1_298' title='bbox 1991 4861 2104 4926; x_wconf 91' lang='lat' dir='ltr'>carnis</span> <span class='ocrx_word' id='word_1_299' title='bbox 2137 4883 2297 4937; x_wconf 78' lang='lat' dir='ltr'>excuss0,</span> <span class='ocrx_word' id='word_1_300' title='bbox 2323 4863 2367 4926; x_wconf 87' lang='lat' dir='ltr'>ad</span> <span class='ocrx_word' id='word_1_301' title='bbox 2390 4863 2505 4927; x_wconf 91' lang='lat' dir='ltr'>locum</span> 
     </span>
     <span class='ocr_line' id='line_1_31' title="bbox 1032 4975 2507 5067; baseline -0.003 -20"><span class='ocrx_word' id='word_1_302' title='bbox 1032 4981 1231 5067; x_wconf 89' lang='lat' dir='ltr'>sepulturae</span> <span class='ocrx_word' id='word_1_303' title='bbox 1266 4979 1428 5044; x_wconf 91' lang='lat' dir='ltr'>deferunt</span> <span class='ocrx_word' id='word_1_304' title='bbox 1458 4977 1671 5054; x_wconf 86' lang='lat' dir='ltr'>tumulanda,</span> <span class='ocrx_word' id='word_1_305' title='bbox 1705 4975 1784 5061; x_wconf 90' lang='lat' dir='ltr'>piae</span> <span class='ocrx_word' id='word_1_306' title='bbox 1816 4975 2017 5041; x_wconf 90' lang='lat' dir='ltr'>intentionis</span> <span class='ocrx_word' id='word_1_307' title='bbox 2049 4976 2144 5043; x_wconf 92' lang='lat' dir='ltr'>ducti</span> <span class='ocrx_word' id='word_1_308' title='bbox 2173 4977 2355 5062; x_wconf 91' lang='lat' dir='ltr'>proposito</span> <span class='ocrx_word' id='word_1_309' title='bbox 2387 4979 2507 5044; x_wconf 92' lang='lat' dir='ltr'>decer-</span> 
     </span>
    </p>

    <p class='ocr_par' dir='ltr' id='par_1_7' title="bbox 844 5091 2507 5194">
     <span class='ocr_line' id='line_1_32' title="bbox 844 5091 2507 5194; baseline -0.002 -32"><span class='ocrx_word' id='word_1_310' title='bbox 844 5138 893 5194; x_wconf 81' lang='lat' dir='ltr'>fol.</span> <span class='ocrx_word' id='word_1_311' title='bbox 907 5142 957 5194; x_wconf 83' lang='lat'>138</span> <span class='ocrx_word' id='word_1_312' title='bbox 967 5141 1009 5193; x_wconf 67' lang='lat' dir='ltr'>V„</span> <span class='ocrx_word' id='word_1_313' title='bbox 1032 5097 1146 5162; x_wconf 88' lang='lat' dir='ltr'>nimus</span> <span class='ocrx_word' id='word_1_314' title='bbox 1177 5094 1389 5160; x_wconf 88' lang='lat' dir='ltr'>abolendum</span> <span class='ocrx_word' id='word_1_315' title='bbox 1420 5091 1612 5178; x_wconf 89' lang='lat' dir='ltr'>apostolica</span> <span class='ocrx_word' id='word_1_316' title='bbox 1644 5091 1857 5169; x_wconf 86' lang='lat' dir='ltr'>auctoritate,</span> <span class='ocrx_word' id='word_1_317' title='bbox 1894 5094 1898 5174; x_wconf 78' lang='lat' dir='ltr'>l</span> <span class='ocrx_word' id='word_1_318' title='bbox 1935 5103 2127 5157; x_wconf 89' lang='lat' dir='ltr'>statuentes</span> <span class='ocrx_word' id='word_1_319' title='bbox 2160 5104 2196 5157; x_wconf 91' lang='lat' dir='ltr'>ut</span> <span class='ocrx_word' id='word_1_320' title='bbox 2228 5093 2319 5158; x_wconf 90' lang='lat' dir='ltr'>circa</span> <span class='ocrx_word' id='word_1_321' title='bbox 2357 5115 2507 5178; x_wconf 91' lang='lat' dir='ltr'>corpora</span> 
     </span>
    </p>
   </div>
   <div class='ocr_carea' id='block_1_4' title="bbox 873 5067 975 5123">
    <p class='ocr_par' dir='ltr' id='par_1_8' title="bbox 873 5067 975 5123">
     <span class='ocr_line' id='line_1_33' title="bbox 873 5067 975 5123; baseline -0.01 0"><span class='ocrx_word' id='word_1_322' title='bbox 873 5067 938 5123; x_wconf 91' lang='lat' dir='ltr'>cod.</span> <span class='ocrx_word' id='word_1_323' title='bbox 953 5068 975 5122; x_wconf 91' lang='lat' dir='ltr'>P</span> 
     </span>
    </p>
   </div>
   <div class='ocr_carea' id='block_1_5' title="bbox 1008 5401 2508 5737">
    <p class='ocr_par' dir='ltr' id='par_1_9' title="bbox 1124 5401 2508 5473">
     <span class='ocr_line' id='line_1_34' title="bbox 1124 5401 2508 5473; baseline -0.001 -14"><span class='ocrx_word' id='word_1_324' title='bbox 1124 5408 1131 5438; x_wconf 91' lang='lat'>¹</span> <span class='ocrx_word' id='word_1_325' title='bbox 1151 5406 1228 5459; x_wconf 88' lang='lat' dir='ltr'>intus</span> <span class='ocrx_word' id='word_1_326' title='bbox 1247 5406 1315 5459; x_wconf 83' lang='lat' dir='ltr'>add.</span> <span class='ocrx_word' id='word_1_327' title='bbox 1330 5405 1360 5459; x_wconf 92' lang='lat' dir='ltr'>P.</span> <span class='ocrx_word' id='word_1_328' title='bbox 1381 5436 1414 5444; x_wconf 95' lang='lat'>—</span> <span class='ocrx_word' id='word_1_329' title='bbox 1435 5405 1514 5457; x_wconf 72' lang='lat' dir='ltr'>²om.</span> <span class='ocrx_word' id='word_1_330' title='bbox 1529 5403 1559 5456; x_wconf 91' lang='lat' dir='ltr'>P.</span> <span class='ocrx_word' id='word_1_331' title='bbox 1580 5434 1610 5442; x_wconf 92' lang='lat'>—</span> <span class='ocrx_word' id='word_1_332' title='bbox 1632 5401 1714 5455; x_wconf 80' lang='lat' dir='ltr'>⁸alio</span> <span class='ocrx_word' id='word_1_333' title='bbox 1729 5402 1763 5454; x_wconf 94' lang='lat' dir='ltr'>V.</span> <span class='ocrx_word' id='word_1_334' title='bbox 1784 5433 1817 5440; x_wconf 96' lang='lat'><strong>—</strong></span> <span class='ocrx_word' id='word_1_335' title='bbox 1836 5401 1909 5455; x_wconf 72' lang='lat' dir='ltr'>‘ille</span> <span class='ocrx_word' id='word_1_336' title='bbox 1922 5401 1953 5454; x_wconf 91' lang='lat' dir='ltr'>P.</span> <span class='ocrx_word' id='word_1_337' title='bbox 1975 5433 2006 5440; x_wconf 89' lang='lat'>-</span> <span class='ocrx_word' id='word_1_338' title='bbox 2027 5404 2190 5473; x_wconf 71' lang='lat' dir='ltr'>⁶operatur</span> <span class='ocrx_word' id='word_1_339' title='bbox 2212 5403 2242 5456; x_wconf 89' lang='lat' dir='ltr'>P.</span> <span class='ocrx_word' id='word_1_340' title='bbox 2263 5434 2295 5443; x_wconf 91' lang='lat'><em>-</em></span> <span class='ocrx_word' id='word_1_341' title='bbox 2316 5404 2327 5434; x_wconf 76' lang='lat'>⁸</span> <span class='ocrx_word' id='word_1_342' title='bbox 2345 5403 2395 5456; x_wconf 90' lang='lat' dir='ltr'>tali</span> <span class='ocrx_word' id='word_1_343' title='bbox 2418 5420 2508 5458; x_wconf 88' lang='lat' dir='ltr'>causa</span> 
     </span>
    </p>

    <p class='ocr_par' dir='ltr' id='par_1_10' title="bbox 1032 5488 2507 5562">
     <span class='ocr_line' id='line_1_35' title="bbox 1032 5488 2507 5562; baseline -0.003 -12"><span class='ocrx_word' id='word_1_344' title='bbox 1032 5496 1187 5562; x_wconf 83' lang='lat' dir='ltr'>existente]</span> <span class='ocrx_word' id='word_1_345' title='bbox 1201 5493 1345 5547; x_wconf 87' lang='lat' dir='ltr'>existente</span> <span class='ocrx_word' id='word_1_346' title='bbox 1360 5492 1410 5546; x_wconf 88' lang='lat' dir='ltr'>tali</span> <span class='ocrx_word' id='word_1_347' title='bbox 1425 5507 1514 5546; x_wconf 87' lang='lat' dir='ltr'>causa</span> <span class='ocrx_word' id='word_1_348' title='bbox 1528 5490 1557 5543; x_wconf 90' lang='lat' dir='ltr'>P.</span> <span class='ocrx_word' id='word_1_349' title='bbox 1570 5521 1601 5529; x_wconf 92' lang='lat'>—</span> <span class='ocrx_word' id='word_1_350' title='bbox 1615 5490 1623 5520; x_wconf 82' lang='lat'>⁷</span> <span class='ocrx_word' id='word_1_351' title='bbox 1636 5488 1654 5543; x_wconf 92' lang='lat' dir='ltr'>f.</span> <span class='ocrx_word' id='word_1_352' title='bbox 1669 5489 1944 5543; x_wconf 66' lang='lat' dir='ltr'>tramerberatum</span> <span class='ocrx_word' id='word_1_353' title='bbox 1967 5492 2016 5556; x_wconf 81' lang='lat' dir='ltr'>(ut</span> <span class='ocrx_word' id='word_1_354' title='bbox 2033 5491 2075 5542; x_wconf 79' lang='lat' dir='ltr'>orl</span> <span class='ocrx_word' id='word_1_355' title='bbox 2091 5489 2328 5561; x_wconf 65' lang='lat' dir='ltr'>significandum</span> <span class='ocrx_word' id='word_1_356' title='bbox 2345 5491 2507 5545; x_wconf 90' lang='lat' dir='ltr'>secundum</span> 
     </span>
    </p>

    <p class='ocr_par' dir='ltr' id='par_1_11' title="bbox 1008 5576 2508 5737">
     <span class='ocr_line' id='line_1_36' title="bbox 1008 5576 2508 5656; baseline -0.004 -18"><span class='ocrx_word' id='word_1_357' title='bbox 1008 5580 1118 5656; x_wconf 76' lang='lat' dir='ltr'>&#39;saepe</span> <span class='ocrx_word' id='word_1_358' title='bbox 1136 5581 1308 5649; x_wconf 77' lang='lat' dir='ltr'>adhibetur)</span> <span class='ocrx_word' id='word_1_359' title='bbox 1328 5581 1386 5633; x_wconf 92' lang='lat' dir='ltr'>PV.</span> <span class='ocrx_word' id='word_1_360' title='bbox 1411 5610 1442 5618; x_wconf 97' lang='lat'>—</span> <span class='ocrx_word' id='word_1_361' title='bbox 1465 5576 1559 5631; x_wconf 86' lang='lat' dir='ltr'>Finali</span> <span class='ocrx_word' id='word_1_362' title='bbox 1581 5576 1771 5629; x_wconf 81' lang='lat' dir='ltr'>scribendum</span> <span class='ocrx_word' id='word_1_363' title='bbox 1792 5577 1919 5643; x_wconf 67' lang='lat' dir='ltr'>videtur,</span> <span class='ocrx_word' id='word_1_364' title='bbox 1945 5595 2013 5629; x_wconf 86' lang='lat' dir='ltr'>cum</span> <span class='ocrx_word' id='word_1_365' title='bbox 2036 5577 2080 5630; x_wconf 82' lang='lat' dir='ltr'>Iex</span> <span class='ocrx_word' id='word_1_366' title='bbox 2101 5582 2212 5646; x_wconf 80' lang='lat' dir='ltr'>qrtarfa</span> <span class='ocrx_word' id='word_1_367' title='bbox 2235 5579 2350 5631; x_wconf 80' lang='lat' dir='ltr'>decima</span> <span class='ocrx_word' id='word_1_368' title='bbox 2372 5579 2508 5632; x_wconf 82' lang='lat' dir='ltr'>omnium</span> 
     </span>
     <span class='ocr_line' id='line_1_37' title="bbox 1032 5663 2389 5737; baseline -0.004 -11"><span class='ocrx_word' id='word_1_369' title='bbox 1032 5672 1202 5726; x_wconf 79' lang='lat' dir='ltr'>latinarum</span> <span class='ocrx_word' id='word_1_370' title='bbox 1220 5669 1273 5722; x_wconf 77' lang='lat' dir='ltr'>hoc</span> <span class='ocrx_word' id='word_1_371' title='bbox 1292 5667 1379 5721; x_wconf 81' lang='lat' dir='ltr'>titulo</span> <span class='ocrx_word' id='word_1_372' title='bbox 1392 5666 1579 5720; x_wconf 73' lang='lat' dir='ltr'>collectarum</span> <span class='ocrx_word' id='word_1_373' title='bbox 1598 5665 1638 5717; x_wconf 76' lang='lat' dir='ltr'>sit</span> <span class='ocrx_word' id='word_1_374' title='bbox 1655 5663 1770 5717; x_wconf 84' lang='lat' dir='ltr'>ultima.</span> <span class='ocrx_word' id='word_1_375' title='bbox 1790 5694 1822 5702; x_wconf 95' lang='lat'>-</span> <span class='ocrx_word' id='word_1_376' title='bbox 1842 5664 1953 5717; x_wconf 74' lang='lat' dir='ltr'>fletiarn</span> <span class='ocrx_word' id='word_1_377' title='bbox 1974 5665 2003 5718; x_wconf 93' lang='lat' dir='ltr'>P.</span> <span class='ocrx_word' id='word_1_378' title='bbox 2022 5696 2055 5703; x_wconf 92' lang='lat'>—</span> <span class='ocrx_word' id='word_1_379' title='bbox 2075 5665 2313 5737; x_wconf 76' lang='lat' dir='ltr'>⁹subsequentes</span> <span class='ocrx_word' id='word_1_380' title='bbox 2332 5666 2389 5720; x_wconf 89' lang='lat' dir='ltr'>PV.</span> 
     </span>
    </p>
   </div>
   <div class='ocr_carea' id='block_1_6' title="bbox 1033 5948 2508 6119">
    <p class='ocr_par' dir='ltr' id='par_1_12' title="bbox 1033 5948 2508 6119">
     <span class='ocr_line' id='line_1_38' title="bbox 1123 5948 2508 6024; baseline -0.008 -14"><span class='ocrx_word' id='word_1_381' title='bbox 1123 5959 1162 6024; x_wconf 88' lang='lat' dir='ltr'>(l)</span> <span class='ocrx_word' id='word_1_382' title='bbox 1182 5955 1214 6009; x_wconf 85' lang='lat' dir='ltr'>L.</span> <span class='ocrx_word' id='word_1_383' title='bbox 1229 5957 1252 6008; x_wconf 91' lang='lat'>1.</span> <span class='ocrx_word' id='word_1_384' title='bbox 1268 5953 1301 6008; x_wconf 91' lang='lat' dir='ltr'>C.</span> <span class='ocrx_word' id='word_1_385' title='bbox 1313 5953 1357 6006; x_wconf 91' lang='lat' dir='ltr'>De</span> <span class='ocrx_word' id='word_1_386' title='bbox 1371 5948 1526 6022; x_wconf 80' lang='lat' dir='ltr'>religiosis</span> <span class='ocrx_word' id='word_1_387' title='bbox 1540 5949 1590 6004; x_wconf 87' lang='grc' dir='ltr'>ΙΙΙ,</span> <span class='ocrx_word' id='word_1_388' title='bbox 1604 5952 1647 6004; x_wconf 83' lang='grc'>44.</span> <span class='ocrx_word' id='word_1_389' title='bbox 1664 5981 1696 5988; x_wconf 87' lang='lat'>-</span> <span class='ocrx_word' id='word_1_390' title='bbox 1715 5953 1755 6017; x_wconf 81' lang='lat'>(2)</span> <span class='ocrx_word' id='word_1_391' title='bbox 1768 5950 1799 6003; x_wconf 89' lang='lat' dir='ltr'>L.</span> <span class='ocrx_word' id='word_1_392' title='bbox 1815 5951 1855 6003; x_wconf 80' lang='lat'>14.</span> <span class='ocrx_word' id='word_1_393' title='bbox 1870 5948 1936 6003; x_wconf 90' lang='lat' dir='ltr'>eod.</span> <span class='ocrx_word' id='word_1_394' title='bbox 1951 5981 1984 5988; x_wconf 93' lang='lat'>—</span> <span class='ocrx_word' id='word_1_395' title='bbox 1999 5952 2038 6015; x_wconf 84' lang='lat'>(3)</span> <span class='ocrx_word' id='word_1_396' title='bbox 2058 5948 2228 6004; x_wconf 87' lang='lat' dir='ltr'>Bonifacius</span> <span class='ocrx_word' id='word_1_397' title='bbox 2241 5950 2319 6004; x_wconf 91' lang='lat' dir='ltr'>VIII.</span> <span class='ocrx_word' id='word_1_398' title='bbox 2333 5983 2367 5990; x_wconf 95' lang='lat'><em>-</em></span> <span class='ocrx_word' id='word_1_399' title='bbox 2381 5953 2420 6017; x_wconf 83' lang='grc'>(4)</span> <span class='ocrx_word' id='word_1_400' title='bbox 2436 5951 2468 6006; x_wconf 83' lang='lat' dir='ltr'>C.</span> <span class='ocrx_word' id='word_1_401' title='bbox 2484 5955 2508 6007; x_wconf 82' lang='lat' dir='ltr'>l,</span> 
     </span>
     <span class='ocr_line' id='line_1_39' title="bbox 1033 6039 1545 6119; baseline -0.021 -17"><span class='ocrx_word' id='word_1_402' title='bbox 1033 6045 1071 6101; x_wconf 89' lang='lat' dir='ltr'>de</span> <span class='ocrx_word' id='word_1_403' title='bbox 1084 6043 1189 6119; x_wconf 88' lang='lat' dir='ltr'>sepult.</span> <span class='ocrx_word' id='word_1_404' title='bbox 1203 6042 1254 6096; x_wconf 90' lang='lat'><em>111.</em></span> <span class='ocrx_word' id='word_1_405' title='bbox 1268 6043 1292 6095; x_wconf 87' lang='lat'>6.</span> <span class='ocrx_word' id='word_1_406' title='bbox 1306 6039 1336 6094; x_wconf 91' lang='lat' dir='ltr'>in</span> <span class='ocrx_word' id='word_1_407' title='bbox 1350 6039 1428 6094; x_wconf 84' lang='lat' dir='ltr'>Extr.</span> <span class='ocrx_word' id='word_1_408' title='bbox 1441 6055 1545 6093; x_wconf 89' lang='lat' dir='ltr'>comm.</span> 
     </span>
    </p>
   </div>
   <div class='ocr_carea' id='block_1_7' title="bbox 0 0 3365 7988">
    <p class='ocr_par' dir='ltr' id='par_1_13' title="bbox 0 0 3365 7988">
     <span class='ocr_line' id='line_1_40' title="bbox 0 0 3365 7988; baseline 0 0"><span class='ocrx_word' id='word_1_409' title='bbox 0 0 3365 7988; x_wconf 95' lang='lat' dir='ltr'> </span> 
     </span>
    </p>
   </div>
  </div>
 </body>
</html>
