6700 7992
970 2865 1036 2920 cod.
1047 2866 1071 2920 P

934 2935 984 2992 fol.
998 2940 1049 2993 149
1059 2937 1101 2991 va

1131 1412 1181 1464 146
1492 1409 1684 1465 MAGISTRI
1712 1409 1933 1466 GODEFRIDI
1962 1410 2014 1465 DE
2041 1410 2240 1467 FONTlBUS

1218 1590 1307 1657 Cum
1343 1612 1428 1680 ergo
1463 1590 1639 1676 quaeritur
1669 1599 1783 1656 utrum
1819 1591 1930 1656 forma
1960 1589 2075 1676 aliqua
2110 1590 2221 1677 possit
2255 1589 2363 1657 minui
2394 1592 2450 1658 vel
2484 1589 2605 1680 augeri

1128 1707 1322 1773 secundum
1350 1705 1462 1795 magis
1490 1717 1524 1773 et
1548 1706 1661 1773 minus
1690 1727 1753 1792 per
1788 1706 1985 1786 essentiam,
2011 1706 2040 1772 si
2071 1706 2283 1796 intelligatur
2309 1706 2361 1774 sic
2396 1708 2491 1793 quod
2526 1706 2605 1795 ipsa

1128 1822 1281 1889 essentia
1298 1833 1467 1911 augeatur
1483 1832 1517 1889 et
1535 1822 1710 1888 minuatur
1726 1823 1921 1889 secundum
1946 1844 1984 1889 se
2008 1822 2082 1889 sive
2105 1823 2300 1889 secundum
2324 1823 2493 1890 rationem
2518 1844 2605 1890 suae

1128 1937 1302 2006 essentiae
1337 1940 1392 2005 vel
1425 1939 1619 2006 secundum
1652 1960 1693 2004 ea
1725 1960 1815 2024 quae
1848 1939 1891 2004 ad
1923 1938 2033 2025 ipsam
2059 1938 2246 2006 essentiam
2270 1939 2454 2026 pertinent,
2487 1939 2604 2007 dicen·

1128 2056 1210 2120 dum
1227 2055 1321 2140 quod
1346 2076 1418 2120 non
1432 2075 1439 2134 ;
1457 2053 1538 2140 quia
1553 2053 1691 2141 species
1708 2055 1902 2120 secundum
1919 2075 1958 2121 se
1982 2054 2141 2121 consistit
2157 2055 2192 2120 in
2208 2054 2325 2141 aliquo
2345 2056 2604 2142 complemento

1127 2169 1325 2236 indivisibili
1356 2179 1393 2235 ut
1420 2169 1637 2250 dictumest,
1662 2169 1828 2255 itaquod
1856 2169 2068 2255 ubicumque
2093 2180 2146 2237 est
2174 2170 2322 2258 specieS,
2347 2170 2423 2257 ipsa
2451 2182 2505 2238 est
2531 2182 2604 2238 tota

1127 2287 1322 2353 secundum
1360 2285 1396 2351 id
1431 2286 1526 2371 quod
1560 2286 1604 2351 ad
1643 2285 1719 2352 eius
1754 2285 1940 2352 essentiam
1980 2286 2137 2372 pertinet.
2175 2286 2212 2353 Si
2248 2297 2363 2353 autem
2394 2286 2606 2376 intelligatur

1128 2402 1224 2487 quod
1247 2401 1324 2488 ipsa
1340 2401 1491 2468 essentia
1515 2401 1566 2467 sic
1589 2402 1785 2490 augeaturl
1808 2412 1842 2467 et
1866 2400 2050 2482 minuatur,
2069 2403 2164 2487 quod
2189 2402 2266 2488 ipsa
2289 2401 2325 2468 in
2348 2425 2412 2469 sua
2435 2402 2604 2470 totalitate

1128 2528 1293 2603 quantum
1319 2518 1363 2583 ad
1388 2516 1586 2584 essentialia
1609 2519 1738 2583 habeat
1769 2538 1859 2597 esse,
1891 2518 2085 2583 secundum
2121 2518 2325 2584 totalitatem
2356 2540 2442 2585 suae
2470 2518 2604 2604 quanti·

1127 2633 1206 2700 tatis
1230 2633 1383 2700 virtualis
1400 2655 1490 2719 quae
1508 2643 1561 2700 est
1581 2632 1787 2721 magnitudo
1811 2634 1947 2698 habens
1971 2634 2113 2699 modum
2137 2633 2387 2701 accidentalem
2414 2645 2449 2700 ut
2473 2635 2602 2701 dictum

1128 2761 1190 2830 est,
1215 2749 1250 2814 in
1285 2771 1357 2816 uno
1392 2761 1549 2836 tempore
1583 2748 1618 2814 in
1653 2748 1769 2834 aliquo
1794 2747 1954 2814 subiecto
1979 2762 2013 2815 et
2046 2748 2081 2814 in
2113 2750 2181 2816 alio
2212 2772 2294 2831 non,
2319 2753 2386 2817 sed‘
2407 2752 2604 2817 secundum

1128 2877 1261 2952 partem
1292 2869 1297 2950 Ι
1328 2886 1413 2932 suae
1437 2864 1614 2931 totalitatis
1650 2863 1814 2945 virtualis,
1846 2875 1930 2942 tunc
1965 2885 2083 2931 verum
2115 2876 2168 2932 est
2206 2866 2327 2951 qu0d²
2361 2866 2525 2933 minuitur
2549 2867 2605 2933 vel

1128 2992 1275 3071 augetur
1297 2983 1408 3048 forma
1433 2980 1536 3048 etiam
1565 2980 1760 3047 secundum
1792 2979 1978 3046 essentiam
2011 2982 2281 3066 quodammodo.
2306 2983 2356 3047 lta
2380 2982 2486 3068 quod,
2514 2981 2606 3050 sicut

1128 3100 1206 3184 plus
1230 3109 1283 3164 est
1310 3099 1354 3164 de
1382 3096 1473 3163 linea
1500 3096 1534 3162 in
1563 3095 1655 3163 linea
1682 3098 1788 3184 longa
1812 3118 1915 3181 quam
1945 3096 1979 3161 in
2004 3096 2101 3163 brevi
2121 3097 2225 3164 etiam
2243 3099 2286 3164 de
2304 3098 2455 3165 essentia
2479 3098 2604 3180 lineae,

1128 3236 1206 3281 cum
1246 3224 1319 3279 tota
1357 3212 1510 3279 essentia
1548 3211 1660 3278 lineae
1696 3211 1739 3278 sit
1777 3211 1812 3277 in
1856 3211 2019 3279 omnibus
2058 3213 2214 3299 partibus
2250 3225 2284 3280 et
2322 3215 2440 3299 plures
2486 3225 2603 3301 partes

1128 3330 1377 3397 determinatae
1401 3327 1601 3415 quantitatis
1625 3341 1706 3394 sunt
1730 3328 1764 3393 in
1789 3329 1894 3416 longa
1918 3351 2021 3414 quam
2046 3328 2081 3394 in
2105 3328 2211 3409 brevi,
2237 3331 2315 3415 plus
2351 3341 2404 3396 est
2434 3330 2478 3398 de
2511 3330 2602 3397 linea

1128 3446 1229 3514 etiam
1255 3444 1476 3512 secundum³
1499 3443 1687 3510 essentiam
1719 3443 1770 3509 sic
1801 3443 1837 3509 in
1861 3466 1931 3509 una
1963 3465 2067 3529 quam
2092 3445 2127 3510 in
2159 3445 2236 3526 alia,
2262 3467 2333 3511 non
2358 3445 2492 3513 ratione
2516 3467 2602 3512 suae

1128 3562 1312 3642 essentiae,
1337 3562 1400 3627 sed
1424 3559 1558 3626 ratione
1586 3559 1778 3627 accidentis
1802 3559 1912 3646 ipsam
1938 3560 2187 3645 consequentis
2210 3561 2329 3627 variati
2347 3561 2440 3628 circa
2464 3561 2603 3629 diversa

1127 3677 1306 3745 individua
1328 3677 1451 3757 lineae,
1476 3698 1549 3743 non
1575 3675 1741 3762 ponentis
1769 3687 1886 3741 tamen
1913 3675 2138 3743 variationem
2159 3676 2251 3744 circa
2275 3677 2386 3763 ipsam
2414 3677 2602 3744 essentiam

1127 3796 1261 3862 formae
1286 3792 1483 3880 specificae,
1508 3831 1549 3840 —
1575 3791 1621 3858 ita
1648 3790 1752 3857 etiam
1776 3801 1849 3857 tota
1884 3791 2038 3858 essentia
2072 3792 2242 3859 albedinis
2278 3802 2330 3859 θεῖ
2366 3792 2400 3858 ἰη
2435 3793 2546 3860 maius
2569 3804 2604 3860 et

1128 3909 1242 3976 minus
1259 3911 1350 3991 albu,
1367 3918 1484 3975 tamen
1508 3907 1585 3994 ipsa
1606 3917 1659 3974 est
1683 3908 1761 3993 plus
1778 3906 1813 3973 in
1830 3906 1942 3996 magis
1966 3908 2068 3986 albo;
2093 3908 2156 3973 sed
2180 3909 2250 3974 hoc
2266 3919 2318 3974 est
2342 3908 2474 3975 ratione
2498 3908 2603 3975 huius

1127 4025 1319 4093 accidentis
1338 4025 1456 4111 ipsam
1478 4023 1530 4090 sic
1553 4022 1812 4108 consequentis,
1837 4033 1874 4088 ut
1898 4023 1987 4090 sicut
2011 4022 2045 4088 in
2063 4023 2154 4090 linea
2178 4025 2256 4109 plus
2281 4034 2425 4090 extensa
2448 4035 2502 4091 est
2524 4026 2603 4112 plus

1127 4144 1172 4210 de
1187 4142 1290 4223 linea,
1308 4140 1354 4207 ita
1370 4141 1406 4206 in
1430 4139 1589 4206 albedine
1613 4140 1692 4226 plus
1716 4139 1854 4205 intensa
1881 4150 1934 4205 est
1953 4140 2032 4225 plus
2049 4139 2093 4205 de
2110 4139 2272 4207 albedine
2290 4141 2383 4206 etde
2408 4141 2603 4207 substantia

1126 4258 1181 4326 vel
1198 4257 1351 4326 essentia
1375 4255 1556 4337 albedinis,
1581 4256 1644 4322 sed
1661 4275 1725 4341 per
1741 4253 1905 4321 accidens
1929 4264 2055 4320 tamen.

1215 4375 1318 4442 Unde
1342 4374 1421 4460 plus
1445 4383 1498 4440 est
1522 4373 1567 4438 de
1602 4370 1755 4438 essentia
1782 4370 1934 4436 caritatis
1958 4370 1992 4436 in
2024 4373 2177 4438 habente
2207 4372 2451 4458 perfectiorem
2483 4373 2604 4440 carita·

1126 4503 1195 4558 tem
1227 4490 1320 4556 dicto
1344 4489 1461 4555 modo.
1491 4487 1661 4573 Quamvis
1685 4508 1771 4575 ergo
1796 4507 1875 4553 esse
1905 4498 1939 4552 θῖ
1962 4486 2079 4553 inesse
2103 4490 2150 4572 [et
2177 4487 2306 4573 inesse]
2332 4488 2524 4555 accidentis
2547 4490 2603 4556 vel

1127 4606 1278 4674 caritatis
1301 4606 1345 4672 sit
1376 4604 1468 4672 idem
1493 4604 1687 4671 secundum
1712 4624 1783 4668 rem
1808 4623 1887 4668 cum
1912 4602 2074 4683 essentia,
2099 4615 2133 4669 et
2162 4603 2213 4670 sic
2239 4626 2309 4670 non
2337 4604 2451 4690 possit
2472 4606 2603 4672 habere

1127 4723 1238 4812 magis
1265 4734 1299 4789 et
1326 4721 1440 4787 minus
1463 4719 1658 4786 secundum
1683 4740 1762 4785 esse
1789 4719 1843 4783 vel
1867 4718 1995 4799 inesse,
2024 4740 2091 4786 nec
2122 4719 2233 4805 possit
2265 4720 2375 4809 magis
2400 4720 2517 4787 inesse
2548 4722 2603 4788 vel

1126 4838 1273 4907 radicari
1297 4837 1331 4904 in
1357 4836 1516 4903 subiecto
1541 4834 1607 4901 nisi
1632 4834 1735 4900 etiam
1759 4835 1954 4900 secundum
1980 4834 2167 4900 essentiam
2184 4848 2364 4924 augeatur,
2389 4847 2506 4903 tamen
2531 4859 2603 4904 non

1127 4955 1251 5022 dicitur
1274 4953 1396 5043 augeri
1419 4952 1614 5019 secundum
1643 4949 1841 5030 essentiam,
1869 4949 1951 5034 quia
1975 4952 2044 5016 hoc
2068 4952 2162 5036 quod
2187 4955 2339 5017 essentia
2356 4954 2461 5018 habet
2485 4952 2602 5038 aliquo

1126 5073 1234 5138 modo
1266 5069 1378 5159 magis
1409 5079 1443 5135 et
1474 5067 1599 5147 minus,
1629 5068 1698 5133 hoc
1725 5087 1796 5131 non
1829 5064 2001 5154 contingit
2028 5065 2060 5132 ei
2091 5087 2133 5132 ex
2163 5066 2297 5134 ratione
2329 5068 2514 5149 essentiae,
2539 5070 2603 5136 sed

1126 5210 1169 5254 ex
1208 5185 1351 5254 inesse⁴
1385 5185 1420 5251 in
1451 5182 1610 5250 subiecto
1646 5203 1689 5248 ex
1722 5180 1853 5247 maiore
1890 5181 2119 5267 dispositione
2150 5183 2297 5250 subiecti
2330 5196 2364 5250 et
2395 5184 2603 5269 perfectiore

1127 5303 1251 5369 virtute
1275 5301 1411 5391 agentis
1439 5310 1473 5366 et
1496 5309 1621 5366 cetera.
1647 5298 1736 5363 Cum
1762 5318 1846 5385 ergo
1871 5296 1996 5364 dicitur
2030 5298 2125 5383 quod
2161 5298 2261 5364 illud·
2276 5298 2376 5365 cuius
2407 5300 2495 5367 ratio
2520 5321 2603 5367 con·

1126 5418 1216 5485 sistit
1246 5417 1280 5484 in
1312 5416 1429 5502 aliquo
1464 5412 1663 5481 indivisibili
1698 5434 1770 5479 non
1795 5412 1945 5478 variatur
1976 5435 2038 5499 per
2067 5413 2254 5481 essentiam
2290 5416 2414 5482 eadem
2449 5415 2603 5482 essentia
2639 5393 2641 5395 .

1126 5545 1299 5615 manente,
1325 5532 1512 5599 dicendum
1544 5530 1639 5616 quod
1673 5551 1793 5595 verum
1818 5539 1891 5609 est3
1917 5529 2066 5594 variatur
2100 5540 2216 5596 tamen
2241 5530 2393 5598 essentia
2426 5552 2490 5617 per
2513 5531 2603 5600 acei-

1127 5652 1215 5717 dens
1239 5650 1333 5717 dicto
1358 5648 1464 5714 modo
1489 5656 1523 5714 et
1547 5656 1671 5713 cetera.

1217 6027 1363 6105 ¹augetur
1381 6021 1413 6075 P.
1432 6052 1466 6061 -
1486 6018 1581 6103 'quia
1599 6018 1631 6073 P.
1651 6050 1685 6058 —
1704 6019 1869 6099 ³quantum
1889 6016 1927 6071 ad
1948 6017 1979 6072 V.
2000 6049 2033 6057 -
2053 6021 2142 6073 ⁴esse
2162 6019 2196 6077 V.
