6700 7992
1303 1419 1499 1491 ornarunt
1528 1419 1829 1490 Quoucruaruu
1858 1420 1895 1490 Q.
1924 1419 2021 1473 xvru
2354 1420 2407 1472 au

928 1615 1082 1670 personae,
1111 1596 1187 1652 adeo
1215 1596 1296 1669 quod
1324 1605 1442 1669 oportet
1469 1596 1628 1669 impediri¹
1657 1606 1741 1652 actus
1765 1596 1860 1669 magis
1889 1596 2040 1668 perlectos
2062 1597 2099 1652 de
2121 1615 2162 1665 se,
2187 1597 2302 1652 scilicet
2324 1606 2408 1653 actus
2464 1638 2521 1693 cod
2544 1639 2565 1693 S

928 1695 1008 1750 vitae
1039 1695 1312 1768 contemplativae¹
1346 1700 1350 1762 l
1377 1703 1410 1749 ut
1444 1705 1636 1750 exerceantur
1664 1705 1748 1750 actus
1776 1695 1873 1749 minus
1901 1694 2037 1767 perfecti,
2068 1694 2183 1750 scilicet
2214 1703 2297 1750 actus
2328 1695 2407 1749 vitae
2437 1710 2487 1765 101,
2499 1679 2536 1765 fig
2547 1710 2591 1763 vu

929 1793 1045 1849 activae
1069 1801 1192 1865 propter
1211 1793 1319 1847 bonum
1339 1810 1494 1848 commune
1507 1794 1526 1847 ¹.
1546 1793 1610 1847 Nec
1635 1801 1680 1848 est
1706 1802 1808 1848 contra
1834 1793 1890 1848 hoc
1917 1792 1997 1865 quod
2025 1792 2132 1848 dicitur
2151 1792 2353 1848 Ecclesiastici
2367 1796 2407 1861 (1)

928 1891 1073 1963 vigesimo
1105 1899 1206 1945 sexto:
1237 1908 1296 1945 non
1327 1898 1374 1946 est
1405 1890 1495 1962 digna
1528 1890 1704 1963 ponderatio
1735 1891 1913 1946 continentis
1945 1891 2069 1959 animae,
2098 1899 2158 1946 tum
2186 1891 2256 1962 quia
2280 1890 2321 1945 ibi
2348 1908 2408 1946 non

929 1989 1072 2062 accipitur
1091 1987 1270 2043 continentia
1293 2007 1346 2061 pro
1365 1988 1489 2061 speciali
1508 1988 1615 2043 virtute
1637 1988 1691 2043 sed
1713 2006 1767 2060 pro
1786 1988 1867 2043 omni
1886 1989 2003 2056 virtute,
2022 1997 2083 2043 tum
2103 1988 2172 2061 quia
2191 1987 2407 2044 matrimonium

928 2104 989 2142 non
1020 2088 1096 2142 tollit
1126 2087 1235 2141 bonum
1267 2086 1466 2141 continentiae
1496 2086 1669 2158 simpliciter
1700 2086 1754 2141 sed
1786 2094 1899 2141 tantum
1932 2095 2072 2158 quantum
2104 2087 2142 2142 ad
2173 2086 2252 2141 illurn
2284 2087 2408 2159 gradum

929 2176 1152 2240 accidentalem.

1018 2284 1081 2338 Nec
1100 2283 1187 2338 etiam
1208 2283 1352 2355 obligatio
1378 2283 1439 2338 voti
1459 2282 1590 2355 impedit,
1610 2282 1680 2355 quia
1705 2291 1806 2338 votum
1825 2282 1938 2337 fatuum
1958 2300 2017 2336 non
2039 2282 2160 2354 obligat.
2180 2282 2241 2338 Sed
2259 2282 2284 2337 si
2303 2283 2409 2356 aliquis

929 2390 1052 2436 voveret
1070 2382 1113 2436 sic
1132 2398 1251 2435 servare
1270 2380 1381 2453 aliquid
1400 2381 1481 2453 quod
1499 2381 1524 2435 si
1544 2389 1623 2436 totus
1642 2381 1769 2436 mundus
1790 2381 1901 2452 periret
1919 2398 1977 2434 non
2001 2379 2170 2448 dimitteret,
2189 2390 2268 2436 esset
2287 2380 2408 2436 fatuum.

929 2481 1008 2552 Ergo
1033 2497 1091 2533 non
1117 2479 1263 2552 obligaret
1281 2479 1340 2534 tale
1365 2488 1475 2533 votum.
1500 2478 1618 2533 Sufficit
1642 2477 1719 2533 enim
1743 2478 1822 2551 quod
1844 2487 1966 2550 propter
1984 2478 2135 2550 proprium
2154 2479 2341 2533 commodum
2362 2479 2409 2533 vel

929 2577 1072 2651 propria⁴
1102 2587 1209 2650 sponte
1233 2595 1292 2632 non
1316 2577 1450 2632 intendat
1475 2576 1555 2648 quod
1586 2577 1677 2644 vovit,
1704 2585 1826 2632 mutare.
1854 2577 1907 2632 Ille
1932 2576 2021 2631 etiam
2055 2577 2138 2632 cuius
2169 2585 2214 2631 est
2242 2577 2409 2632 discernere

928 2676 1036 2748 inquo
1062 2693 1133 2730 casu
1157 2675 1278 2748 expedit
1304 2692 1422 2730 servare
1452 2682 1562 2743 votum,
1590 2675 1680 2729 habet
1708 2682 1886 2748 potestatem
1915 2674 1944 2729 in
1969 2673 2190 2747 dispensatione
2218 2673 2280 2728 voti
2309 2675 2410 2741 (Extra

929 2774 966 2829 de
986 2773 1181 2841 iureiurando,
1200 2774 1329 2828 Veniens
1342 2776 1389 2842 ὅ)(
1409 2778 1428 2839 ).

1017 2873 1081 2926 Nec
1105 2871 1194 2926 etiarn
1221 2872 1338 2926 tertium
1364 2871 1496 2943 impedit,
1521 2871 1637 2926 scilicet
1661 2870 1867 2925 solemnizatio
1882 2873 1900 2924 ⁸.
1920 2871 2018 2925 Primo
2038 2871 2106 2942 quia
2131 2888 2220 2926 omne
2238 2870 2311 2925 illud
2331 2871 2410 2943 quod

930 2987 965 3024 ex
990 2977 1101 3024 statuto
1127 2970 1198 3024 veli
1217 2969 1441 3024 confirmatione
1463 2969 1616 3024 Ecclesiae
1634 2969 1725 3023 habet
1748 2968 1891 3041 vigorem,
1915 2987 1969 3041 per
1990 2968 2153 3023 Ecclesiam
2175 2977 2275 3041 potest
2295 2969 2411 3035 mutari,

929 3067 1009 3122 etin
1035 3085 1072 3122 eo
1097 3084 1114 3120 a
1139 3066 1260 3122 domino
1279 3085 1359 3140 papa
1377 3075 1477 3139 potest
1503 3067 1678 3139 dispensari.
1698 3066 1758 3121 Sed
1781 3084 1885 3121 omnes
1908 3065 2167 3122 solemnizationes
2192 3066 2410 3139 professionum

928 3174 958 3221 et
972 3182 1075 3221 omnes
1093 3165 1252 3237 religiones
1271 3164 1481 3237 superadditae
1503 3164 1637 3237 religioni
1658 3164 1836 3219 christianae
1849 3166 1959 3219 habent
1974 3166 1985 3196 ⁸
2002 3165 2136 3236 vigorem
2157 3165 2412 3220 acontirmatione

929 3263 1090 3319 Ecclesiae.
1109 3265 1188 3335 Ergo
1207 3271 1237 3317 et
1257 3270 1366 3318 cetera.
1385 3263 1468 3317 Sicut
1487 3262 1564 3317 enim
1587 3262 1769 3317 continentia
1792 3279 1907 3333 annexa
1925 3262 2021 3317 ordini
2040 3279 2125 3317 sacro
2145 3264 2215 3317 est⁹
2241 3280 2278 3317 ex
2299 3273 2411 3317 statuto

929 3363 1089 3428 Ecclesiae,
1120 3361 1161 3416 ita
1192 3361 1281 3417 etiarn
1312 3368 1343 3415 et
1374 3360 1453 3416 dicta
1483 3358 1698 3427 solemnizatio,
1728 3368 1851 3432 propter
1882 3359 1963 3431 quod
1991 3361 2031 3414 ita
2058 3369 2159 3433 potest
2186 3360 2352 3434 dispensari
2382 3361 2411 3415 in

929 3478 987 3515 uno
1002 3462 1032 3529 ¹⁰,
1058 3460 1134 3514 sicut
1159 3459 1188 3512 in
1214 3458 1272 3512 alio
1289 3460 1316 3513 ¹¹.
1337 3458 1528 3513 -Secundo
1549 3457 1617 3529 quia
1643 3458 1724 3512 nulla
1749 3457 1947 3513 sanctificatio
1972 3458 2184 3532 cuiuscumque
2201 3459 2355 3531 religionis
2373 3461 2411 3512 ab

928 3558 1046 3613 homine
1072 3557 1218 3612 confictae
1237 3557 1328 3611 debet
1353 3555 1557 3628 praeiudicare
1583 3555 1720 3628 religioni
1745 3555 1923 3611 christianae
1955 3556 1984 3610 in
2015 3575 2075 3629 qua
2102 3557 2278 3629 imprimitur
2301 3557 2412 3629 aliquid

928 3655 1086 3711 indelebile
1099 3654 1129 3708 in
1142 3654 1248 3709 anima.
1262 3654 1322 3709 Sed
1342 3653 1367 3708 si
1387 3653 1454 3709 talis
1473 3653 1669 3709 sanctificatio
1684 3653 1840 3726 impediret
1853 3653 2070 3709 matrimonium
2089 3673 2143 3728 per
2161 3655 2242 3727 quod
2260 3656 2414 3709 tolleretur

927 3752 1111 3826 perturbatio
1132 3752 1286 3807 Ecclesiae
1305 3761 1335 3806 et
1356 3751 1508 3823 religionis
1527 3751 1714 3819 christianae,
1733 3759 1804 3806 tunc
1823 3751 2042 3824 praeiudicaret
2066 3753 2202 3824 religioni
2227 3753 2413 3807 christianae.

927 3853 1006 3922 Ergo
1031 3859 1061 3905 et
1086 3860 1194 3906 cetera.
1220 3881 1254 3890 -
1279 3849 1380 3905 Tertio
1411 3849 1481 3921 quia
1506 3849 1704 3905 sanctificatio
1736 3867 1794 3922 qua
1826 3850 1938 3923 aliquid
1954 3851 1975 3883 ¹’
2000 3851 2160 3923 deputatur
2189 3851 2281 3906 cultui
2311 3852 2414 3906 divino

928 3949 998 4005 licet
1022 3957 1168 4022 repugnet
1188 3948 1304 4003 actibus
1328 3947 1493 4014 contrariis,
1512 3947 1627 4002 scilicet
1644 3949 1664 3980 ¹³
1684 3947 1848 4003 inhonestis
1871 3961 1901 4003 et
1924 3947 2047 4015 vitiosis,
2065 3965 2125 4002 non
2146 3960 2295 4022 repugnat
2315 3960 2414 4005 umeri

929 4047 1044 4102 actibus
1076 4046 1208 4101 honestis
1239 4046 1269 4099 in
1294 4063 1365 4101 casu
1396 4045 1583 4101 necessitatis
1615 4045 1791 4100 exercendis
1823 4045 1892 4101 licet
1924 4046 1984 4101 sint
2015 4046 2188 4118 simpliciter
2217 4049 2315 4103 minus
2343 4050 2414 4103 boni

929 4163 1017 4216 quam
1059 4151 1143 4199 actus
1182 4143 1342 4215 religionis,
1373 4142 1489 4198 scilicet
1520 4151 1603 4198 actus
1635 4142 1903 4215 contemplationis,
1933 4142 2011 4199 sicut
2040 4153 2125 4217 patet
2162 4147 2243 4218 quod
2279 4147 2414 4220 episcopi

929 4251 1050 4315 propter
1081 4242 1290 4296 necessitatem
1322 4240 1541 4296 communitatis
1572 4248 1709 4297 tenentur
1740 4240 1932 4296 intermittere
1964 4251 2049 4298 actus
2086 4245 2346 4317 contemplationis
2381 4256 2415 4299 ut

928 4352 1035 4396 vacent
1066 4340 1181 4394 actibus
1212 4339 1291 4393 vitae
1323 4338 1448 4393 activae.
1474 4340 1510 4393 Et
1526 4342 1546 4371 ¹⁴
1574 4337 1732 4410 religiosus
1763 4338 1862 4406 etiam,
1889 4350 1922 4395 ut
1951 4339 2029 4395 infra
2058 4343 2182 4413 patebit,
2210 4353 2360 4397 teneretur
2382 4345 2414 4397 in

928 4439 1106 4493 necessitate
1135 4437 1228 4509 patris
1256 4436 1449 4491 intermittere
1473 4437 1680 4492 observantias
1705 4436 1858 4509 religionis
1888 4447 2011 4511 propter
2041 4439 2175 4494 laborem
2205 4458 2344 4495 manuum
2375 4441 2413 4496 ad

915 4535 1162 4590 subveniendum
1188 4535 1272 4608 patri
1298 4533 1358 4589 Sed
1384 4542 1468 4589 actus
1493 4534 1671 4589 matrimonii
1698 4543 1766 4589 sunt
1796 4544 1881 4590 actus
1911 4536 2028 4591 honesti
2044 4539 2073 4604 ¹⁸,
2104 4547 2135 4592 et
2166 4537 2235 4592 licet
2265 4556 2325 4593 non
2356 4539 2414 4594 sint
2561 4599 2574 4613 .

929 4635 970 4689 ita
1000 4635 1070 4688 boni
1102 4633 1178 4688 sicut
1209 4643 1293 4687 actus
1325 4631 1529 4704 religiosorum
1561 4632 1736 4704 simpliciter
1768 4632 1929 4705 loquendo,
1960 4643 2060 4690 tamen
2091 4635 2121 4689 in
2161 4652 2232 4690 casn
2264 4646 2366 4692 tantae
2394 4643 2398 4706 1
2435 4598 2605 4726 foffloipb

928 4731 1123 4795 necessitatis,
1154 4730 1230 4786 sicut
1259 4730 1370 4785 dictum
1404 4737 1458 4796 est,
1489 4738 1590 4784 essent
1620 4730 1716 4800 magis
1735 4730 1806 4785 boni
1837 4739 1867 4786 et
1897 4732 1994 4804 magis
2023 4734 2184 4788 necessarii
2215 4752 2303 4806 quarn
2329 4747 2414 4792 actus

929 4829 1143 4901 religiosorum.
1164 4830 1242 4900 Ergo
1261 4827 1457 4883 sanctificatio
1477 4827 1629 4898 religionis
1647 4845 1706 4882 non
1726 4828 1851 4900 impedit
1870 4829 1942 4900 quiu
1961 4829 1990 4884 in
2012 4847 2084 4886 casu
2104 4831 2171 4886 talis
2188 4834 2208 4863 '⁸
2226 4834 2414 4889 necessitatis

930 4927 1024 4998 possit
1042 4926 1207 4998 dispensari
1226 4943 1293 4980 cum
1312 4925 1453 4997 religioso
1473 4925 1553 4997 quod
1573 4927 1737 4980 contrahat.

1017 5023 1067 5078 Ad
1097 5024 1238 5078 rationem
1276 5023 1305 5077 in
1336 5023 1507 5095 oppositum
1538 5022 1698 5078 dicendum
1730 5024 1810 5095 quod
1842 5025 1922 5079 illud
1950 5027 2030 5097 quod
2063 5029 2143 5096 [non]
2178 5027 2286 5084 dicitur
2322 5031 2413 5086 Extra

929 5122 967 5176 de
985 5131 1064 5177 statu
1083 5123 1303 5187 monachorum,
1325 5122 1330 5188 Ι
1356 5119 1430 5175 Cum
1443 5120 1481 5175 ad
1494 5120 1705 5176 monasterium
1718 5125 1769 5190 (8),
1787 5139 1846 5177 uon
1866 5122 1939 5178 dicit
1958 5124 2236 5196 impossibilitatem,
2255 5127 2310 5183 sed
2328 5139 2413 5185 notat
2443 5085 2597 5214 soif'ffi,

930 5219 1144 5286 difficultatem,
1163 5219 1238 5274 sicut
1264 5218 1371 5274 dicitur
1394 5235 1453 5273 non
1478 5236 1567 5291 posse
1589 5219 1653 5273 lieri
1674 5220 1754 5292 quod
1779 5238 1837 5275 non
1864 5221 1927 5276 sine
1949 5238 2057 5294 magna
2076 5240 2167 5279 causa
2186 5233 2216 5279 et
2235 5225 2413 5282 difficultate

930 5335 1037 5389 magna
1057 5324 1157 5388 potest
1174 5316 1248 5370 lieri.

1021 5563 1097 5613 'one
1117 5559 1183 5621 SC;
1202 5559 1272 5612 add.
1291 5572 1326 5612 ,ια
1342 5577 1379 5613 m.
1394 5559 1424 5613 S.
1444 5591 1477 5600 -
1497 5559 1714 5616 ‘intermittere
1732 5562 1801 5615 odd.
1816 5561 1849 5615 C.
1869 5593 1902 5601 -
1925 5561 2148 5618 'continentiae
2162 5566 2192 5619 S.
2213 5598 2244 5605 —
2265 5571 2410 5642 ‘proprio

930 5650 959 5702 S.
980 5679 1012 5686 -
1033 5647 1194 5700 ‘veniente
1214 5646 1270 5700 SC..
1290 5678 1323 5686 --
1343 5645 1429 5702 ‘uoti
1448 5647 1517 5702 oriri.
1538 5648 1571 5703 C.
1591 5679 1623 5686 —
1654 5649 1712 5702 'ex
1732 5649 1801 5702 aaa
1823 5648 1856 5703 C.
1876 5680 1909 5688 —
1939 5648 2107 5705 'humanae
2128 5652 2161 5706 C.
2182 5685 2214 5693 —
2243 5657 2410 5711 ‘ordini-

930 5739 985 5805 est]
1005 5743 1050 5789 est
1069 5734 1164 5788 ordini
1184 5751 1269 5789 sacro
1283 5735 1316 5789 t‘.
1336 5766 1369 5775 -
1392 5736 1412 5766 ¹⁰
1424 5752 1482 5789 una
1501 5735 1535 5790 C.
1554 5767 1587 5776 -
1611 5735 1700 5789 ''aiia
1715 5735 1748 5791 C.
1768 5767 1801 5776 —
1823 5737 1846 5768 ¹³
1857 5736 1929 5808 quid
1942 5736 1976 5791 C.
1996 5768 2030 5777 —
2051 5739 2072 5770 ¹⁸
2085 5756 2140 5794 om.
2155 5741 2188 5796 C.
2209 5774 2242 5782 -
2264 5746 2283 5776 ¹⁴
2295 5753 2326 5800 et
2338 5747 2409 5802 add.

930 5824 960 5877 S.
979 5855 1013 5863 —
1036 5824 1056 5854 ¹³
1068 5831 1151 5877 actus
1171 5822 1295 5892 honesti]
1314 5822 1429 5877 bonesti
1450 5831 1534 5878 actus
1552 5822 1586 5879 C.
1606 5852 1640 5864 -
1661 5824 1683 5855 ⁸⁸
1695 5831 1795 5878 tantae
1815 5823 1848 5880 C.

1020 6028 1059 6093 (l)
1079 6025 1140 6080 Cfr.
1160 6042 1187 6096 p.
1207 6027 1269 6092 288,
1288 6041 1315 6079 n.
1334 6027 1385 6092 (2).
1406 6055 1437 6065 —
1458 6028 1498 6093 (n
1518 6023 1580 6080 Cir.
1599 6041 1628 6097 p.
1644 6027 1707 6091 tao,
1726 6042 1752 6081 ιι.
1771 6028 1820 6093 (lt
1835 6057 1869 6066 -
1889 6029 1930 6093 td)
1950 6025 2010 6082 Cfr.
2029 6045 2058 6099 p.
2077 6032 2139 6097 288,
2158 6049 2185 6085 n.
2204 6035 2253 6098 (l).
