6700 7992
1042 1419 1097 1471 290
1399 1418 1591 1474 MAGISTRI
1628 1418 1849 1475 GODEFRIDI
1877 1419 1929 1475 DE
1958 1420 2156 1478 FONTIBUS

1044 1596 1216 1684 aliquibus
1241 1599 1468 1665 exterioribus
1493 1599 1629 1666 actibus
1653 1623 1692 1668 se
1723 1600 1917 1668 immiscere
1941 1601 2001 1687 qui
2035 1624 2106 1668 non
2137 1613 2219 1669 sunt
2249 1603 2329 1670 mali
2354 1605 2448 1688 (licet
2472 1606 2517 1670 ad

1043 1715 1164 1780 horam
1194 1718 1397 1782 abstrahant
1421 1719 1465 1781 ab
1490 1716 1663 1802 aliquibus
1687 1717 1823 1784 actibus
1855 1719 2161 1805 contemplationis
2192 1732 2226 1786 et
2256 1720 2417 1802 caritatis
2446 1744 2518 1788 non

1043 1842 1158 1897 tamen
1184 1833 1372 1897 excludunt
1400 1833 1600 1915 caritatem),
1625 1833 1731 1900 immo
1759 1835 1862 1900 etiam
1888 1834 1921 1900 in
1947 1846 2113 1921 quantum
2138 1836 2226 1902 fiunt
2249 1850 2392 1923 propter
2416 1838 2520 1904 dilec-

1042 1947 1172 2013 tionem
1209 1949 1274 2015 Dei
1310 1962 1344 2016 et
1378 1949 1524 2036 proximi
1559 1950 1661 2016 etiam
1698 1951 1810 2040 magis
1849 1950 2013 2018 meritorii
2051 1951 2256 2035 efficiuntur,
2289 1953 2380 2020 sicut
2415 1954 2518 2021 etiam

1043 2078 1180 2150 oportet
1210 2067 1384 2151 praelatos
1416 2066 1638 2133 intermittere
1672 2067 1861 2153 aliquando
1897 2070 1984 2135 tales
2020 2079 2118 2135 actus
2154 2070 2459 2156 contemplationis
2484 2082 2519 2137 et

1043 2203 1204 2249 exercere
1235 2193 1333 2249 actus
1369 2183 1557 2250 exteriores
1593 2195 1734 2269 propter
1758 2185 2000 2251 necessitatem
2034 2186 2165 2271 populi,
2190 2186 2247 2271 qui
2284 2199 2426 2273 propter
2449 2189 2518 2252 hoc

1043 2322 1113 2364 nttn
1150 2299 1310 2365 dicuntur
1334 2300 1618 2386 imperfectiores
1643 2298 1725 2385 quia
1753 2301 1916 2367 adhunc
1952 2312 2079 2367 statum
2114 2302 2266 2391 religiosi
2291 2303 2393 2368 etiam
2423 2325 2518 2368 assu-

1042 2427 1190 2480 muntur.
1227 2416 1374 2482 Constat
1410 2415 1512 2482 etiam
1547 2418 1642 2501 quod
1679 2417 1839 2482 manibus
1875 2417 2011 2503 operari
2045 2419 2148 2483 etiam
2183 2418 2217 2483 in
2253 2418 2421 2503 religione
2446 2441 2517 2484 non

1042 2531 1176 2597 dicetur
1200 2554 1290 2618 opus
1321 2532 1561 2618 imperfectum
1586 2532 1746 2620 religioni
1774 2534 1960 2621 derogans,
1986 2534 2091 2599 immo
2116 2537 2184 2600 hoc
2215 2536 2358 2600 multum
2385 2535 2519 2601 videtur

1042 2647 1273 2737 inreligiosis
1298 2650 1626 2726 commendandum,
1653 2650 1734 2735 quia
1759 2650 1861 2715 etiam
1886 2639 1959 2716 hoc
1983 2651 2102 2716 docuit
2126 2652 2329 2736 Apostolus.
2355 2651 2518 2717 Similiter

1041 2764 1143 2830 etiam
1184 2765 1300 2830 cibum
1339 2787 1461 2851 parare
1500 2776 1534 2832 et
1569 2766 1724 2831 infirmos
1763 2788 1909 2852 pascere
1949 2766 1984 2831 in
2023 2767 2192 2854 religione
2231 2790 2303 2832 non
2340 2779 2519 2853 reputatur

1041 2881 1292 2967 imperfectum.
1318 2882 1508 2965 Quomodo
1533 2904 1617 2970 ergo
1642 2883 1671 2947 si
1696 2882 1880 2970 religiosus
1905 2882 2022 2949 sciens
2046 2897 2153 2949 artem
2179 2906 2368 2969 perquam
2393 2883 2518 2970 poterit

1041 2999 1184 3063 multum
1209 2999 1332 3063 lucrari
1350 3010 1492 3085 propter
1508 2999 1796 3065 sustentationem
1819 2999 1972 3084 parentis
1989 3001 2093 3065 vellet
2112 3000 2168 3065 illa
2185 2999 2233 3064 uti
2251 3000 2329 3064 etsi
2347 2999 2427 3065 velit
2444 3000 2518 3065 aliis

1041 3115 1205 3200 operihus
1227 3114 1363 3200 pietatis
1385 3115 1565 3181 intendere
1586 3115 1678 3180 circa
1697 3100 1840 3201 patrem,
1859 3138 1901 3181 ex
1922 3118 1992 3182 hoc
2009 3115 2246 3202 imperfectius
2263 3137 2369 3201 agere
2385 3115 2519 3182 dicetur

1041 3233 1094 3296 tel
1120 3233 1284 3297 recedere
1310 3233 1353 3296 ab
1390 3231 1446 3296 illa
1481 3231 1708 3318 deputatione
1743 3254 1933 3317 perquam
1970 3254 2032 3317 per
2066 3233 2208 3297 modum
2237 3232 2418 3297 cuiusdam
2444 3231 2518 3296 reli·

1040 3347 1155 3434 gionis
1180 3347 1214 3412 in
1240 3347 1333 3414 dicta
1357 3347 1634 3414 sanctificatione
1659 3347 1784 3413 (licitur
1808 3347 1926 3413 divino
1944 3348 2051 3413 cultui
2077 3349 2289 3434 deputatus?
2314 3349 2440 3412 Nonne
2465 3360 2518 3412 est

1041 3463 1179 3529 (livinus
1215 3465 1328 3528 cultus
1363 3478 1496 3549 patrem
1531 3465 1729 3530 honorare?
1765 3465 1836 3530 Sed
1872 3466 1960 3529 haec
1995 3463 2075 3530 licet
2110 3464 2306 3549 pertineant
2335 3465 2379 3528 ad
2415 3464 2516 3528 aliam

1041 3580 1281 3664 quaestionem
1307 3582 1350 3646 de
1374 3583 1582 3646 honorando
1608 3592 1770 3667 parentes
1795 3593 1917 3646 contra
1941 3593 2167 3666 praeceptum
2193 3581 2345 3666 praelati,
2369 3591 2518 3665 possunt

1040 3707 1154 3762 tamen
1194 3697 1350 3783 adaptari
1386 3699 1430 3762 ad
1462 3697 1678 3783 propositum
1711 3697 1744 3761 in
1776 3709 1943 3780 ‹piantum
1975 3697 2026 3761 sic
2064 3697 2301 3762 sanctificatus
2333 3707 2366 3761 et
2398 3696 2516 3760 (livino

1041 3813 1147 3877 cultui
1164 3825 1197 3878 et
1214 3835 1276 3899 per
1291 3814 1394 3879 talem
1406 3811 1584 3901 religionis
1601 3813 1841 3880 habitudinem
1859 3815 2056 3898 deputatus,
2071 3836 2141 3877 non
2161 3814 2344 3896 elongatur
2361 3836 2379 3876 a
2398 3812 2516 3877 divino

1040 3931 1146 4007 (ulto,
1167 3931 1310 3995 eumad
1331 3928 1397 3994 Dei
1424 3931 1592 3994 honorem
1614 3941 1647 3994 et
1667 3929 1847 3993 Ecclesiae
1868 3903 2046 3994 utilitatem
2076 3929 2174 4014 ponit
2203 3952 2240 3993 se
2261 3930 2305 3993 ad
2333 3950 2423 4013 opm
2444 3950 2514 3992 non

987 4094 988 4098 ,
1039 4048 1167 4111 malum
1203 4047 1265 4111 sed
1296 4047 1426 4110 honum
1459 4056 1492 4111 et
1522 4047 1708 4109 honestum
1740 4045 1819 4110 licet
1850 4046 2044 4109 secuudum
2080 4069 2118 4110 se.
2153 4045 2267 4109 nrinus
2299 4046 2441 4123 honum,
2474 4067 2516 4107 ex

1040 4163 1162 4228 ordine
1194 4174 1308 4227 tamen
1344 4164 1389 4227 ad
1424 4162 1528 4226 linem
1559 4161 1671 4226 nutius
1703 4163 1844 4225 honum.
1874 4161 2114 4227 Sanctilicatio
2143 4161 2233 4225 enim
2262 4160 2440 4245 religionis
2472 4161 2516 4224 ab

1039 4279 1180 4345 homine
1218 4278 1390 4344 confictae
1431 4300 1502 4343 non
1541 4277 1756 4364 praeiudicat
1794 4277 2060 4342 sanctificationi
2093 4277 2270 4362 religionis
2306 4276 2515 4340 christianae

1039 4395 1247 4481 praedictae.
1280 4395 1413 4460 Omnes
1443 4393 1534 4460 enim
1568 4392 1756 4480 religiones
1784 4393 1955 4478 speciales
1980 4406 2061 4458 sunt
2086 4416 2155 4458 una
2180 4392 2302 4480 religio
2327 4391 2515 4457 christiana

1038 4534 1104 4577 nec
1128 4523 1209 4577 sunt
1233 4511 1420 4598 religiones
1446 4531 1547 4575 verae
1571 4509 1636 4573 nisi
1663 4509 1753 4573 illius
1779 4508 2042 4593 participatione
2074 4522 2107 4574 et
2138 4509 2172 4573 in
2197 4508 2439 4573 conformitate
2471 4509 2515 4572 ael

1037 4627 1140 4708 illam,
1171 4629 1252 4713 quia
1282 4628 1316 4693 in
1348 4625 1622 4692 accidentalibus
1651 4625 1860 4710 ‹prihusdam
1891 4647 1981 4709 quae
2012 4626 2262 4710 superaddunt,
2283 4624 2446 4688 differunt
2469 4625 2514 4688 ah

876 5765 942 5820 cod.
956 5766 982 5820 V

844 5835 894 5892 fol.
908 5840 961 5892 ‘tea
974 5837 1015 5894 Ra

1037 4746 1094 4810 illa
1118 4757 1151 4810 et
1176 4744 1277 4810 etiam
1302 4744 1390 4810 inter
1413 4766 1461 4808 se.

1126 4863 1205 4927 Non
1235 4862 1397 4926 obstante
1422 4880 1506 4947 ergo
1527 4858 1804 4923 sanctificatione
1830 4870 1970 4943 propter
1999 4858 2178 4923 utilitatem
2208 4857 2314 4921 totius
2335 4857 2515 4922 Ecclesiae

1037 4990 1152 5073 potest
1175 4977 1248 5041 sieri
1272 4975 1488 5061 dispensatio
1508 4975 1543 5040 in
1564 4986 1645 5039 voto
1670 4974 1818 5039 solemni
1839 4973 2084 5038 continentiae.
2105 4975 2184 5038 Non
2209 4973 2299 5038 enim
2326 4985 2378 5038 est
2401 4972 2515 5058 magis

1037 5093 1274 5159 sanctificatus
1299 5094 1410 5158 lactus
1435 5091 1619 5178 religiosus
1644 5113 1746 5175 quam
1779 5092 1956 5170 sacerdos,
1987 5102 2021 5155 et
2052 5113 2121 5154 non
2148 5102 2296 5173 negatur
2326 5088 2407 5174 quin
2434 5111 2513 5152 cnm

1037 5211 1218 5276 sacerdote
1239 5208 1349 5295 possit
1368 5207 1572 5293 dispensari.
1599 5208 1688 5273 Cum
1713 5206 1804 5271 enirn
1830 5206 1864 5272 in
1889 5205 1991 5270 honis
2016 5207 2210 5272 secundum
2235 5229 2273 5271 se
2298 5205 2389 5271 etin
2414 5204 2513 5269 malis

1037 5327 1231 5392 secundum
1263 5349 1301 5390 se
1328 5325 1434 5390 modo
1466 5346 1536 5408 quo
1561 5323 1691 5388 <lictum
1723 5334 1785 5402 est,
1811 5324 1913 5387 cadat
1944 5322 2170 5408 dispensati),
2201 5321 2283 5387 talia
2315 5332 2395 5386 sunt
2423 5343 2514 5406 quae

1036 5443 1117 5510 licet
1154 5442 1223 5507 sint
1246 5443 1341 5506 laona
1364 5441 1558 5506 secundum
1597 5462 1635 5504 se
1672 5439 1726 5503 vel
1764 5440 1855 5503 mala
1890 5449 1926 5503 ut
1957 5438 1991 5502 in
2026 5438 2194 5524 pluribus,
2224 5448 2305 5503 sunt
2332 5448 2449 5502 tamen
2480 5436 2514 5501 in

1037 5581 1122 5625 casu
1157 5560 1251 5623 hona
1288 5579 1378 5642 quae
1411 5556 1446 5622 in
1477 5555 1634 5641 pluribus
1670 5556 1760 5619 mala
1794 5566 1827 5620 et
1858 5554 1892 5619 in
1924 5576 2008 5619 casu
2042 5555 2133 5619 mala
2164 5576 2253 5639 quae
2291 5553 2325 5619 in
2358 5553 2514 5639 pluribus

1036 5678 1140 5742 hona.
1173 5675 1215 5740 Et
1245 5674 1325 5740 talia
1356 5683 1437 5739 sunt
1468 5694 1558 5758 quae
1589 5693 1662 5737 non
1694 5682 1776 5735 sunt
1805 5671 1849 5736 de
1878 5671 1950 5736 iure
1977 5670 2096 5736 divino
2122 5671 2177 5735 vel
2206 5671 2249 5735 de
2276 5670 2350 5735 iure
2369 5681 2514 5735 naturae

1038 5805 1074 5858 ut
1109 5790 1220 5880 prima
1250 5788 1421 5878 principia
1451 5800 1484 5854 et
1509 5786 1756 5856 conclusiones
1788 5788 1832 5853 dc
1862 5786 2000 5852 necessi
2032 5790 2036 5871 ἱ
2069 5798 2138 5852 tate
2169 5808 2211 5851 ex
2242 5786 2292 5852 eis
2315 5796 2514 5875 sequenteS,
