6700 7992
1356 1434 1531 1489 TERTIUM
1560 1435 1859 1505 QUODLlBETUM,
1888 1435 1924 1504 Q.
1954 1434 1993 1488 lv
2367 1439 2421 1488 309

1029 1611 1077 1665 Ad
1102 1611 1173 1665 illud
1198 1629 1270 1682 ergo
1296 1611 1333 1665 de
1358 1610 1505 1683 passione,
1531 1611 1687 1666 dicendum
1714 1612 1793 1682 quod
1813 1612 1862 1665 illa
1882 1613 1981 1684 passio
2002 1632 2058 1666 non
2080 1622 2124 1666 est
2144 1613 2284 1667 naturalis
2303 1623 2332 1666 et
2352 1613 2419 1667 ideo

937 1725 998 1761 non
1019 1707 1116 1778 arguit
1134 1707 1287 1761 materiam
1306 1724 1371 1761 esse
1391 1707 1510 1778 proprie
1530 1708 1559 1761 in
1579 1708 1700 1778 angelis.
2317 1709 2324 1722 ‘

1029 1804 1076 1858 Ad
1097 1802 1175 1858 aliud
1194 1811 1276 1875 patet
1296 1820 1332 1856 ex
1352 1802 1446 1869 dictis,
1461 1803 1529 1875 quia
1548 1803 1576 1857 in
1596 1803 1710 1875 angelis
1729 1823 1786 1858 non
1806 1813 1932 1874 negatur
1950 1805 2073 1858 materia
2094 1823 2169 1876 quae
2189 1815 2234 1859 est
2253 1807 2417 1861 subiectum

938 1900 1053 1955 formae
1082 1899 1281 1964 accidentalis
1310 1900 1362 1953 sed
1391 1907 1516 1970 negatur
1543 1900 1666 1953 materia
1694 1918 1769 1971 quae
1795 1901 1855 1954 sit¹
1881 1901 2045 1955 subiectum
2076 1900 2188 1955 formae
2217 1902 2418 1957 substantialis

938 2013 1015 2068 quae
1036 1995 1154 2068 proprie
1173 1996 1296 2050 materia
1315 1995 1429 2050 dicitur.

1025 2092 1073 2145 Ad
1105 2093 1278 2146 rationem³
1308 2091 1508 2162 principaliter
1539 2091 1576 2144 ad
1609 2091 1810 2162 quaestionem
1840 2091 2020 2144 inductam³
2049 2092 2204 2146 dicendum
2234 2094 2314 2165 quod
2345 2092 2417 2148 illud

937 2197 1141 2262 argumentum
1161 2188 1190 2240 in
1210 2205 1326 2242 omnem
1347 2195 1484 2241 eventurn
1503 2205 1561 2240 non
1584 2188 1670 2241 valet.
1698 2187 1775 2257 Quia
1797 2205 1851 2242 nec
1875 2188 2012 2258 ponendo
2036 2189 2281 2260 compositionem
2302 2207 2368 2243 esse
2388 2197 2418 2243 et

937 2285 1093 2350 essentiae,
1121 2301 1176 2338 nec
1205 2281 1344 2354 ponendo
1367 2282 1611 2353 compositionem
1635 2281 1748 2336 formae
1777 2292 1806 2336 et
1835 2283 1976 2337 materiae
1998 2283 2212 2354 subterfugitur
2232 2263 2307 2338 illud
2332 2303 2417 2356 argu-

936 2390 1076 2446 mentum,
1106 2379 1173 2452 quia
1201 2380 1248 2434 hic
1277 2396 1335 2432 uon
1364 2378 1576 2433 concluditur*
1609 2377 1645 2431 de
1677 2378 1892 2450 compositione
1922 2379 2071 2432 essentiae
2099 2397 2164 2434 cum
2194 2380 2262 2444 alio,
2293 2380 2346 2433 sed
2378 2380 2416 2434 de

935 2476 1154 2548 compositione
1173 2476 1220 2529 vel
1241 2476 1278 2529 de
1297 2474 1485 2546 simplicitate
1505 2475 1650 2528 essentiae
1674 2475 1702 2527 in
1725 2493 1765 2528 se.
1789 2475 1819 2527 Si
1842 2475 1919 2529 enim
1942 2476 2120 2546 compositio
2142 2494 2207 2529 cum
2229 2476 2286 2529 alio
2306 2476 2416 2531 suflicit

936 2573 974 2627 ad
1000 2574 1056 2626 hoc
1085 2574 1089 2641 1
1118 2572 1197 2643 quod
1223 2572 1351 2626 essentia
1377 2580 1528 2625 creaturae
1554 2570 1672 2624 recedat
1698 2587 1714 2622 a
1740 2570 1928 2642 simplicitate
1952 2572 2016 2635 Dei,
2038 2579 2107 2624 tunc
2130 2570 2279 2625 susticeret
2305 2590 2415 2643 ponere

936 2669 964 2723 in
997 2668 1128 2740 qualibet
1160 2676 1293 2722 creatura
1325 2677 1442 2738 praeter
1472 2667 1665 2720 substantiam
1699 2666 1818 2737 aliquod
1851 2666 1989 2720 accidens
2024 2683 2089 2721 cum
2122 2685 2180 2738 quo
2212 2676 2414 2739 componatur,

936 2765 1048 2835 absque
1075 2766 1130 2819 hoc
1156 2763 1236 2835 quod
1262 2772 1387 2835 ponatur
1412 2762 1588 2834 compositio
1615 2781 1650 2815 ex
1676 2780 1743 2815 esse
1768 2776 1797 2815 et
1822 2762 1949 2815 essentia
1977 2763 2024 2815 rel
2047 2781 2082 2815 ex
2109 2765 2231 2815 materia
2257 2774 2287 2816 et
2312 2763 2413 2818 forma.

935 2862 971 2915 Et
998 2861 1066 2914 ideo
1091 2861 1175 2914 aliter
1200 2858 1357 2913 dicendum
1384 2858 1462 2929 quod
1488 2875 1622 2912 recessus
1648 2877 1664 2912 a
1690 2858 1879 2928 simplicitate
1904 2857 2003 2911 divina
2031 2875 2089 2910 non
2116 2868 2161 2910 est
2190 2877 2242 2929 per
2270 2877 2414 2930 aggrega·

934 2957 1046 3010 tionem
1075 2955 1201 3027 plurium
1230 2972 1334 3018 rerum,
1363 2954 1492 3025 alioquin
1521 2953 1615 3007 forma
1644 2955 1690 3007 rel
1718 2972 1777 3006 non
1806 2953 1959 3007 recederet
1984 2971 1999 3005 a
2026 2953 2214 3025 simplicitate
2242 2954 2341 3007 divina
2367 2955 2413 3009 vel

934 3061 1015 3107 esset
1035 3054 1199 3125 composita
1220 3051 1340 3105 ulterius
1363 3069 1398 3104 ex
1421 3050 1568 3121 aliquibus
1590 3050 1721 3120 pluribus
1743 3059 1773 3103 et
1796 3049 1885 3102 iretur
1904 3049 1932 3102 in
1953 3049 2104 3102 inlinitum.
2127 3049 2306 3119 Sequeretur
2324 3052 2412 3104 etiam

935 3148 1015 3219 quod
1041 3148 1111 3202 illud
1137 3148 1232 3218 magis
1255 3147 1406 3201 recederet
1429 3165 1445 3199 a
1468 3146 1655 3217 simplicitate
1682 3146 1781 3198 <lirina
1803 3144 1883 3216 qnod
1903 3153 1982 3198 esset
2001 3164 2036 3197 ex
2057 3145 2188 3215 pluribus
2208 3147 2414 3216 compositum,

933 3253 963 3297 et
982 3244 1024 3298 sic
1045 3244 1221 3298 elementum
1247 3244 1372 3314 simplex
1397 3244 1491 3296 mimis
1517 3243 1668 3296 recederet
1694 3261 1709 3294 a
1735 3241 1923 3312 simplicitate
1949 3240 2048 3293 diviua
2072 3259 2157 3310 quam
2181 3241 2278 3306 homo,
2298 3250 2412 3295 etcum

934 3357 1070 3394 recessus
1098 3340 1192 3394 maior
1220 3357 1236 3392 a
1265 3339 1362 3393 divina
1392 3339 1579 3410 simplicitate
1608 3339 1698 3391 faciat
1727 3338 1869 3409 aliquid{
1895 3336 1989 3390 minus
2019 3335 2190 3407 perfectum,
2218 3339 2305 3390 homo
2334 3345 2413 3393 esset

935 3435 1030 3491 minus
1050 3435 1223 3507 perfectus⁶
1243 3454 1329 3506 quam
1351 3453 1453 3507 purum
1474 3436 1660 3488 elementum.
1682 3435 1716 3487 Et
1736 3435 1803 3487 ideo
1824 3433 1978 3486 dicendum
2002 3432 2081 3503 quod
2104 3432 2151 3485 ille
2174 3451 2317 3498 recessus,
2337 3433 2413 3487 sicut

934 3531 1007 3585 alias
1036 3532 1145 3585 dictum
1175 3540 1228 3591 est,
1257 3549 1313 3584 non
1343 3542 1387 3585 est
1412 3531 1561 3584 includere
1587 3531 1720 3584 diversas
1747 3547 1794 3583 res
1820 3530 1873 3582 sed
1898 3529 2049 3582 includere
2075 3528 2319 3599 potentialitatem
2346 3547 2412 3583 cum

933 3627 1105 3683 actualitate
1123 3626 1271 3682 defectiva
1292 3628 1319 3679 in
1339 3626 1442 3680 eadem
1463 3644 1495 3680 re
1515 3625 1664 3697 simplici³
1685 3634 1823 3696 quantum
1844 3625 1882 3677 ad
1902 3625 2146 3695 compositionem
2167 3625 2283 3677 realem.

1496 3993 1761 4063 Quaestio
1800 3992 1848 4045 ιν

1589 4158 1753 4203 ‹unumst-

1069 4334 1178 4388 L'trum
1198 4333 1302 4385 auium
1323 4337 1463 4403 separata
1485 4334 1612 4386 retinent
1632 4338 1725 4385 totam
1745 4352 1805 4386 esse
1824 4352 1882 4402 qao
1900 4334 2000 4386 exr'stit
2020 4337 2097 4385 tolus
2116 4329 2201 4385 homo
2220 4337 2268 4400 (l).

1020 4587 1128 4640 Postea
1148 4588 1344 4656 quaerebatur
1369 4585 1405 4639 de
1431 4595 1534 4639 natura
1561 4587 1694 4647 humana,
1718 4596 1746 4639 et
1769 4587 1864 4657 primo
1888 4588 2084 4656 quaerebatur
2104 4605 2190 4641 unum
2212 4596 2351 4658 quantum
2372 4587 2410 4642 ad

929 4682 1066 4746 annnam,
1086 4691 1114 4735 et
1134 4690 1179 4735 est
1198 4689 1292 4735 utrum
1314 4681 1409 4734 anima
1429 4691 1565 4752 separata
1584 4681 1709 4735 retineat
1729 4690 1821 4735 totum
1841 4701 1908 4736 esse
1931 4701 1989 4753 quo
2012 4683 2110 4737 existit
2134 4693 2212 4737 totus
2234 4685 2322 4737 bomo
2343 4701 2408 4738 cunr

928 4785 975 4831 est
997 4777 1093 4830 anima
1121 4778 1237 4848 corpori
1267 4777 1431 4831 coniuncta.
1461 4778 1497 4830 Et
1526 4776 1665 4830 videtur⁸
1692 4777 1771 4848 quod
1796 4778 1848 4844 sic,
1874 4779 1941 4849 quia
1968 4778 2045 4832 aliud
2068 4788 2097 4833 et
2123 4780 2202 4833 aliud
2224 4799 2290 4835 esse
2313 4780 2410 4853 arguit

929 4873 1016 4926 aliam
1037 4882 1065 4926 et
1085 4873 1171 4926 aliam
1192 4874 1357 4926 essentiam.
1383 4872 1444 4926 Sed
1470 4873 1566 4926 anima
1591 4874 1747 4927 coniuncta
1770 4883 1799 4927 et
1823 4885 1960 4944 separata
1980 4885 2025 4928 est
2045 4876 2148 4930 eadem
2168 4896 2220 4948 per
2242 4880 2408 4933 essentiam.

928 4970 1007 5040 Ergo
1028 4969 1106 5022 idem
1126 4987 1191 5023 esse
1211 4970 1300 5022 habet
1319 4977 1456 5040 separata
1479 4969 1583 5039 quod⁹
1604 4969 1733 5050 habebat
1755 4970 1920 5024 coniuncta.
1941 4972 2001 5025 Sed
2022 4972 2117 5025 anima
2141 4973 2296 5027 coniuncta
2319 4976 2408 5029 babet

928 5083 995 5119 esse
1015 5083 1068 5136 per
1089 5065 1159 5140 illud
1179 5083 1244 5118 esse
1271 5084 1328 5136 quo
1355 5074 1434 5119 totus
1460 5066 1547 5119 homo
1574 5065 1662 5119 habet
1689 5083 1763 5131 esse,
1786 5066 1853 5136 quia
1874 5067 1950 5120 idem
1972 5077 2016 5121 est
2036 5086 2102 5121 esse
2122 5068 2212 5122 totins
2233 5078 2262 5123 et
2282 5070 2407 5142 partium

928 5162 957 5213 in
978 5170 1049 5214 toto.
1070 5162 1147 5231 Ergo
1167 5170 1197 5214 et
1216 5170 1323 5215 cetera.
1347 5234 1349 5239 Ι

1019 5258 1137 5310 Contra.
1157 5257 1246 5327 Quod
1266 5257 1403 5311 convenit
1423 5257 1476 5310 toti
1497 5274 1550 5330 per
1568 5274 1609 5324 se,
1629 5274 1686 5310 non
1707 5264 1805 5329 potest
1824 5259 1983 5312 convenire
2003 5260 2086 5331 parti.
2102 5260 2162 5314 Sed
2181 5278 2250 5316 esse
2270 5261 2408 5317 convenit

927 5370 980 5423 per
1008 5370 1040 5406 se
1069 5353 1124 5423 ipsi
1145 5352 1299 5424 supposito
1325 5353 1401 5407 sicut
1426 5362 1455 5407 et
1481 5369 1578 5424 agere.
1599 5353 1677 5424 Ergo
1697 5370 1763 5407 esse
1786 5353 1865 5424 quod
1884 5361 1930 5408 est
1949 5355 2038 5408 totius
2057 5355 2142 5409 huius
2162 5358 2307 5429 suppositi
2329 5357 2408 5429 quod

926 5456 972 5502 est
992 5448 1089 5516 home,
1110 5467 1213 5518 perse
1233 5467 1291 5501 non
1311 5457 1410 5520 potest
1430 5449 1588 5504 convenire
1608 5449 1663 5503 soli
1684 5450 1808 5503 animae.

1019 5719 1084 5768 ¹est
1105 5719 1137 5770 C.
1158 5748 1190 5755 -
1212 5716 1311 5786 ’quae
1331 5718 1399 5768 aaa
1421 5717 1452 5770 C.
1475 5749 1506 5755 —
1526 5717 1755 5771 uadducebatur
1775 5721 1806 5772 t'.
1828 5752 1859 5758 —
1883 5721 2053 5790 ¹‹praeritur
2073 5722 2106 5774 (ζ
2181 5723 2270 5775 ⁵esse
2289 5723 2359 5776 artat.
2374 5722 2407 5778 C.

927 5835 960 5842 —
984 5802 1175 5874 “perfectum
1197 5804 1228 5857 (ἶ.
1251 5836 1258 5841 -
1278 5836 1282 5842 ‹
1305 5806 1313 5835 ἵ
1333 5804 1493 5875 simplicius
1515 5806 1546 5858 (ἱ
1568 5837 1599 5844 -
1621 5808 1631 5835 ’¹
1650 5806 1780 5874 arguitur
1800 5808 1832 5860 cf,
1856 5839 1885 5847 -
1907 5813 1917 5837 ⁰
1937 5825 2023 5878 qnam
2043 5809 2076 5864 (ἵ

1015 6036 1055 6099 (l)
1075 6032 1134 6095 Cir.
1155 6051 1203 6103 pp.
1226 6037 1349 6086 lau-lut.
