6700 7992
1035 1436 1085 1489 154
1398 1432 1590 1495 MAGISTRI
1618 1431 1838 1487 GODEFRIDI
1867 1431 1919 1485 DE
1947 1430 2146 1487 FONTIBUS

1033 1615 1102 1680 hoc
1129 1635 1202 1680 non
1229 1612 1401 1702 contingit
1428 1635 1471 1681 ex
1499 1612 1575 1701 ipsa
1601 1611 1740 1678 actione
1765 1612 1821 1678 vel
1848 1610 2041 1677 intentione
2068 1610 2164 1676 avari
2190 1610 2258 1677 nisi
2282 1613 2425 1677 multum
2449 1634 2512 1699 per

1034 1729 1210 1812 accidens,
1229 1729 1309 1815 quia
1324 1750 1390 1796 nec
1414 1729 1583 1816 pecunias
1600 1727 1802 1814 acquirebat
1818 1749 1885 1794 nec
1909 1729 2143 1794 conservabat
2159 1738 2197 1793 ut
2213 1726 2510 1795 distribuerentur.

1034 1846 1078 1911 Et
1093 1845 1175 1913 ideo
1191 1845 1269 1912 talis
1286 1845 1482 1912 distributio
1499 1867 1662 1931 sequenS,
1681 1853 1757 1910 esto
1774 1844 1870 1929 quod
1886 1845 1981 1910 bona
2005 1842 2058 1920 sit,
2080 1842 2164 1909 nihil
2189 1842 2274 1910 facit
2296 1844 2342 1909 ad
2365 1843 2511 1910 diminu-

1032 1960 1163 2028 tionem
1195 1961 1344 2027 malitiae
1374 1961 1478 2042 avari,
1511 1963 1574 2028 sed
1604 1982 1647 2027 ex
1676 1959 1753 2046 ipsa
1784 1958 1922 2026 actione
1955 1958 2094 2048 prodigi
2122 1970 2385 2045 consequuntur
2415 1959 2512 2027 multi

1033 2078 1158 2145 multas
1182 2077 1357 2158 utilitateS,
1382 2077 1464 2162 quia
1488 2077 1562 2143 eius
1587 2076 1679 2144 actio
1703 2085 1756 2142 est
1780 2074 1873 2140 dare.

1602 2585 1843 2672 Quaestio
1868 2586 1954 2652 xnr.

1148 2841 1292 2918 Utrum
1320 2839 1440 2915 liceat
1467 2839 1678 2941 religiosos
1706 2839 1897 2914 inducere
1922 2840 2064 2916 divi-'tes
2092 2842 2147 2915 ud
2174 2841 2404 2944 eligendum

1193 2972 1518 3073 sepulturarum
1548 2972 1792 3048 coetrzeteriis
1818 2974 1879 3048 uel
1907 2973 1950 3048 in
1980 2973 2171 3050 claustris
2199 3001 2346 3050 eorum.

1124 3330 1262 3396 Deinde
1298 3329 1390 3395 circa
1430 3328 1638 3415 pertinentia
1670 3330 1714 3394 ad
1747 3329 1919 3414 quosdam
1942 3329 2103 3395 homines
2135 3329 2332 3415 specialiter
2369 3342 2404 3397 et
2442 3333 2512 3397 hoc

1034 3445 1224 3532 respectu¹
1248 3444 1405 3532 eorporis
1429 3443 1572 3510 humani
1595 3444 1800 3530 sepeliendi,
1825 3447 2083 3529 quaerebantur
2107 3447 2279 3530 quaedam
2303 3446 2513 3532 pertinentia

1035 3562 1079 3627 ad
1107 3561 1302 3650 religiosos
1328 3561 1500 3647 quaedam
1524 3560 1733 3647 pertinentia
1757 3561 1801 3625 ad
1826 3562 2031 3626 sacerdotes
2059 3573 2208 3627 curatos.
2238 3561 2340 3629 Circa
2365 3562 2514 3648 primum

1035 3679 1267 3764 quaerebatur
1299 3699 1417 3757 unum,
1451 3686 1563 3742 utrum
1595 3676 1727 3743 scilicet
1757 3676 1860 3742 liceat
1891 3676 2074 3765 religiosos
2107 3677 2274 3744 inducere
2306 3677 2430 3744 divites
2468 3678 2514 3743 ad

1034 3794 1235 3882 eligendum
1275 3794 1488 3878 sepulturam
1519 3792 1555 3858 in
1587 3792 1805 3859 coemeteriis
1837 3793 1918 3858 vell
1949 3793 2109 3858 claustris
2148 3814 2278 3859 eorum.
2314 3794 2358 3859 Et
2393 3815 2515 3881 argue·

1033 3912 1135 3976 batur
1158 3910 1254 3995 quod
1278 3930 1350 3974 non
1377 3908 1480 3974 liceat
1507 3908 1680 3997 religiosis
1707 3908 1874 3975 inducere
1903 3907 2028 3975 divites
2055 3910 2100 3974 ad
2128 3911 2197 3975 hoc
2227 3921 2263 3975 ut
2290 3908 2324 3974 in
2353 3909 2513 3975 claustris

1034 4048 1153 4094 eorum
1193 4025 1324 4114 eligant
1361 4025 1585 4110 sepulturam,
1628 4024 1709 4109 quia
1747 4024 1831 4090 illud
1869 4025 1963 4110 quod
2003 4025 2153 4110 pertinet
2187 4025 2231 4089 ad
2271 4025 2514 4111 acceptionem

1034 4163 1263 4230 personarum
1295 4152 1329 4207 et
1360 4140 1405 4206 ad
1433 4139 1657 4227 cupiditatem
1690 4152 1724 4206 et
1755 4163 1817 4226 per
1848 4141 1943 4224 quod
1975 4140 2225 4206 defraudantur
2254 4141 2289 4205 hi
2317 4140 2375 4226 qui
2402 4140 2514 4206 maius

1034 4259 1165 4323 habent
1195 4256 1250 4322 ius
1282 4256 1316 4322 in
1349 4257 1528 4343 sepultura
1559 4255 1677 4321 talium
1710 4267 1744 4321 et
1773 4254 1809 4320 in
1840 4255 1943 4320 bonis
1975 4276 2106 4336 eorum,
2149 4266 2201 4322 est
2236 4255 2400 4322 illicitum.
2441 4255 2514 4323 Sed

1033 4373 1201 4441 inducere
1217 4371 1340 4438 divites
1364 4371 1561 4459 specialiter
1577 4384 1610 4438 et
1634 4392 1706 4437 non
1724 4391 1909 4457 pauperes,
1934 4373 2003 4437 hoc
2027 4370 2177 4457 pertinet
2201 4372 2245 4436 ad
2270 4370 2513 4458 acceptionem

1034 4510 1263 4577 personarum
1291 4498 1325 4555 et
1356 4488 1401 4553 ad
1433 4487 1666 4575 cupiditatem.
1700 4489 1767 4554 Per
1796 4489 1866 4553 hoc
1897 4487 1999 4553 etiam
2032 4488 2282 4554 defraudantur
2313 4488 2514 4573 frequenter

1035 4605 1238 4672 sacerdotes
1261 4603 1490 4690 parochiales.
1516 4604 1635 4688 Quare
1659 4613 1693 4670 et
1716 4613 1841 4669 cetera.

875 4720 981 4776 cod.v
1125 4722 1266 4787 Contra.
1291 4720 1377 4785 Illud
1406 4719 1443 4785 fit
1470 4717 1700 4786 communiter
1724 4740 1744 4783 a
1770 4718 1850 4783 viris
1882 4721 1886 4804 1
1919 4717 2090 4807 religiosis
2116 4718 2175 4803 qui
2201 4717 2281 4784 iusti
2309 4729 2343 4784 et
2367 4717 2514 4803 perfecti

843 4792 894 4847 fol.
908 4795 958 4848 ²⁷1
972 4792 1015 4847 Va
1035 4836 1197 4902 videntur
1213 4835 1268 4902 vel
1286 4844 1511 4921 reputantur3
1536 4836 1605 4901 hoc
1630 4846 1747 4900 autem
1763 4856 1835 4900 non
1860 4834 2017 4900 facerent
2041 4834 2070 4899 si
2095 4845 2189 4900 esset
2204 4833 2369 4900 illicitum.
2394 4834 2513 4917 Quare

1037 4963 1071 5020 et
1087 4963 1212 5019 cetera.

1124 5067 1340 5154 Respondeo
1364 5066 1583 5133 dicendum...
1610 5067 1648 5132 ln
1672 5065 1760 5132 libro
1784 5065 1950 5157 magistri.

1128 6047 1136 6078 ¹
1151 6043 1266 6101 videtur
1284 6044 1315 6102 P.
1336 6076 1368 6084 -
1388 6043 1441 6100 'in
1454 6043 1523 6098 add.
1543 6043 1574 6101 P.
