6700 7992
1368 1470 1519 1554 lernou
1548 1473 1847 1569 Quommaruu,
1876 1499 1912 1570 Q.
1942 1499 1967 1552 v
2372 1479 2404 1551 rs

928 1699 970 1742 co
981 1689 1165 1757 inoscunt3
1183 1678 1334 1744 viatores
1352 1678 1455 1744 etiam
1475 1680 1588 1744 Deum
1606 1678 1887 1766 cognoscentes¹
1907 1677 1939 1743 in
1958 1676 2166 1766 aenigmate,
2183 1677 2297 1762 ipsum
2314 1677 2405 1742 sub2

928 1795 1126 1860 huiusmodi
1152 1795 1353 1873 rationibus,
1380 1795 1459 1860 licet
1484 1794 1597 1859 minus
1622 1793 1784 1859 distincte
1809 1805 1843 1859 et
1859 1793 1973 1858 minus
1990 1794 2154 1878 perfecte,
2171 1805 2403 1879 cognoscunt.

1020 1913 1211 1986 Praeterea,
1242 1910 1408 1994 quicquid
1433 1921 1485 1974 est
1510 1910 1543 1974 in
1569 1910 1647 1975 Deo
1672 1921 1726 1975 est
1750 1909 1932 1990 infinitum,
1961 1921 1995 1975 et
2027 1921 2080 1975 est
2104 1930 2222 1986 unum,
2247 1908 2403 1993 simplex,

927 2039 962 2090 et
985 2026 1119 2091 realiter
1146 2026 1381 2091 indistinctum
1402 2025 1421 2089 ³.
1442 2026 1535 2113 Ergo
1553 2028 1618 2089 sub
1636 2026 1730 2090 nulla
1747 2024 1882 2091 ratione
1899 2036 2015 2110 potest
2031 2024 2100 2090 dici
2117 2024 2214 2090 Deus
2231 2025 2403 2110 cognosci

928 2163 1018 2225 quae
1035 2164 1107 2205 non
1124 2141 1167 2205 sit
1191 2142 1334 2220 infinita,
1360 2153 1394 2205 et
1418 2163 1507 2224 quae
1532 2163 1604 2206 non
1629 2141 1671 2205 sit
1696 2140 1832 2207 realiter
1856 2139 1921 2205 id⁴
1944 2140 2058 2225 ipsum
2083 2161 2160 2205 cum
2182 2161 2404 2226 quacumque

928 2257 1003 2333 alia,
1032 2257 1111 2322 licet
1141 2258 1174 2321 in
1206 2257 1406 2322 huiusmodi
1439 2257 1632 2321 rationibus
1664 2256 1842 2322 distinctio
1870 2256 1986 2341 aliqua
2014 2268 2164 2341 ponatur
2195 2277 2257 2341 per
2288 2269 2402 2320 actum

928 2373 1070 2437 rationis
1087 2373 1340 2457 simplicitatem
1359 2373 1424 2437 Dei
1449 2373 1493 2436 ad
1518 2373 1668 2456 aliquam
1694 2372 1929 2440 diversitatem
1946 2372 1981 2437 in
2006 2372 2172 2438 creaturis
2189 2372 2403 2439 conferentis

928 2501 961 2553 et
989 2488 1224 2573 comparantis
1243 2488 1263 2552 ⁵.
1294 2488 1336 2553 Et
1371 2489 1565 2553 secundum
1592 2491 1660 2553 lroc
1688 2487 1840 2553 infinitas
1865 2509 1909 2553 eo
1937 2489 2044 2554 modo
2069 2509 2139 2572 quo
2163 2487 2247 2553 dicit
2274 2488 2403 2572 aliquid

928 2607 971 2669 ad
1001 2602 1250 2690 perfectionem
1280 2604 1344 2669 Dei
1378 2604 1565 2688 pertinens,
1599 2615 1632 2669 et
1659 2603 1796 2670 realiter
1819 2604 1911 2669 idem
1940 2602 2094 2669 existens
2118 2625 2198 2668 cum
2223 2603 2301 2689 ipso
2325 2604 2404 2669 Deo

928 2734 961 2786 et
978 2742 1057 2785 cum
1074 2741 1294 2804 quacumque
1312 2719 1376 2784 alia
1402 2720 1585 2784 rationein
1611 2721 1700 2798 De0,
1717 2720 1945 2807 cognoscitur
1969 2741 1990 2784 a
2013 2740 2235 2805 quocumque
2252 2719 2403 2785 divinam

928 2834 1114 2902 essentiam
1147 2846 1398 2920 cognoscente.
1432 2836 1474 2900 Et
1502 2836 1531 2900 si
1563 2847 1705 2920 propter
1734 2836 1804 2900 hoc
1835 2835 2007 2901 diceretur
2035 2834 2180 2901 scientia
2208 2857 2276 2920 qua
2307 2835 2405 2900 Deus

927 2952 1154 3039 cognoscitur
1181 2948 1324 3030 infinita,
1353 2972 1424 3016 non
1453 2962 1574 3035 posset
1602 2950 1772 3037 cognosci
1801 2953 1897 3016 Deus
1929 2951 2124 3016 secundum
2153 2972 2253 3016 suam
2285 2972 2404 3016 essen·

928 3067 1008 3132 tiam
1027 3081 1059 3132 et
1077 3078 1233 3132 naturam
1259 3066 1325 3131 nisi
1350 3066 1496 3132 scientia
1512 3066 1655 3146 infinita,
1674 3066 1769 3151 quod
1794 3079 1846 3132 est
1870 3066 2016 3146 falsum;
2041 3065 2123 3152 quia
2148 3087 2226 3133 cum
2251 3065 2404 3131 infinitas

927 3182 961 3247 in
988 3182 1140 3247 essentia
1164 3182 1280 3246 divina
1304 3203 1376 3247 non
1396 3183 1503 3247 addat
1527 3182 1677 3266 aliquam
1701 3204 1784 3262 rem,
1810 3194 1978 3266 quantum
2002 3181 2188 3270 cognoscit
2211 3181 2335 3267 aliquis
2360 3183 2405 3248 de

928 3300 1016 3374 Deo,
1041 3309 1173 3362 tantum
1199 3297 1384 3385 cognoscit
1412 3299 1456 3363 de
1480 3298 1554 3363 eius
1579 3298 1760 3363 infinitate.
1784 3297 1827 3363 Et
1858 3298 1949 3364 sicut
1972 3296 2097 3364 dicitur
2129 3297 2224 3382 quod
2253 3297 2405 3364 essentia

929 3414 1055 3492 divina,
1091 3435 1181 3497 quae
1213 3424 1266 3479 est
1305 3414 1477 3498 quaedam
1516 3413 1669 3479 infinitas
1709 3413 1783 3480 sive
1815 3413 1992 3498 quoddam
2033 3413 2181 3502 pelagus
2221 3413 2404 3493 infinitum,

928 3529 1155 3617 cognoscitur
1181 3531 1247 3594 sub
1275 3529 1391 3614 aliqua
1418 3528 1553 3595 ratione
1580 3529 1685 3609 linita,
1710 3529 1865 3596 similiter
1892 3529 1995 3596 etiam
2019 3541 2072 3595 est
2096 3528 2284 3595 dicendum
2309 3530 2405 3615 quod

927 3645 1078 3711 infinitas
1110 3645 1226 3710 divina
1258 3645 1485 3732 cognoscitur
1516 3647 1582 3710 sub
1613 3645 1747 3712 ratione
1778 3645 1885 3711 finita.
1918 3646 1989 3713 Sed
2021 3666 2100 3711 cum
2131 3645 2219 3711 ratio
2246 3645 2343 3711 finita
2371 3658 2405 3712 et

928 3761 1060 3826 infinita
1092 3760 1160 3826 sint
1191 3761 1396 3841 contrariae,
1424 3761 1620 3826 secundum
1651 3761 1722 3827 hoc
1753 3773 1870 3846 potest
1897 3760 1981 3847 poni
2021 3761 2117 3846 quod
2145 3761 2243 3827 Deus
2271 3760 2306 3826 in
2338 3783 2403 3827 sua

929 3876 1081 3942 essentia
1114 3877 1157 3942 de
1188 3877 1287 3941 cuius
1320 3875 1454 3941 ratione
1494 3888 1546 3943 est
1577 3875 1730 3942 infinitas
1749 3875 1770 3957 ⁶,
1803 3876 1989 3943 aeternitas
2029 3886 2063 3942 et
2094 3886 2211 3942 cetera
2229 3875 2251 3956 ⁷,
2285 3888 2404 3963 aperte

928 3992 1095 4072 videatur,
1129 4004 1163 4057 et
1194 3992 1347 4057 similiter
1377 3991 1454 4077 ipsa
1485 3991 1637 4057 infinitas
1670 4003 1704 4058 et
1736 3992 1923 4059 aeternitas
1955 3991 2096 4072 divina3
2129 4002 2163 4058 et
2193 4004 2309 4059 tamen
2338 3994 2404 4058 sub

928 4107 1062 4173 ratione
1087 4107 1183 4173 linita
1207 4109 1262 4172 vel
1286 4107 1440 4193 speciali,
1466 4129 1557 4193 quae
1581 4107 1721 4193 quidem
1746 4107 1845 4174 ποηΒ
1868 4108 1912 4173 sit
1927 4107 2003 4174 eius
2027 4108 2221 4174 secundum
2247 4129 2286 4175 se
2310 4109 2405 4174 etad

928 4223 1003 4288 eius
1029 4223 1279 4308 perfectionem
1303 4223 1505 4309 simpliciter
1528 4223 1707 4309 pertinens
1726 4223 1747 4304 ⁰,
1765 4223 1933 4302 videatur,
1958 4223 2040 4309 quia
2063 4224 2156 4289 nulla
2172 4223 2250 4289 talis
2275 4223 2310 4288 in
2327 4225 2405 4290 Deo
2473 4263 2476 4271 ·

928 4359 1007 4404 esse
1031 4347 1157 4423 potest.

1017 4453 1119 4520 Circa
1142 4453 1322 4539 praedicta
1347 4454 1449 4520 etiam
1467 4466 1521 4520 est
1544 4454 1809 4542 intelligendum
1834 4454 1939 4539 quod,
1956 4454 2037 4522 licet
2061 4455 2256 4521 secundum
2278 4456 2405 4521 Dama·

927 4590 1071 4634 scenum
1090 4571 1136 4652 (1)
1168 4569 1310 4635 nomine
1342 4569 1408 4635 Dei
1436 4569 1647 4658 intelligatur
1674 4570 1812 4637 realiter
1839 4570 2016 4655 quoddam
2045 4571 2193 4659 pelagus
2221 4570 2404 4652 infinitum,

928 4706 970 4750 ex
1004 4686 1072 4749 lroc
1101 4695 1216 4750 tamen
1249 4706 1320 4750 non
1353 4686 1500 4750 habetur
1532 4686 1627 4769 quod
1665 4687 1790 4751 eadem
1818 4684 1861 4750 sit
1900 4684 1987 4750 ratio
2018 4684 2155 4752 deitatis
2183 4687 2344 4753 absolute
2371 4698 2406 4753 et

927 4800 1014 4865 ratio
1046 4800 1224 4866 infinitatis
1253 4819 1366 4880 'suae3
1402 4800 1493 4866 sicut
1524 4800 1626 4867 etiam
1659 4801 1719 4886 qui
1750 4800 1834 4868 dicit
1865 4801 1979 4866 Deum
2017 4800 2100 4866 dicit
2131 4801 2308 4886 quoddam
2340 4823 2404 4868 ens

927 4925 1116 4996 aetemum‚
1134 4930 1168 4982 et
1191 4928 1308 4983 tamen
1332 4938 1404 4983 non
1428 4929 1482 4982 est
1506 4917 1629 4982 eadem
1646 4916 1734 4982 ratio
1752 4915 1777 4952 ¹⁰
1800 4915 1937 4982 deitatis
1962 4927 1996 4982 et
2019 4916 2242 4983 aeternitatis.
2264 4917 2308 4983 Et
2323 4917 2404 4984 ideo

926 5053 999 5097 non
1017 5041 1133 5117 potest
1157 5031 1322 5098 concludi
1338 5032 1434 5117 quod
1458 5032 1517 5117 qui
1540 5032 1641 5118 ponit
1664 5033 1779 5098 Deum
1804 5054 1884 5099 esse
1908 5032 2105 5099 subiectum
2129 5032 2275 5100 alicuius
2292 5033 2404 5100 scien·

925 5148 994 5213 tiae
1026 5149 1091 5212 sub
1123 5148 1258 5215 ratione
1289 5148 1437 5228 deitatis
1470 5148 1545 5214 sive
1576 5150 1642 5213 sub
1675 5148 1810 5214 ratione
1842 5149 2013 5230 absoluta,
2037 5160 2148 5234 ponat
2178 5148 2293 5235 ipsum
2325 5170 2403 5216 esse

926 5262 1122 5328 subiectum
1154 5266 1220 5329 sub
1252 5263 1387 5329 ratione
1419 5263 1618 5343 infinitatis3
1653 5264 1717 5330 sed
1748 5285 1868 5329 verum
1898 5277 1951 5330 est
1979 5265 2075 5349 quod
2106 5276 2140 5331 et
2167 5263 2254 5330 ratio
2278 5264 2344 5330 ista
2369 5276 2405 5331 et

926 5377 1014 5443 aliae
1030 5379 1184 5444 rationes
1202 5379 1235 5443 in
1254 5379 1313 5444 tali
1336 5379 1496 5445 subiecto
1514 5379 1652 5445 realiter
1666 5378 1903 5460 includuntur,
1921 5391 1954 5444 et
1978 5379 2022 5445 de
2047 5379 2124 5464 ipso
2141 5379 2404 5468 cognoscibiles

1016 5681 1024 5711 ¹
1037 5679 1132 5733 Deum
1152 5682 1378 5750 cognoscentes]
1392 5688 1608 5751 cognoscentes
1621 5680 1717 5734 Deum
1731 5681 1762 5734 P.
1776 5712 1809 5720 —
1820 5680 1832 5711 ²
1843 5679 1908 5734 istis
1920 5679 1951 5734 P.
1966 5711 1999 5720 —
2009 5681 2021 5713 ⁸
2031 5679 2200 5736 distincmm
2210 5680 2242 5735 P.
2255 5712 2289 5721 -
2303 5683 2313 5714 ⁴
2323 5680 2362 5741 ad
2371 5681 2403 5736 P.

926 5797 959 5805 -
973 5768 984 5798 ⁶
996 5766 1148 5837 operantis
1159 5766 1191 5820 P.
1211 5798 1245 5806 -
1258 5767 1270 5797 ⁰
1282 5774 1312 5821 et
1329 5767 1399 5821 add.
1413 5767 1444 5820 P.
1461 5799 1493 5806 -
1513 5768 1600 5822 ⁷cum
1619 5768 1649 5821 P.
1668 5800 1700 5807 -
1718 5768 1817 5822 ⁸ratio
1836 5768 1893 5821 PV.
1909 5799 1943 5808 -
1963 5768 2161 5839 ⁹pertinentis
2176 5768 2208 5823 P.
2222 5800 2247 5810 -
2278 5768 2356 5824 ¹⁰bis
2368 5767 2404 5826 V.

1014 6019 1053 6081 (ll
1081 6015 1254 6069 Iohannis
1277 6015 1499 6069 Damasceni
1521 6015 1566 6068 De
1585 6015 1649 6087 fide
1671 6015 1843 6079 orthodoxa,
1861 6015 1879 6069 l.
1899 6015 1921 6082 1,
1941 6019 1997 6069 c.9
2017 6016 2059 6082 (P.
2080 6015 2126 6083 G.‚
2146 6016 2203 6071 vol.
2222 6018 2266 6086 94,
2284 6035 2313 6090 p.
2328 6020 2403 6087 836).

923 6094 1006 6153 ‘Olor
1023 6101 1075 6172 γὰρ
1093 6098 1119 6154 ἐν
1137 6099 1223 6170 ἑαυτῷ
1240 6093 1379 6153 συλλαὸὼν
1397 6096 1454 6172 ἔχει
1471 6101 1502 6155 τὸ
1521 6099 1593 6162 εἶναι,
1613 6098 1668 6154 οἷόν
1687 6118 1713 6154 τι
1730 6096 1849 6172 πέλαγος
1867 6097 1957 6162 odola<
1975 6097 2084 6172 ἄπειρον
2101 6102 2150 6155 καὶ.
2163 6100 2294 6172 ἀόρατον.
