6700 7992
1248 1389 1420 1443 TERTIUM
1452 1388 1750 1459 Qtttrtrtrttttl'llfftt,
1779 1390 1815 1458 Q.
1845 1388 1856 1441 l
2241 1384 2293 1432 303

810 1566 813 1576 “
860 1557 863 1561 ’
904 1563 1043 1618 Secundo
1062 1564 1212 1619 sciendum
1233 1570 1294 1619 est¹
1315 1566 1483 1637 ‹puniens’
1502 1584 1557 1619 non
1578 1575 1622 1619 est
1642 1583 1748 1619 nomen
1768 1564 1925 1618 univocum
1945 1560 2224 1625 omnihusentibus
2236 1574 2293 1612 nec

813 1661 894 1714 entia
916 1661 1059 1732 specialia
1080 1679 1112 1714 se
1132 1662 1239 1716 hahent
1261 1663 1296 1716 ad
1322 1666 1392 1715 ens⁵
1411 1663 1485 1716 sicut
1508 1664 1623 1734 species
1643 1662 1874 1716 determinantes
1894 1660 1999 1731 ipsum,
2021 1658 2075 1712 sed
2100 1657 2195 1727 magis
2217 1657 2293 1709 sicut

814 1758 983 1828 significata
1003 1758 1066 1812 eius
1086 1758 1172 1812 etiam
1193 1777 1285 1829 nsque
1306 1760 1341 1812 ad
1362 1760 1573 1831 specialissima
1587 1759 1805 1823 descendendo,
1819 1758 1886 1829 quia
1903 1774 2020 1829 semper
2033 1772 2127 1826 genus
2147 1763 2192 1807 est
2211 1762 2294 1808 extra

814 1855 997 1911 intellectum
1018 1856 1093 1909 illius
1113 1873 1165 1926 per
1185 1856 1263 1926 quod
1283 1857 1491 1911 determinatur
1510 1857 1546 1910 ad
1566 1857 1705 1928 speciem,
1721 1857 1796 1910 sicut
1816 1855 1922 1909 animal
1944 1863 1989 1908 est
2008 1862 2091 1909 extra
2111 1851 2293 1906 intellectum
2349 1858 2352 1865 '

814 1953 978 2007 rationalis
1001 1954 1060 2007 Ens
1083 1961 1180 2007 autem
1203 1971 1260 2007 non
1284 1963 1381 2025 potest
1404 1972 1469 2008 esse
1492 1964 1573 2008 extra
1596 1955 1776 2008 intellectum
1800 1953 1923 2006 alicuius
1942 1952 2002 2016 rei;
2022 1961 2052 2005 et
2071 1951 2140 2004 ideo
2160 1966 2212 2003 ens
2233 1965 2294 2001 non

816 2050 888 2105 dicit
908 2050 1019 2121 aliquid
1038 2069 1126 2104 unum
1145 2051 1232 2104 etiam
1252 2052 1411 2105 secundum
1433 2051 1609 2105 intellectum
1630 2052 1666 2104 de
1688 2052 1823 2104 omnihus
1842 2052 1938 2103 rebus.
1954 2049 2017 2103 Nec
2038 2059 2136 2102 tamen
2156 2055 2202 2100 est
2220 2062 2294 2118 pure

816 2149 1021 2218 aequivocum,
1044 2148 1096 2202 sed
1119 2149 1283 2218 analogum.
1307 2149 1381 2201 Nam
1405 2150 1479 2202 inter
1501 2149 1578 2202 entia
1604 2159 1648 2202 est
1674 2148 1818 2218 quaedam
1843 2148 1979 2219 analogia
2002 2155 2032 2200 et
2053 2143 2207 2216 proportio
2230 2143 2294 2197 sive

815 2245 889 2300 ordo
909 2245 986 2299 etin
1007 2245 1132 2299 essendo
1152 2254 1181 2298 et
1201 2247 1229 2298 in
1249 2245 1451 2313 significandO,
1474 2246 1541 2316 quia
1561 2256 1589 2299 et
1609 2246 1638 2299 in
1657 2263 1724 2299 esse
1743 2254 1773 2299 et
1793 2245 1821 2299 in
1840 2244 2001 2316 significari
2025 2242 2171 2314 quaedam
2191 2259 2293 2295 eorum

815 2342 988 2414 dependent
1010 2343 1047 2396 ab
1070 2343 1142 2396 aliis.

906 2441 948 2493 Ex
972 2440 1016 2493 his
1038 2448 1140 2511 patent
1163 2440 1229 2493 duo.
1253 2441 1378 2493 Primum
1399 2441 1541 2512 estquod
1564 2458 1621 2494 nnn
1644 2441 1686 2493 sic
1711 2445 1779 2493 est*
1803 2439 1977 2510 accipienda
1998 2438 2165 2491 ditierentia
2185 2454 2293 2490 causae

814 2537 928 2610 primae
949 2538 986 2591 ad
1006 2556 1053 2591 res
1073 2547 1195 2601 creatas,
1210 2538 1288 2608 quod
1302 2556 1388 2590 unum
1403 2555 1503 2590 eorum
1518 2538 1596 2592 dicat
1610 2549 1721 2591 tantum
1736 2555 1802 2591 esse
1816 2539 1928 2608 alisque
1948 2537 2141 2589 determinata
2163 2537 2295 2589 ratione⁵

815 2635 955 2690 entitatis
975 2637 1068 2688 Immo
1089 2635 1239 2706 quodlibet
1259 2653 1357 2688 eorum
1372 2635 1442 2688 dicit
1456 2635 1605 2688 entitatem
1626 2635 1836 2689 determinatae
1857 2635 1986 2687 rationis.
2001 2635 2075 2687 Nam
2097 2633 2189 2704 prima
2203 2650 2293 2687 causa

815 2750 875 2787 non
895 2741 940 2786 est
960 2732 1134 2786 universalis
1154 2733 1181 2784 in
1205 2731 1402 2803 praedicando
1425 2732 1499 2785 sicut
1523 2734 1615 2802 ipsum
1639 2750 1802 2790 commune.
1825 2732 1878 2785 sed
1902 2732 1928 2784 in
1954 2732 2092 2785 creando.
2118 2732 2152 2784 Et
2177 2731 2244 2784 ideo
2264 2730 2292 2783 in

813 2830 910 2902 prima
939 2846 1028 2883 causa
1048 2829 1188 2883 dehemus
1208 2830 1371 2900 intelligere
1396 2833 1400 2897 Ι
1426 2830 1504 2900 quod
1524 2831 1560 2882 sit
1589 2848 1654 2882 esse
1684 2848 1747 2882 curn
1778 2831 1863 2900 plena
1894 2829 2078 2900 perfectione
2108 2828 2225 2882 essendi
2255 2829 2317 2882 ad·
2348 2827 2453 2881 cod.C

814 2927 974 2982 creandum
1003 2927 1101 2980 omnia
1111 2928 1130 2990 ⁶,
1158 2945 1215 2979 non
1245 2936 1341 2980 antem
1368 2927 1446 2997 quod
1468 2927 1508 2980 ibi
1533 2927 1570 2980 sit
1592 2946 1658 2981 esse
1683 2936 1795 2981 tantum
1823 2929 1936 2997 absque
1958 2927 2153 2987 determinata
2179 2926 2293 2980 ratione
2326 2898 2426 2951 ‘⁰¹¹95
2439 2899 2481 2951 Rb

816 3025 943 3079 essendi.
970 3025 1147 3089 Secundum,
1171 3024 1249 3094 quod
1272 3024 1301 3077 in
1323 3042 1417 3077 rerum
1445 3033 1547 3078 natura
1572 3043 1629 3077 non
1654 3034 1700 3077 est
1722 3025 1833 3095 aliquid
1858 3025 1887 3076 in
1910 3026 1998 3077 relius
2023 3026 2131 3077 creatis
2154 3023 2234 3095 quod
2256 3024 2293 3077 sit

815 3130 930 3176 tantum
950 3139 1016 3175 esse
1035 3139 1090 3175 nec
1109 3129 1139 3175 ut
1159 3122 1346 3192 participans,
1366 3139 1421 3175 nec
1439 3131 1470 3175 ut
1489 3122 1694 3192 participatum
1721 3127 1724 3189 ζ
1751 3123 1830 3191 quod
1850 3123 1887 3175 sit
1907 3122 2031 3176 etiectns
2051 3122 2137 3193 primi
2160 3122 2244 3187 entis
2263 3130 2293 3175 et
2351 3116 2452 3169 coiis

815 3219 874 3274 alia
893 3219 1013 3291 agentia
1032 3229 1152 3272 causent
1173 3219 1315 3272 essentias
1334 3226 1472 3289 quantum
1493 3219 1529 3272 ad
1550 3218 1667 3282 formas,
1688 3219 1755 3289 quia
1774 3220 1844 3272 nihil
1864 3230 1909 3273 est
1929 3220 1956 3272 in
1977 3237 2072 3272 rerum
2095 3229 2199 3272 natura
2213 3220 2293 3290 quod
2325 3186 2374 3240 sol·
2388 3190 2424 3241 ⁴2
2437 3188 2478 3239 Ἣ

814 3334 904 3389 super
923 3334 989 3370 esse
1009 3316 1142 3370 absolute
1168 3319 1172 3384 1
1198 3316 1306 3369 dictum
1326 3333 1383 3369 non
1403 3316 1491 3370 addat
1512 3317 1637 3387 aliquam
1658 3316 1880 3370 determinatam
1901 3317 2044 3369 rationem
2064 3317 2192 3370 essendi.
2352 3307 2455 3394 ⁰04P

906 3414 961 3468 His
984 3414 1153 3484 praemissis
1178 3413 1391 3467 ostendendum
1413 3422 1457 3467 est
1477 3413 1555 3483 quod
1575 3415 1702 3467 essentia
1726 3423 1755 3466 et
1778 3415 1868 3467 esse³
1888 3432 1946 3467 non
1969 3415 2069 3468 dieunt
2090 3415 2224 3469 diversas
2245 3434 2294 3469 res
2315 3379 2365 3432 Μ’
2382 3382 2433 3432 1⁰2
2448 3380 2490 3431 ν’

814 3513 903 3567 etiam
918 3512 947 3565 in
960 3512 1110 3566 creaturis,
1125 3511 1160 3564 Et
1180 3512 1234 3563 hoc
1250 3511 1422 3564 ostendetur
1441 3511 1536 3582 primo
1551 3520 1689 3581 quattuor
1709 3511 1888 3565 rationibus⁸
1907 3514 2032 3583 sumptis
2052 3530 2087 3565 ex
2104 3523 2188 3583 parte
2207 3515 2293 3585 entis,

814 3619 844 3664 et
857 3618 925 3681 post
940 3627 996 3662 una
1010 3609 1142 3662 ratione⁹
1161 3616 1276 3679 sumpta
1290 3626 1325 3661 ex
1346 3616 1429 3678 parte
1449 3607 1671 3678 compositionis
1686 3626 1772 3678 qnam
1793 3608 1934 3665 iacerent.
1954 3610 1977 3661 si
1998 3621 2098 3663 essent
2119 3611 2243 3664 diversa.
2259 3645 2292 3652 -

815 3707 914 3760 Prima
927 3707 993 3759 talis
1007 3715 1059 3759 est.
1075 3707 1132 3759 Ens
1147 3706 1241 3758 minus
1261 3707 1349 3757 hahet
1370 3706 1478 3758 addere
1498 3725 1584 3776 quam
1605 3725 1702 3760 unum.
1717 3725 1781 3759 cum
1801 3707 1876 3759 ratio
1896 3708 1971 3759 entis
1992 3708 2199 3762 includaturin
2214 3713 2292 3763 omui

814 3805 947 3869 ratione3
966 3820 1025 3856 non
1044 3803 1086 3856 sic
1107 3803 1181 3855 ratio
1201 3803 1286 3856 unius
1306 3820 1380 3873 quae
1410 3820 1441 3855 se
1472 3803 1561 3855 habet
1590 3803 1693 3855 saltem
1714 3803 1750 3855 ad
1770 3803 1913 3856 rationem
1933 3804 2009 3856 entis
2029 3822 2081 3874 per
2101 3806 2292 3860 additionem.

815 3901 977 3956 Sedunum
991 3918 1048 3952 non
1064 3899 1145 3953 addit
1161 3899 1269 3970 aliquid
1290 3900 1368 3952 reale
1388 3917 1476 3970 super
1496 3900 1652 3953 essentiam
1667 3900 1730 3953 eius
1745 3900 1782 3953 de
1797 3918 1854 3970 quo
1875 3901 1989 3954 dicitur.
2006 3903 2082 3969 Ergo
2102 3921 2156 3956 nec
2171 3921 2224 3958 ens
2237 3923 2293 3959 nec

814 4017 869 4070 per
888 4015 1073 4068 consequens
1093 4014 1157 4050 esse
1178 4015 1194 4049 a
1215 4014 1272 4066 quo
1293 4014 1344 4049 ens
1364 3996 1477 4050 dicitur.
1491 4029 1524 4036 —
1539 3998 1676 4051 Secunda
1691 3998 1757 4051 talis
1770 4008 1823 4051 est.
1838 3999 2005 4052 Secundum
2021 4000 2231 4072 Philosophum
2244 4007 2293 4070 (ll,

814 4103 920 4167 quarto
935 4095 1164 4165 Metaphysicae,
1178 4112 1230 4148 ens
1243 4103 1272 4147 et
1285 4112 1372 4147 unum
1393 4102 1459 4148 sunt
1478 4112 1566 4147 unum
1588 4095 1661 4147 inter
1674 4114 1707 4148 se
1722 4095 1789 4166 quia
1808 4095 1879 4148 nihil
1899 4096 2011 4150 addunt
2031 4098 2117 4152 tertio
2132 4099 2178 4153 cui
2192 4099 2293 4154 adiun-

814 4201 922 4266 guntur
931 4194 958 4244 ³⁰.
967 4191 1054 4247 Unde
1067 4192 1227 4245 secundum
1243 4192 1346 4262 ipsum,
1357 4192 1443 4244 homo
1455 4194 1483 4258 ¹¹,
1495 4210 1547 4246 ens
1560 4193 1657 4254 horno,
1668 4203 1698 4246 et
1711 4211 1785 4246 unns
1798 4195 1886 4247 horno
1897 4212 1954 4246 non
1967 4195 2067 4249 dicunt
2078 4197 2157 4250 uliud
2170 4206 2199 4251 et
2213 4198 2293 4253 aliud

814 4291 868 4346 sed
888 4290 917 4343 id
938 4290 1042 4361 ipsum.
1062 4289 1122 4342 Sed
1141 4289 1196 4342 hoc
1217 4306 1274 4341 non
1294 4298 1373 4342 esset
1392 4289 1417 4341 si
1437 4306 1489 4342 ens
1509 4289 1632 4342 adderet
1652 4290 1780 4361 aliquam
1801 4309 1861 4344 rem
1882 4308 1972 4361 super
1991 4296 2149 4347 essentiam
2171 4294 2235 4348 eius
2255 4296 2292 4349 de

815 4405 875 4458 quo
895 4387 1001 4441 dicitur
1015 4404 1074 4441 ens.
1089 4387 1167 4455 Ergo
1181 4394 1210 4439 et
1229 4394 1336 4440 cetera.
1352 4386 1495 4440 —Tertia
1516 4387 1582 4440 tulis
1595 4396 1649 4449 est,
1663 4396 1692 4441 et
1706 4397 1751 4440 est
1765 4389 1839 4441 ratio
1855 4389 2103 4443 Conrmentatoris
2113 4395 2152 4456 (⁸2)
2173 4392 2292 4447 ibidem.

812 4484 1051 4556 Unumquodque
1074 4493 1123 4536 aut
1146 4491 1190 4536 est
1212 4501 1264 4537 ens
1286 4501 1338 4554 per
1360 4484 1516 4537 essentiam
1539 4502 1620 4537 suam
1648 4484 1710 4539 sive
1736 4503 1789 4555 per
1811 4503 1842 4538 se
1866 4494 1915 4539 aut
1938 4504 1991 4557 per
2014 4487 2124 4558 aliquid
2151 4489 2291 4544 additum.

813 4582 846 4637 Si
865 4600 919 4654 per
938 4581 1048 4652 aliquid
1069 4580 1209 4649 additum,
1229 4581 1265 4634 de
1285 4581 1335 4635 illo
1355 4589 1511 4651 quaeretur
1529 4598 1582 4652 per
1602 4582 1670 4652 quid
1690 4592 1819 4639 esteris:
1838 4591 1867 4636 et
1887 4583 1912 4636 si
1931 4592 1976 4637 est
1995 4603 2047 4638 ens
2067 4604 2174 4657 perse,
2188 4587 2293 4641 eadem

813 4679 929 4734 ratione
942 4678 1077 4732 standum
1093 4687 1155 4732 erat
1169 4678 1196 4731 in
1218 4679 1311 4748 primo
1325 4678 1462 4748 ponendo
1477 4678 1556 4748 quod
1575 4679 1700 4750 primum
1715 4689 1778 4733 erat
1792 4697 1844 4733 ens
1864 4698 1917 4751 per
1930 4699 1971 4734 se.
1991 4682 2022 4736 Si
2043 4693 2140 4737 autem
2155 4684 2193 4737 ad
2206 4686 2262 4738 hoc
2274 4687 2294 4717 ¹¹

813 4784 942 4849 ponatur
968 4776 1048 4846 quod
1071 4775 1143 4828 illud
1156 4776 1186 4821 ¹³.
1199 4775 1236 4828 sit
1258 4793 1310 4828 ens
1332 4794 1386 4845 per
1411 4775 1498 4841 aliud,
1527 4776 1567 4829 ita
1592 4775 1680 4829 etiam
1708 4777 1762 4830 erit
1778 4780 1798 4808 ¹⁴
1821 4778 1858 4832 de
1883 4778 1933 4832 illo
1959 4779 2025 4845 alio,
2045 4788 2074 4833 et
2099 4780 2153 4833 init
2178 4781 2208 4835 in
2231 4783 2294 4836 inti·

813 4873 914 4928 nitum.
937 4872 1121 4943 Relinquitur
1147 4889 1218 4941 ergo
1244 4872 1322 4942 quod
1348 4873 1577 4944 unumquodque
1603 4873 1640 4926 sit
1667 4892 1720 4927 ens
1742 4892 1796 4944 per
1818 4893 1849 4929 se
1873 4885 1902 4930 et
1924 4894 1983 4929 non
2006 4895 2059 4948 per
2081 4878 2209 4949 aliquam
2232 4899 2293 4934 rem

813 4970 944 5026 additam
970 4978 999 5025 et
1025 4970 1067 5024 sic
1092 4969 1224 5040 sequitur
1251 4969 1327 5023 idem
1353 4969 1432 5040 quod
1458 4971 1546 5041 prius.
1570 5002 1601 5010 —
1626 4972 1740 5041 Quarta
1765 4972 1832 5026 talis
1857 4983 1910 5028 est.
1933 4974 2048 5029 Nomen
2071 4985 2240 5031 concretum
2264 4986 2294 5032 et

813 5086 923 5123 nornen
945 5069 1125 5122 abstractum
1148 5076 1176 5121 et
1200 5068 1319 5121 verbum
1342 5085 1400 5123 non
1423 5067 1522 5122 dicunt
1545 5069 1678 5122 diversas
1698 5087 1754 5133 res,
1774 5071 1850 5125 sicut
1869 5081 1951 5142 patet
1970 5072 2008 5126 de
2019 5075 2039 5105 ¹³
2057 5073 2141 5128 istis:
2164 5092 2294 5142 currens,

906 5384 914 5414 ¹
927 5381 1079 5436 sciendum
1094 5389 1139 5435 est
1158 5399 1213 5435 orn.
1229 5381 1260 5436 C.
1275 5412 1307 5419 -
1323 5381 1425 5450 ’quod
1439 5384 1500 5450 ens}
1521 5400 1575 5435 om.
1590 5382 1629 5441 S;
1648 5385 1717 5436 add.
1736 5397 1770 5437 aa
1789 5403 1825 5438 m.
1840 5388 1868 5437 S.
1891 5418 1916 5424 -
1930 5387 1941 5417 ³
1954 5404 2110 5443 commune
2128 5392 2198 5444 add.
2212 5392 2244 5445 C.
2260 5425 2293 5432 -

813 5470 879 5525 ⁴sic
894 5471 949 5538 est]
965 5477 1010 5522 est
1024 5468 1065 5522 sic
1081 5468 1112 5523 C.
1128 5501 1160 5507 -
1176 5471 1186 5501 ⁶
1199 5468 1392 5523 determinata
1405 5468 1529 5537 ratione!
1544 5469 1788 5525 determinatione
1803 5474 1835 5526 t'.
1848 5505 1880 5511 —
1891 5476 1902 5503 ⁶
1915 5475 2034 5527 omnino
2048 5475 2082 5530 C.
2094 5509 2125 5516 -—
2143 5480 2151 5508 ⁷
2165 5482 2294 5534 essentia

812 5588 848 5598 -
867 5559 944 5625 esse]
965 5573 1031 5609 esse
1045 5565 1074 5610 et
1087 5556 1214 5609 essentia
1229 5557 1261 5609 C.
1282 5586 1314 5593 -
1335 5555 1561 5608 lcommunibus
1573 5558 1642 5610 add.
1657 5559 1691 5611 tf.
1711 5590 1743 5597 -
1759 5562 1838 5612 ”una
1859 5561 1982 5630 ratione]
2000 5563 2115 5617 ratione
2134 5583 2191 5619 nna
2212 5567 2245 5621 C.
2260 5600 2293 5607 -

814 5646 836 5678 ¹⁰
855 5643 1023 5715 adiungitur
1042 5645 1094 5697 Sl'.
1117 5676 1148 5681 —
1171 5645 1189 5675 ¹¹
1208 5644 1310 5713 ipsum,
1330 5643 1427 5710 homo]
1448 5643 1657 5714 Philosophum
1679 5646 1711 5699 t'.
1729 5678 1758 5685 -
1777 5648 1797 5678 ¹¹
1811 5646 1927 5717 adhoc]
1949 5650 2044 5703 adhuc
2064 5652 2096 5704 t‘.
2118 5683 2149 5691 -
2174 5655 2194 5685 '⁸
2207 5654 2245 5708 id.
2260 5657 2294 5710 C.

811 5763 846 5772 —
863 5734 884 5763 ¹⁴
897 5739 942 5785 est
956 5731 992 5793 l';
1012 5730 1147 5800 quaestio
1160 5731 1227 5783 aerdd.
1243 5731 1275 5783 (J.
1290 5761 1322 5768 —
1345 5732 1365 5760 ¹⁵
1379 5731 1406 5782 in
1421 5729 1453 5783 C.

904 5962 944 6026 (l)
960 5957 1020 6012 Csr.
1035 5977 1061 6030 p.
1078 5962 1135 6024 163,
1150 5977 1175 6012 n.
1191 5962 1239 6025 (1).
1254 5989 1285 5997 -
1307 5962 1345 6024 (2)
1361 5957 1420 6012 Cir.
1434 5958 1514 6026 iliu,
1528 5977 1553 6013 n.
1568 5964 1616 6026 (2).
