6700 7992
1399 1468 1591 1524 MAGISTRI
1619 1468 1839 1524 GODEFRIDI
1868 1468 1920 1522 DE
1948 1468 2146 1524 FONTlBUS

1593 1990 1835 2075 Quaesno
1860 1990 1950 2055 x1x.

1109 2219 1253 2296 Utrum
1282 2242 1386 2292 nxor
1412 2217 1544 2292 sciens
1572 2216 1768 2292 maritum
1796 2243 1916 2292 snnin
1946 2217 2296 2317 consanguineam
2324 2243 2443 2292 snam

1037 2351 1271 2453 cognovisse
1307 2350 1463 2426 natione
1496 2350 1614 2426 cnins
1648 2351 1756 2451 facti
1791 2356 1849 2426 est
1889 2351 2028 2453 affinis
2067 2350 2210 2454 factus
2250 2376 2351 2426 snae
2392 2351 2512 2426 uxori

1267 2485 1399 2584 possit
1424 2483 1531 2559 licite
1558 2484 1734 2559 debitum
1763 2483 1923 2586 exigere
1951 2512 1976 2559 α
2004 2510 2077 2559 sno
2107 2484 2263 2560 marito.

1120 2814 1249 2879 Postea
1266 2812 1359 2879 circa
1375 2811 1585 2900 coniugatos
1607 2822 1775 2896 quantum
1793 2811 1837 2877 ad
1862 2822 1961 2877 actus
1985 2812 2254 2879 matrimoniales
2278 2815 2509 2898 quaerebatur

1031 2951 1149 3009 unum,
1177 2927 1340 2994 videlicet
1364 2938 1477 2993 utrum
1505 2949 1593 2992 uxor
1619 2926 1735 2992 sciens
1763 2926 1922 2993 maritum
1950 2949 2051 2993 suum
2080 2927 2380 3016 consanguineam
2409 2950 2507 2994 suam
2573 2973 2577 2980 ·

1032 3043 1244 3133 cognovisse
1276 3043 1411 3110 ratione
1440 3041 1539 3108 cuius
1567 3042 1649 3108 facti
1677 3053 1730 3108 est
1756 3042 1873 3107 affinis
1900 3043 2014 3109 factus
2042 3065 2128 3110 suae
2155 3043 2253 3109 uxori
2281 3044 2394 3130 possit
2416 3044 2508 3111 licite

991 3225 993 3231 ,
1031 3160 1186 3227 debitum
1214 3159 1353 3247 exigere
1381 3181 1400 3223 a
1425 3180 1491 3225 suo
1520 3158 1652 3224 marito.
1682 3158 1726 3223 Et
1753 3160 1963 3247 arguebatur
1990 3160 2084 3244 quod
2112 3159 2290 3245 praedicta
2317 3182 2405 3226 uxor
2436 3182 2508 3227 non

874 3386 940 3442 cod.
950 3387 974 3442 P

843 3454 893 3513 fol.
905 3461 956 3514 139
965 3459 1008 3514 Vb

1031 3277 1159 3342 debeat
1186 3296 1253 3341 nec
1280 3275 1392 3360 possit
1415 3275 1554 3363 exigere
1578 3273 1745 3354 debitum,
1770 3274 1852 3359 quia
1875 3275 1989 3340 nulfus
2013 3274 2117 3340 alium
2142 3276 2247 3341 debet
2271 3275 2439 3342 inducere
2462 3277 2507 3341 ad

1031 3412 1098 3478 pec
1133 3395 1137 3477 Ι
1174 3392 1324 3458 candum
1342 3390 1408 3455 nisi
1425 3390 1527 3457 etiam
1552 3389 1628 3477 ipse
1652 3390 1825 3457 inducens
1849 3402 1984 3475 peccet.
2010 3391 2082 3456 Sed
2107 3390 2185 3456 talis
2209 3390 2351 3457 maritus
2376 3413 2507 3480 eogno-

1030 3507 1165 3574 scendo
1181 3528 1325 3573 uxorem
1342 3528 1441 3572 suam
1465 3507 1591 3572 factam
1615 3505 1683 3571 sibi
1706 3506 1848 3572 affinem
1873 3528 1916 3572 ex
1940 3507 2033 3572 facto
2058 3518 2092 3572 et
2115 3518 2263 3593 peccato
2288 3529 2353 3572 suo
2373 3518 2506 3593 peccat

1029 3623 1124 3712 Ergo
1148 3643 1235 3689 uxor
1258 3622 1431 3689 inducens
1455 3621 1569 3708 ipsum
1594 3623 1638 3687 ad
1662 3624 1732 3687 hoc
1756 3620 1886 3687 etiam¹
1909 3633 2043 3708 peccat.

1119 3739 1260 3805 Contra.
1288 3730 1368 3805 Non
1396 3748 1449 3805 est
1476 3737 1604 3803 iustum
1633 3739 1728 3822 quod
1756 3737 1880 3822 aliquis
1909 3738 2041 3803 amittat
2063 3738 2118 3803 ius
2142 3760 2243 3804 suum
2268 3750 2411 3825 propter
2437 3741 2507 3806 cul-

1030 3876 1111 3941 pam
1127 3853 1267 3921 alterius
1291 3854 1347 3922 cui
1374 3876 1445 3920 non
1474 3853 1659 3920 consentit.
1685 3853 1757 3919 Sed
1781 3874 1869 3919 uxor
1893 3853 2073 3948 prpedicta
2095 3855 2248 3921 habebat
2271 3854 2325 3920 ius
2342 3854 2506 3942 exigendi

1030 3970 1184 4037 debitum
1211 3992 1232 4035 a
1263 3970 1385 4036 marito
1413 3968 1593 4055 praedicto
1621 3980 1808 4054 antequam
1840 3968 1915 4035 eius
1943 3969 2244 4057 consanguineam
2273 3981 2507 4057 cognosceret

1029 4097 1173 4172 propter
1197 4087 1292 4172 quod
1316 4087 1429 4152 factus
1458 4096 1511 4151 est
1542 4085 1667 4150 affinis.
1696 4085 1777 4150 Hoc
1808 4095 1924 4151 autem
1952 4085 2083 4150 factum
2112 4097 2165 4151 est
2193 4087 2328 4171 absque
2355 4086 2444 4152 scitu
2473 4096 2507 4153 et

1030 4223 1208 4269 consensu
1231 4201 1358 4267 uxoris.
1385 4201 1505 4284 Quare
1529 4213 1563 4267 et
1587 4213 1712 4268 cetera.

1117 4317 1331 4404 Respondeo
1367 4317 1554 4383 dicendum
1589 4317 1695 4402 quod,
1725 4337 1804 4382 cum
1840 4329 1985 4401 uterque
2020 4317 2211 4404 coniugum
2246 4319 2374 4383 habeat
2408 4328 2505 4404 pote·

1029 4444 1152 4500 statem
1180 4444 1214 4500 et
1242 4433 1295 4498 ius
1315 4423 1362 4498 >in
1389 4454 1537 4518 corpore
1570 4432 1720 4512 alterius
1748 4433 1864 4498 nullus
1892 4444 2007 4498 autem
2036 4433 2142 4498 debet
2173 4433 2249 4498 sine
2277 4434 2381 4519 culpa
2411 4432 2507 4499 sua¹

1028 4549 1153 4636 privari
1169 4549 1242 4615 iure
1267 4570 1343 4629 su0,
1367 4548 1448 4614 ideo
1473 4548 1502 4614 si
1526 4548 1668 4613 maritus
1693 4550 1825 4632 absque
1850 4569 2028 4614 consensu
2053 4560 2087 4613 et
2110 4548 2332 4635 beneplacito
2353 4549 2505 4614 mulieris

1028 4665 1281 4753 cognoscendo
1309 4664 1611 4751 consanguineam
1640 4663 1714 4729 eius
1743 4663 1913 4730 efficiatur
1937 4664 2051 4729 affinis
2070 4663 2091 4743 ⁸,
2116 4685 2159 4729 ex
2186 4666 2256 4729 hoc
2284 4664 2359 4750 ipse
2383 4664 2505 4730 amittit

1027 4780 1081 4846 ius
1112 4801 1158 4847 ne
1189 4780 1338 4867 possit⁴
1369 4781 1503 4865 absque
1534 4791 1681 4865 peccato
1714 4779 1855 4868 exigere
1887 4779 2052 4846 debitum.
2085 4781 2181 4846 Uxor
2216 4791 2331 4847 autem
2363 4791 2506 4867 propter

1026 4898 1096 4963 hoc
1123 4895 1177 4962 ius
1205 4918 1306 4961 suum
1334 4917 1406 4961 non
1434 4895 1566 4976 amittit,
1595 4896 1658 4962 sed
1687 4907 1803 4981 potest
1830 4908 1959 4981 petere,
1988 4908 2022 4962 et
2049 4896 2100 4960 vir
2123 4918 2195 4962 non
2224 4896 2417 4963 voluntarie
2441 4897 2504 4963 sed

1027 5010 1128 5097 quasi
1144 5011 1308 5078 inductus
1333 5023 1367 5078 et
1391 5022 1534 5078 coactus
1559 5011 1632 5078 sive
1659 5022 1802 5078 exactus
1818 5012 1966 5078 reddere
1983 5024 2129 5093 tenetur,
2147 5024 2181 5079 et
2204 5012 2255 5079 sic
2279 5034 2351 5078 non
2368 5024 2503 5098 peceat.

1028 5128 1082 5194 De
1106 5129 1175 5193 hoc
1198 5128 1303 5193 Extra
1323 5131 1368 5212 (l)
1394 5128 1438 5194 de
1466 5149 1509 5194 eo
1537 5128 1595 5213 qui
1625 5127 1792 5215 cognovit
1817 5127 2119 5214 consanguineam
2144 5129 2260 5194 uxoris
2284 5149 2380 5208 suae,
2405 5129 2503 5194 Tuae

1027 5243 1250 5310 fraternitatis
1274 5254 1308 5309 et
1331 5244 1407 5309 Nec
1431 5242 1582 5308 affinitas
1607 5253 1641 5309 et
1665 5255 1791 5309 cetera.

1117 5558 1124 5587 ¹
1140 5553 1273 5608 similiter
1286 5554 1316 5609 P.
1331 5585 1364 5593 —
1378 5554 1389 5586 ²
1401 5572 1456 5608 om.
1470 5554 1501 5607 Ρ.
1516 5586 1548 5593 -
1562 5555 1573 5585 ³
1586 5554 1732 5609 efficiatur
1745 5553 1851 5624 affinis]
1867 5554 1965 5609 affinis
1977 5554 2124 5608 efficiatur
2139 5556 2170 5609 Ρ.
2186 5587 2218 5595 -
2234 5559 2243 5588 ⁴
2257 5564 2362 5627 posset
2376 5556 2408 5611 P.

1115 5778 1155 5843 (1)
1168 5779 1247 5830 c.10.
1260 5778 1285 5830 6.
1299 5775 1389 5830 infin.
1403 5777 1438 5830 X.
1452 5776 1489 5830 de
1503 5794 1539 5830 eo
1554 5777 1602 5848 qui
1617 5794 1742 5848 cognom
1757 5776 1805 5830 IV.
1821 5779 1863 5831 13.
