6700 7992
1352 1474 1504 1531 PRIMUM
1534 1474 1832 1545 QUODLIBETUM,
1861 1476 1897 1546 Q.
1924 1475 1978 1528 Vll
2371 1477 2404 1528 19

1018 1655 1158 1720 Contra.
1187 1654 1404 1739 Impossibile
1433 1666 1484 1719 est
1512 1655 1606 1739 quod
1634 1676 1742 1719 unum
1770 1656 1833 1720 et¹
1861 1654 1951 1719 idem
1985 1666 2146 1738 respectu
2175 1654 2330 1719 eiusdem
2359 1653 2403 1717 sit

927 1771 1078 1835 activum
1098 1782 1132 1835 et
1149 1771 1336 1855 passivum,
1353 1769 1428 1835 sive
1444 1771 1477 1833 in
1496 1782 1575 1835 actu
1593 1783 1627 1835 et
1651 1770 1686 1834 in
1711 1770 1876 1855 potentia.
1895 1771 1966 1836 Sed
1991 1769 2182 1857 intelligere
2206 1771 2400 1834 secundum

928 1885 1179 1971 Philosophum
1198 1890 1245 1969 (1)
1263 1897 1424 1970 respectu
1449 1885 1643 1950 intellectus
1669 1885 1843 1970 possibilis
1869 1897 1921 1951 est
1946 1886 2129 1969 quoddam·
2148 1885 2229 1970 pati,
2248 1897 2282 1950 et
2306 1884 2402 1949 intel·

927 2003 1038 2067 lectus
1055 2000 1231 2086 possibilis
1252 2013 1414 2086 respectu
1439 2000 1548 2086 ipsius
1567 2000 1579 2036 ²
1595 2001 1785 2088 intelligere
1802 2013 1855 2066 est
1878 2001 1912 2066 in
1938 2001 2103 2086 potentia.
2122 2001 2215 2088 Ergo
2240 2012 2402 2086 respectu

927 2117 1037 2203 ipsius
1061 2117 1155 2181 nullo
1180 2117 1286 2185 modo
1311 2116 1414 2182 etiam
1439 2139 1477 2181 se
1501 2118 1608 2181 habet
1631 2128 1668 2181 ut
1693 2117 1850 2182 efficiens
1875 2117 1948 2182 sive
1972 2138 2094 2204 agens.

1017 2234 1230 2318 Respondeo
1256 2232 1443 2298 dicendum
1467 2233 1561 2317 quod
1586 2233 1820 2298 consideranti
1845 2232 2013 2317 principia
2039 2232 2282 2318 philosophiae
2310 2252 2402 2297 conr·

927 2349 1055 2429 munia,
1099 2348 1257 2432 quaestio
1300 2348 1480 2434 proposita
1521 2348 1692 2413 modicam
1733 2350 1837 2413 hahet
1879 2348 2141 2413 dubitationem.
2181 2347 2270 2413 Cum
2310 2347 2402 2413 enim

928 2464 1084 2550 potentia
1112 2464 1224 2529 activa
1251 2465 1295 2529 sit
1322 2463 1527 2550 principium
1558 2463 1854 2529 transmutationis
1887 2464 1921 2528 in
1953 2463 2046 2528 aliud
2078 2465 2272 2529 secundum
2307 2464 2402 2547 quod

928 2581 1031 2659 aliud,
1064 2580 1145 2664 quia
1180 2579 1262 2644 nihil
1293 2579 1365 2667 agit
1396 2579 1429 2643 in
1459 2580 1614 2664 seipsum
1646 2591 1749 2665 prout
1781 2579 1905 2644 dicitur
1936 2601 2031 2644 nono
2064 2578 2324 2664 Metaphysicae
2344 2584 2401 2662 (2),

928 2695 1123 2761 intellectus
1148 2706 1261 2760 autem
1287 2694 1463 2780 possibilis
1488 2695 1522 2760 in
1549 2706 1670 2760 natura
1695 2695 1917 2760 intellectuali
1941 2695 2102 2780 importat
2126 2694 2207 2759 illud
2236 2694 2292 2760 cui
2319 2715 2403 2760 con·
2503 2776 2505 2781 ,

928 2811 1021 2876 venit
1052 2810 1170 2876 ratio³
1198 2810 1374 2895 potentiae
1400 2810 1560 2895 passivae
1584 2822 1746 2895 respectu
1771 2822 1870 2875 actus
1895 2810 2119 2897 intelligendi,
2145 2819 2284 2876 constat
2307 2810 2403 2894 quod

927 2926 1116 2992 intellechri
1134 2926 1291 3011 possibili
1308 2947 1378 2992 non
1396 2937 1512 3011 potest
1536 2925 1724 2992 convenire
1741 2926 1828 2991 ratio
1853 2926 2029 3012 potentiae
2054 2925 2187 2991 activae
2206 2925 2217 2960 ⁴
2241 2937 2402 3011 respectu

928 3042 1094 3108 eiusdem.
1127 3043 1169 3108 Et
1197 3044 1266 3107 hoc
1294 3054 1410 3126 potest
1436 3042 1486 3107 sic
1519 3041 1731 3127 persuaderi,
1764 3042 1845 3127 quia
1875 3064 1955 3107 cum
1986 3063 2098 3108 rerum
2131 3042 2403 3127 compositarum

928 3180 1017 3243 quae
1036 3169 1163 3223 exeunt
1187 3158 1231 3223 de
1257 3156 1412 3242 potentia
1436 3157 1471 3221 in
1495 3170 1610 3223 actum
1635 3157 1704 3222 sint
1727 3157 1897 3242 principia
1921 3158 2062 3223 essendi
2087 3179 2130 3222 ex
2149 3141 2295 3242 quorum
2320 3178 2403 3222 con·

928 3273 1105 3339 iunctione
1133 3273 1392 3338 constituuntur
1419 3272 1453 3337 in
1486 3294 1565 3338 esse
1597 3282 1632 3339 et
1662 3275 1794 3339 habent
1821 3295 1901 3340 esse
1930 3273 1964 3338 in
1992 3274 2084 3339 sacto
2112 3295 2201 3351 esse,
2229 3274 2402 3357 quaedam

929 3402 1043 3455 autem
1072 3400 1154 3454 sunt
1182 3388 1351 3474 principia
1379 3389 1485 3454 fiendi
1514 3410 1555 3453 ex
1583 3410 1730 3473 quorum
1762 3389 2012 3454 coniunctione
2039 3390 2235 3474 procedunt
2262 3387 2296 3453 in
2324 3408 2404 3452 esse

927 3519 961 3571 et
985 3507 1116 3570 habent
1140 3525 1219 3570 esse
1248 3504 1281 3569 in
1309 3503 1393 3583 fieri,
1412 3504 1521 3569 maior
1545 3504 1726 3570 diversitas
1752 3517 1786 3570 et
1810 3504 1985 3571 distinctio
2006 3506 2110 3570 debet
2134 3525 2212 3569 esse
2235 3503 2325 3570 inter
2348 3503 2404 3568 illa

928 3642 1017 3706 quae
1045 3631 1126 3685 sunt
1154 3617 1324 3706 principia
1348 3619 1454 3685 fiendi
1482 3620 1531 3685 rei
1556 3641 1659 3705 quam
1687 3619 1776 3686 inter
1799 3619 1968 3705 principia
1996 3619 2136 3685 essendi
2160 3618 2279 3704 ipsius.
2309 3619 2404 3685 Prin·

928 3736 1018 3821 cipia
1043 3748 1157 3801 autem
1187 3735 1328 3801 essendi
1356 3736 1404 3801 rei
1432 3746 1512 3800 sunt
1536 3747 1635 3801 actus
1664 3748 1698 3800 et
1722 3735 1887 3821 potentia,
1913 3734 2045 3802 scilicet
2070 3735 2212 3801 materia
2235 3747 2270 3801 et
2293 3737 2403 3801 forma
2432 3818 2435 3824 Ι

928 3851 1175 3930 substantialis,
1203 3851 1257 3916 vel
1289 3851 1485 3916 subiectum
1519 3862 1552 3917 et
1583 3850 1695 3916 forma
1725 3850 1975 3931 accidentalis3
2011 3873 2101 3937 quae
2133 3851 2213 3917 licet
2244 3851 2403 3917 subiecto

929 3989 999 4031 non
1029 3967 1198 4046 differant,
1215 3978 1353 4052 oportet
1380 3977 1495 4032 tamen
1522 3967 1617 4051 quod
1641 3965 1742 4031 realis
1767 3978 1801 4032 et
1829 3966 2024 4033 essentialis
2048 3967 2091 4032 sit
2115 3966 2292 4032 distinctio
2307 3966 2405 4032 inter

929 4083 994 4161 illa,
1023 4082 1176 4166 alioquin
1212 4082 1436 4147 constitutum
1471 4103 1512 4148 ex
1540 4081 1590 4147 eis
1624 4103 1696 4147 non
1726 4094 1818 4148 esset
1839 4082 1851 4116 ⁶
1875 4083 2105 4168 compositum
2131 4082 2276 4148 realiter.
2309 4081 2402 4171 Ergo

929 4199 1031 4264 etiam
1049 4198 1217 4283 principia
1234 4197 1371 4263 fiendi⁰
1395 4197 1442 4263 rei
1479 4201 1483 4280 l
1519 4197 1609 4262 sicut
1633 4197 1782 4263 activum
1809 4211 1843 4264 et
1867 4198 2042 4283 passivum
2067 4220 2157 4283 quae
2182 4198 2284 4264 etiam
2306 4198 2402 4264 diffe·
2459 4209 2562 4264 eod.P

929 4327 1008 4378 runt
1036 4315 1230 4378 secundum
1259 4325 1374 4378 actum
1404 4324 1437 4378 et
1465 4312 1667 4398 potentiam,
1692 4335 1771 4378 non·
1791 4315 1902 4379 solum
1925 4325 2026 4380 erunt
2051 4313 2404 4379 differentia'realiter
2430 4281 2480 4337 f⁰¹'
2493 4283 2542 4336 137
2554 4281 2595 4334 Vb

930 4441 964 4494 et
988 4428 1227 4507 essentialiter,
1256 4428 1319 4494 sed
1348 4428 1450 4494 etiam
1480 4427 1650 4494 subiecto.
1668 4430 1758 4495 Cum
1787 4451 1872 4517 ergo
1901 4429 2095 4495 intellectus
2119 4430 2233 4495 factus
2260 4429 2293 4494 in
2324 4441 2403 4495 actu

929 4544 1092 4629 importet
1122 4545 1298 4628 quoddam
1332 4545 1565 4629 compositum
1605 4566 1647 4610 ex
1687 4545 1843 4630 potentia
1881 4566 1971 4630 quae
2011 4557 2064 4610 est
2101 4544 2177 4630 ipse
2211 4545 2405 4612 intellectus

930 4659 1106 4745 possibilis
1142 4673 1176 4725 et
1208 4682 1249 4725 ex
1281 4671 1370 4739 actu,
1394 4659 1527 4726 scilicet
1554 4660 1799 4740 intellectione,
1828 4681 1918 4745 quae
1945 4660 2081 4726 realiter
2113 4671 2147 4726 et
2178 4660 2406 4733 essentialiter

820 4820 826 4830 -
930 4775 1094 4840 differunt
1121 4775 1201 4841 licet
1228 4777 1297 4839 sint
1323 4797 1430 4840 unum
1458 4776 1628 4856 subiect0,
1657 4775 1747 4841 sicut
1771 4775 1939 4861 perfectio
1974 4789 2006 4841 et
2038 4775 2264 4861 perfectibile,
2295 4775 2406 4861 passi·

930 4913 1011 4955 vum
1043 4904 1157 4956 autem
1190 4893 1257 4955 hoc
1285 4902 1339 4955 est
1367 4890 1441 4975 ipse
1474 4890 1668 4957 intellectus
1700 4891 1887 4978 possibilis,
1920 4891 2070 4958 activum
2102 4904 2265 4976 respectu
2296 4891 2405 4978 ipsius

930 5008 1008 5092 plus
1025 5007 1131 5072 debet
1154 5006 1291 5071 differre
1316 5028 1419 5091 quam
1443 5007 1519 5093 ipse
1537 5018 1644 5073 actus.
1663 5008 1795 5073 Horum
1822 5019 1936 5073 autem
1961 5007 2047 5073 ratio
2072 5019 2125 5073 est
2146 5007 2227 5092 quia
2243 5007 2405 5088 activum,

930 5143 1009 5188 cum
1042 5121 1123 5209 agit,
1156 5121 1311 5206 seipsum
1344 5144 1414 5187 non
1447 5135 1562 5208 potest
1593 5124 1790 5208 producere
1822 5123 1855 5187 in
1884 5123 2061 5209 passivum
2094 5125 2146 5189 vel
2179 5124 2330 5190 educere
2362 5125 2406 5189 de

930 5237 1086 5322 potentia
1103 5236 1243 5323 passivi,
1268 5237 1358 5302 sicul
1381 5259 1444 5322 per
1467 5258 1506 5303 se
1531 5249 1625 5322 patet
1649 5259 1728 5303 curn
1753 5238 1820 5303 iam
1845 5239 1888 5304 sit
1911 5238 2063 5304 existens
2081 5250 2114 5304 et
2138 5261 2159 5304 a
2183 5260 2406 5325 quocumque

1023 5577 1029 5605 ¹
1043 5592 1098 5628 om.
1110 5575 1142 5628 V.
1159 5607 1192 5615 —
1210 5575 1312 5629 'illius
1329 5575 1359 5630 P.
1377 5607 1411 5616 -
1426 5576 1562 5631 ’ratione
1579 5576 1610 5630 Ρ.
1630 5609 1664 5615 -
1685 5576 1858 5648 ⁴potentiae
1877 5578 2003 5648 activae]
2024 5576 2139 5633 activae
2159 5577 2310 5649 potentiae
2328 5579 2359 5635 Ρ.
2373 5610 2407 5621 -

932 5664 1000 5716 test
1013 5662 1044 5715 P.
1058 5695 1091 5701 —
1105 5664 1116 5693 ⁰
1129 5662 1241 5717 sciendi
1257 5664 1289 5717 V.
1386 5697 1391 5708 -
2201 5662 2203 5666 ’

1022 5896 1060 5959 ,li
1079 5892 1297 5950 Aristotelis
1319 5895 1362 5948 De
1383 5897 1497 5963 anima,
1518 5897 1534 5949 l.
1555 5897 1605 5963 ΙΙΙ,
1625 5915 1648 5950 c.
1667 5898 1757 5963 lled.
1773 5897 1897 5964 Bekker,
1911 5898 1968 5952 vol.
1983 5899 2005 5966 I,
2021 5916 2049 5969 p.
2062 5901 2135 5967 429).
2155 5905 2192 5960 Τὸ
2208 5910 2277 5963 vach
2295 5902 2408 5979 dmm

932 5980 957 6033 τί
974 5978 1051 6034 ἐστιν.
1072 6016 1105 6023 -
1126 5989 1166 6051 (2)
1185 5984 1397 6038 Aristotelis
1411 5985 1637 6055 Metaphysicae,
1649 5986 1667 6039 l.
1681 5986 1759 6053 Vlll,
1773 6004 1798 6040 c.
1814 5991 1827 6042 l
1846 5987 1904 6055 led.
1918 5988 2043 6057 Beklrer,
2060 5990 2120 6046 vol.
2132 5990 2170 6058 11,
2187 5993 2341 6069 pdsssslrl

933 6067 1112 6145 συμπέφυκεν,
1132 6067 1206 6123 οὐδὲν
1224 6068 1322 6143 πάσχει
1340 6067 1405 6123 αὐτὸ
1422 6067 1463 6147 ὑφ’
1483 6069 1587 6131 ἑαυτοῦ,
