6700 7992
1031 1418 1065 1468 86
1395 1412 1587 1471 hlAGlSTRl
1616 1412 1836 1471 GODEFRlDI
1866 1414 1917 1470 DE
1948 1410 2146 1472 FONTIBUS

1031 1595 1215 1680 pauciores
1248 1607 1281 1660 et
1313 1596 1423 1684 magis
1454 1597 1698 1662 universales¹
1738 1619 1839 1681 quarn
1873 1597 2063 1677 inferiores,
2096 1596 2177 1681 quia
2213 1596 2337 1663 dicitur
2375 1592 2512 1664 decima

1030 1711 1271 1796 propositione
1303 1712 1347 1777 de
1375 1712 1501 1777 Causis
1534 1716 1591 1796 (1),
1623 1715 1717 1797 quod
1751 1714 1863 1778 onmis
1899 1712 2126 1800 intelligentia
2156 1713 2261 1798 plena
2292 1723 2345 1779 est
2380 1713 2510 1779 formis.

873 1902 909 1936 co
912 1883 939 1936 d.
951 1885 976 1936 V
1030 1828 1276 1892 Verumtamen
1296 1850 1337 1892 ex
1354 1828 1588 1913 intelligentiis
1605 1839 1687 1892 sunt
1702 1851 1792 1912 qliae
1810 1829 1991 1894 continent
2009 1830 2136 1892 formas
2154 1828 2267 1893 minus
2285 1828 2510 1909 universales,

844 1953 893 2009 sol.
904 1959 957 2009 ‘262
969 1956 1009 2008 Ra
1031 1943 1163 2009 scilicet
1187 1944 1378 2025 inferiores,
1403 1955 1440 2008 ut
1457 1945 1502 2008 ihi
1521 1956 1530 2017 t
1540 1949 1567 2028 1)
1583 1945 1594 1978 ‘²
1611 1945 1795 2029 exponitur
1810 1945 1841 2022 ²³3
1867 1956 1900 2009 et
1932 1948 1936 2028 l
1968 1968 2010 2009 ex
2027 1945 2099 2009 eis*
2118 1956 2198 2010 sunt
2215 1968 2306 2031 quae
2331 1945 2511 2012 continent

1031 2060 1159 2125 formas
1176 2060 1254 2145 plus
1271 2059 1496 2139 universales,
1513 2060 1645 2125 scilicet
1662 2059 1910 2143 intelligentiae
1929 2061 2136 2146 superiores.
2155 2062 2234 2127 Hoc
2252 2061 2354 2126 etiarn
2373 2083 2510 2148 expres·

1030 2175 1102 2241 sius
1126 2176 1252 2242 dieitur
1275 2176 1309 2241 in
1335 2176 1596 2264 septuagesima
1620 2176 1769 2262 septima
1794 2176 2034 2262 propositione
2060 2177 2173 2242 Procli
2191 2181 2248 2261 (2).

1119 2293 1259 2358 Contra.
1288 2292 1326 2358 Si
1351 2293 1465 2380 angeli
1490 2292 1688 2378 superiores
1714 2292 1947 2379 intelligerent
1971 2315 2033 2378 per
2057 2293 2240 2379 pauciores
2268 2305 2302 2359 et
2335 2293 2510 2360 universa-

1029 2408 1132 2474 liores
1156 2408 1304 2494 speeies,
1329 2430 1407 2473 etun
1436 2408 1620 2473 multitudo
1649 2410 1852 2495 angelorum
1881 2408 1999 2493 specie
2028 2409 2259 2474 differentium
2284 2410 2431 2475 excedat
2455 2409 2510 2475 vel

1029 2527 1198 2590 excedere
1224 2524 1332 2609 possit
1356 2525 1608 2589 multihulinem
1637 2524 1768 2589 entium
1794 2524 1937 2588 aliorum
1966 2524 2084 2609 specie
2109 2525 2351 2603 differentium,
2376 2524 2509 2591 contin-

1028 2652 1126 2728 geret
1166 2641 1314 2725 aliquem
1351 2642 1514 2725 angelum
1554 2640 1767 2725 superiorem
1808 2640 2000 2724 intelligere
2041 2664 2102 2725 per
2140 2663 2243 2705 unani
2283 2641 2437 2727 speciem
2476 2650 2510 2706 et

1029 2757 1209 2841 aliquemfi
1240 2780 1302 2842 per
1331 2758 1460 2821 nullam
1492 2756 1657 2842 speciem,
1694 2767 1727 2821 et
1761 2756 1811 2822 sie
1836 2778 1898 2841 per
1928 2779 2027 2821 suani
2063 2757 2250 2822 essentiam
2275 2757 2393 2821 omnia
2417 2778 2508 2842 quae

1028 2872 1167 2938 infimus
1201 2873 1406 2957 intelligeret
1442 2894 1504 2958 per
1538 2873 1655 2957 plures
1690 2873 1837 2957 species.
1872 2873 1951 2938 Hoc
1983 2883 2099 2938 autem
2132 2883 2184 2938 est
2218 2872 2472 2938 inconveniens
2487 2871 2534 2937 ⁸.-

1029 2989 1147 3072 Quare
1172 3001 1206 3054 et
1231 3001 1355 3054 cetera.

1119 3105 1331 3190 Respondeo
1364 3104 1550 3169 dicendum
1583 3105 1677 3188 quod
1707 3104 1822 3189 angeli
1854 3104 2054 3189 superiores
2089 3104 2205 3189 aliquo
2240 3106 2346 3170 modo
2378 3106 2509 3170 habent

1028 3220 1295 3286 universaliores
1320 3232 1354 3285 et
1378 3220 1562 3305 pauciores
1591 3219 1728 3305 species
1753 3243 1856 3304 quam
1881 3219 2072 3285 inferiores.
2098 3221 2155 3285 Ad
2179 3220 2280 3285 cuius
2298 3220 2508 3286 evidentiam

1027 3336 1290 3423 intelligendum
1319 3336 1413 3420 quod
1442 3337 1717 3420 unumquodque
1741 3335 1939 3423 intelligens
1963 3336 1998 3400 in
2018 3335 2028 3370 ⁷
2052 3336 2279 3424 intelligendo
2304 3335 2510 3402 assimilatur

1028 3452 1077 3519 rei
1109 3452 1315 3531 intellectae,
1349 3451 1453 3516 immo
1489 3451 1590 3516 etiam
1627 3452 1744 3535 aliquo
1780 3453 1887 3516 modo
1927 3463 1979 3517 est
2011 3451 2118 3536 ipsa⁸
2149 3474 2205 3517 res
2238 3452 2411 3518 intellecta
2435 3451 2508 3518 sive

1027 3590 1132 3633 unum
1152 3591 1230 3634 cum
1248 3568 1334 3653 ipsa,
1359 3568 1479 3634 saltem
1498 3568 1693 3632 secundum
1718 3589 1796 3633 esse
1821 3567 2035 3654 intelligibile
2054 3569 2106 3632 vel
2130 3567 2378 3644 intentionale3
2406 3580 2509 3653 prout

1027 3684 1142 3749 anima
1177 3696 1229 3750 est
1264 3684 1381 3750 omnia
1416 3683 1642 3769 intelligibilia
1674 3705 1736 3769 per
1769 3683 1980 3749 intellectum
2017 3695 2050 3748 et
2086 3683 2203 3748 omnia
2234 3683 2412 3749 sensibilia
2447 3705 2510 3770 per

1027 3823 1180 3866 sensum.
1206 3802 1291 3865 Illud
1320 3822 1404 3888 ergo
1429 3801 1524 3884 quod
1549 3811 1601 3866 est
1626 3812 1744 3864 natum
1770 3799 1961 3886 intelligere
1986 3799 2104 3864 omnia
2129 3801 2323 3866 secundum
2348 3799 2508 3885 proprias

1027 3940 1147 3984 eorum
1180 3917 1316 4003 species
1341 3928 1375 3982 et
1403 3917 1532 3982 formas
1561 3915 1634 3981 sive
1663 3915 1822 4001 proprias
1847 3915 2031 3981 omninm⁹
2059 3938 2172 3981 rerum
2201 3917 2340 3995 formas,
2369 3926 2509 4001 oportet

1027 4035 1123 4118 quod
1159 4045 1277 4099 natum
1316 4032 1360 4097 sit
1395 4031 1576 4096 assimilari
1611 4031 1774 4096 omnibus
1815 4031 1953 4117 proprie
1990 4043 2023 4096 et
2059 4031 2229 4097 distinete.
2266 4033 2508 4117 Unaquaeque

1027 4160 1141 4215 autem
1167 4148 1360 4214 substantia
1386 4147 1628 4213 intellectualis
1657 4162 1710 4212 est
1733 4158 1814 4212 nata
1843 4147 1959 4212 omnia
1983 4148 2179 4214 secundum
2204 4168 2324 4214 eorum
2348 4147 2508 4234 proprias

1025 4265 1177 4331 rationes
1202 4264 1394 4352 intelligere
1419 4286 1508 4348 quae
1532 4262 1702 4328 rationem
1728 4263 1816 4328 entis
1834 4274 1915 4328 nata
1940 4276 2021 4328 sunt
2045 4262 2263 4349 participare,
2289 4263 2370 4348 quia
2391 4262 2507 4330 obiec-

1025 4392 1097 4447 tum
1121 4382 1317 4447 intellectus
1335 4390 1387 4445 est
1404 4401 1466 4444 ens
1492 4380 1686 4445 secundum
1705 4379 1800 4463 quod
1818 4401 1891 4459 ens,
1909 4390 1943 4444 et
1959 4379 2039 4445 ideo
2057 4400 2290 4465 unaquaeque
2313 4378 2508 4445 substantia

1026 4497 1266 4563 intellectualis
1293 4506 1374 4561 nata
1402 4507 1455 4561 est
1483 4495 1662 4560 assimilari
1692 4495 1855 4560 omnihus
1878 4496 2017 4561 entibus
2042 4496 2157 4580 aliquo
2182 4497 2289 4560 modo
2313 4496 2507 4561 secundum

1025 4614 1199 4700 propriam
1225 4613 1393 4678 rationem
1419 4611 1705 4696 uniuscuiusque,
1724 4613 1797 4677 sive
1814 4611 1944 4696 aliquid
1968 4623 2049 4676 nata
2067 4613 2266 4677 esthabere
2290 4611 2325 4675 in
2350 4633 2389 4677 se
2412 4612 2507 4677 unde

1468 4727 1492 4763 ¹⁰
1523 4726 1714 4792 assimilari.
1743 4728 1846 4793 Nunc
1874 4738 1989 4792 autem
2018 4750 2096 4792 cuin
2126 4748 2358 4812 unaquaeque
2382 4739 2507 4792 natura

1026 4729 1137 4816 possit
1165 4728 1352 4813 unicnique
1380 4727 1450 4794 enti

1025 4857 1142 4911 creata
1170 4844 1397 4910 determinata
1421 4854 1454 4909 et
1478 4843 1620 4908 limitata
1644 4842 1687 4908 sit
1720 4844 1764 4907 ad
1788 4865 1902 4929 genus
1928 4855 1960 4909 et
1984 4843 2148 4928 speciem,
2174 4843 2301 4908 nullius
2326 4854 2505 4909 creaturae

1025 4974 1147 5028 natura
1171 4971 1287 5047 potest
1311 4982 1390 5026 esse
1415 4959 1592 5025 sufficiens
1610 4958 1803 5034 similitudo
1829 4959 1984 5024 omnium
2013 4958 2143 5024 entium
2169 4958 2385 5044 possibilium
2415 4979 2505 5043 quae

1024 5090 1140 5143 tamen
1168 5088 1249 5142 sunt
1274 5076 1410 5141 obiecta
1435 5073 1711 5160 uniuscuiusque
1736 5074 1841 5140 creati
1867 5074 2071 5153 intellectus,
2097 5077 2160 5140 sed
2188 5077 2257 5140 hoc
2285 5076 2398 5140 solum
2422 5095 2506 5140 con·

1024 5193 1119 5260 venit
1141 5191 1314 5258 essentiae
1330 5191 1468 5257 divinae
1483 5191 1508 5226 ¹¹
1524 5189 1658 5256 ratione
1683 5211 1769 5254 suae
1786 5189 1964 5255 infinitatis
1989 5200 2022 5256 et
2045 5190 2282 5256 illimitationis
2300 5189 2332 5254 ¹².
2357 5190 2506 5276 Oportet

1115 5481 1121 5510 ¹
1136 5477 1362 5531 universaliores
1376 5477 1406 5530 P.
1420 5507 1453 5515 —
1468 5478 1478 5508 ⁹
1491 5475 1546 5529 sibi
1561 5476 1591 5529 P.
1605 5506 1638 5514 —
1653 5476 1663 5507 ³
1677 5475 1836 5546 exposituri
1851 5476 1881 5528 Ρ.
1897 5508 1929 5514 -
1946 5479 1954 5506 ⁴
1969 5493 2044 5547 (luae
2059 5475 2112 5528 Dei
2127 5477 2196 5529 add.
2212 5476 2240 5529 P.
2259 5506 2290 5514 -
2305 5477 2315 5507 ⁵
2328 5474 2455 5546 aliquam
2469 5474 2504 5529 V.

1023 5597 1055 5607 —-
1070 5569 1081 5597 ⁶
1094 5574 1138 5620 est
1151 5565 1371 5634 inconveniens]
1386 5563 1597 5618 inconveniens
1612 5571 1656 5617 est
1671 5564 1702 5618 P.
1717 5595 1750 5603 -
1766 5565 1775 5593 ⁷
1788 5581 1842 5616 om.
1858 5564 1887 5616 1³.
1904 5596 1937 5603 —
1952 5565 1962 5594 ⁸
1975 5582 2030 5616 orn.
2046 5564 2076 5616 P.
2091 5595 2124 5602 —
2138 5565 2149 5595 ⁹
2161 5581 2217 5616 onr.
2232 5564 2261 5617 P.
2276 5595 2308 5603 —
2325 5565 2346 5595 ¹⁰
2359 5581 2414 5616 otu.
2426 5562 2455 5616 P.
2470 5592 2504 5603 -

1025 5659 1044 5687 ¹¹
1058 5655 1205 5709 essentiae
1219 5652 1347 5722 divinae}
1361 5652 1478 5706 divinae
1493 5651 1639 5706 essentiae
1654 5652 1684 5705 P.
1699 5683 1732 5691 —
1749 5652 1769 5683 ¹⁸³
1783 5650 1964 5704 limitationis
1979 5651 2009 5704 Ρ.

1111 5863 1150 5927 (l)
1165 5860 1253 5913 Liber
1267 5859 1302 5912 de
1312 5857 1419 5917 eurisis.
1432 5862 1476 5925 §a
1488 5857 1544 5922 (ed.
1559 5857 1785 5919 Bardenhewer,
1798 5874 1825 5927 p.
1841 5823 1911 5923 1⁴73).
1927 5888 1958 5893 —
1975 5860 2014 5922 (2)
2029 5857 2145 5910 Procli
2162 5857 2314 5910 Institutio
2327 5857 2504 5927 tlteologica‚

1021 5950 1099 6019 §177
1116 5948 1172 6015 ted.
1188 5948 1324 6013 (helizur,
1339 5944 1423 5998 lnitia
1437 5945 1642 6016 philosophiae
1656 5963 1691 5998 ac
1705 5942 1873 6012 theologiae
1887 5961 1922 5996 ex
1937 5943 2095 5997 Platonicis
2111 5943 2242 5998 sotuibus
2256 5944 2353 6009 ducta,
2369 5945 2439 5998 Pars
2450 5943 2502 6013 lll,

1021 6054 1049 6108 p.
1062 6038 1132 6100 266).
