<?xml version="1.0" encoding="UTF-8"?>
<!DOCTYPE html PUBLIC "-//W3C//DTD XHTML 1.0 Transitional//EN"
    "http://www.w3.org/TR/xhtml1/DTD/xhtml1-transitional.dtd">
<html xmlns="http://www.w3.org/1999/xhtml" xml:lang="en" lang="en">
 <head>
  <title>
</title>
<meta http-equiv="Content-Type" content="text/html;charset=utf-8" />
  <meta name='ocr-system' content='tesseract 3.04.00' />
  <meta name='ocr-capabilities' content='ocr_page ocr_carea ocr_par ocr_line ocrx_word'/>
</head>
<body>
  <div class='ocr_page' id='page_1' title='image "./lesquatrepremie00wulfgoog_0160.png"; bbox 0 0 6700 7992; ppageno 0'>
   <div class='ocr_carea' id='block_1_1' title="bbox 1036 1459 2148 1518">
    <p class='ocr_par' dir='ltr' id='par_1_1' title="bbox 1036 1459 2148 1518">
     <span class='ocr_line' id='line_1_1' title="bbox 1036 1459 2148 1518; baseline 0.003 -5"><span class='ocrx_word' id='word_1_1' title='bbox 1036 1463 1087 1514; x_wconf 84' lang='grc'>136</span> <span class='ocrx_word' id='word_1_2' title='bbox 1399 1459 1591 1516; x_wconf 85' lang='lat' dir='ltr'><strong>MAGISTRI</strong></span> <span class='ocrx_word' id='word_1_3' title='bbox 1620 1459 1841 1517; x_wconf 84' lang='lat' dir='ltr'>GODEFRIDI</span> <span class='ocrx_word' id='word_1_4' title='bbox 1870 1462 1922 1516; x_wconf 91' lang='lat' dir='ltr'>DE</span> <span class='ocrx_word' id='word_1_5' title='bbox 1950 1460 2148 1518; x_wconf 86' lang='lat' dir='ltr'>FONTIBUS</span> 
     </span>
    </p>
   </div>
   <div class='ocr_carea' id='block_1_2' title="bbox 926 1639 2515 5092">
    <p class='ocr_par' dir='ltr' id='par_1_2' title="bbox 1035 1639 2515 1729">
     <span class='ocr_line' id='line_1_2' title="bbox 1035 1639 2515 1729; baseline 0.003 -24"><span class='ocrx_word' id='word_1_6' title='bbox 1035 1641 1129 1726; x_wconf 92' lang='lat' dir='ltr'>quod</span> <span class='ocrx_word' id='word_1_7' title='bbox 1158 1639 1261 1707; x_wconf 93' lang='lat' dir='ltr'>etiam</span> <span class='ocrx_word' id='word_1_8' title='bbox 1289 1640 1437 1727; x_wconf 89' lang='lat' dir='ltr'>primum</span> <span class='ocrx_word' id='word_1_9' title='bbox 1465 1651 1499 1707; x_wconf 89' lang='lat' dir='ltr'>et</span> <span class='ocrx_word' id='word_1_10' title='bbox 1530 1663 1593 1728; x_wconf 90' lang='lat' dir='ltr'>per</span> <span class='ocrx_word' id='word_1_11' title='bbox 1619 1663 1658 1707; x_wconf 91' lang='lat' dir='ltr'>se</span> <span class='ocrx_word' id='word_1_12' title='bbox 1686 1641 1889 1708; x_wconf 89' lang='lat' dir='ltr'>obiectum¹</span> <span class='ocrx_word' id='word_1_13' title='bbox 1916 1641 2112 1709; x_wconf 91' lang='lat' dir='ltr'>intellectus</span> <span class='ocrx_word' id='word_1_14' title='bbox 2143 1642 2188 1708; x_wconf 91' lang='lat' dir='ltr'>sit</span> <span class='ocrx_word' id='word_1_15' title='bbox 2213 1641 2361 1729; x_wconf 91' lang='lat' dir='ltr'>primum</span> <span class='ocrx_word' id='word_1_16' title='bbox 2392 1665 2456 1710; x_wconf 90' lang='lat' dir='ltr'>ens</span> <span class='ocrx_word' id='word_1_17' title='bbox 2480 1655 2515 1711; x_wconf 93' lang='lat' dir='ltr'>et</span> 
     </span>
    </p>

    <p class='ocr_par' dir='ltr' id='par_1_3' title="bbox 1035 1756 2514 1845">
     <span class='ocr_line' id='line_1_3' title="bbox 1035 1756 2514 1845; baseline 0.003 -23"><span class='ocrx_word' id='word_1_18' title='bbox 1035 1757 1152 1822; x_wconf 90' lang='lat' dir='ltr'>omnia</span> <span class='ocrx_word' id='word_1_19' title='bbox 1187 1757 1253 1822; x_wconf 91' lang='lat' dir='ltr'>alia</span> <span class='ocrx_word' id='word_1_20' title='bbox 1285 1757 1320 1822; x_wconf 91' lang='lat' dir='ltr'>in</span> <span class='ocrx_word' id='word_1_21' title='bbox 1355 1769 1522 1842; x_wconf 90' lang='lat' dir='ltr'>quantum</span> <span class='ocrx_word' id='word_1_22' title='bbox 1558 1758 1819 1842; x_wconf 90' lang='lat' dir='ltr'>quodammodo</span> <span class='ocrx_word' id='word_1_23' title='bbox 1851 1756 2060 1844; x_wconf 89' lang='lat' dir='ltr'>participant</span> <span class='ocrx_word' id='word_1_24' title='bbox 2090 1756 2260 1825; x_wconf 86' lang='lat' dir='ltr'>rationem</span> <span class='ocrx_word' id='word_1_25' title='bbox 2291 1758 2391 1845; x_wconf 89' lang='lat' dir='ltr'>primi</span> <span class='ocrx_word' id='word_1_26' title='bbox 2423 1759 2514 1827; x_wconf 91' lang='lat' dir='ltr'>entis</span> 
     </span>
    </p>

    <p class='ocr_par' dir='ltr' id='par_1_4' title="bbox 1034 1872 2515 2171">
     <span class='ocr_line' id='line_1_4' title="bbox 1034 1872 2515 1960; baseline 0.002 -21"><span class='ocrx_word' id='word_1_27' title='bbox 1034 1883 1068 1939; x_wconf 90' lang='lat' dir='ltr'>et</span> <span class='ocrx_word' id='word_1_28' title='bbox 1092 1873 1349 1939; x_wconf 80' lang='lat' dir='ltr'>attributionem</span> <span class='ocrx_word' id='word_1_29' title='bbox 1375 1875 1506 1938; x_wconf 91' lang='lat' dir='ltr'>habent</span> <span class='ocrx_word' id='word_1_30' title='bbox 1530 1874 1574 1938; x_wconf 92' lang='lat' dir='ltr'>ad</span> <span class='ocrx_word' id='word_1_31' title='bbox 1602 1873 1733 1960; x_wconf 83' lang='lat' dir='ltr'>ipsum3</span> <span class='ocrx_word' id='word_1_32' title='bbox 1762 1885 1800 1939; x_wconf 89' lang='lat' dir='ltr'>ut</span> <span class='ocrx_word' id='word_1_33' title='bbox 1826 1873 1936 1940; x_wconf 90' lang='lat' dir='ltr'>sicet</span> <span class='ocrx_word' id='word_1_34' title='bbox 1962 1895 2087 1960; x_wconf 89' lang='lat' dir='ltr'>perse</span> <span class='ocrx_word' id='word_1_35' title='bbox 2114 1872 2290 1940; x_wconf 92' lang='lat' dir='ltr'>obiectum</span> <span class='ocrx_word' id='word_1_36' title='bbox 2318 1873 2515 1942; x_wconf 89' lang='lat' dir='ltr'>intellectus</span> 
     </span>
     <span class='ocr_line' id='line_1_5' title="bbox 1034 1988 2515 2076; baseline 0.002 -22"><span class='ocrx_word' id='word_1_37' title='bbox 1034 1988 1104 2054; x_wconf 91' lang='lat' dir='ltr'>sint</span> <span class='ocrx_word' id='word_1_38' title='bbox 1120 2010 1183 2055; x_wconf 91' lang='lat' dir='ltr'>ens</span> <span class='ocrx_word' id='word_1_39' title='bbox 1207 1990 1302 2074; x_wconf 91' lang='lat' dir='ltr'>quod</span> <span class='ocrx_word' id='word_1_40' title='bbox 1327 1999 1380 2054; x_wconf 90' lang='lat' dir='ltr'>est</span> <span class='ocrx_word' id='word_1_41' title='bbox 1404 1988 1608 2069; x_wconf 90' lang='lat' dir='ltr'>substantia,</span> <span class='ocrx_word' id='word_1_42' title='bbox 1633 1999 1668 2054; x_wconf 90' lang='lat' dir='ltr'>et</span> <span class='ocrx_word' id='word_1_43' title='bbox 1691 1988 1880 2076; x_wconf 86' lang='lat' dir='ltr'>praecipue</span> <span class='ocrx_word' id='word_1_44' title='bbox 1905 1989 2099 2055; x_wconf 90' lang='lat' dir='ltr'>substantia</span> <span class='ocrx_word' id='word_1_45' title='bbox 2116 1989 2236 2076; x_wconf 90' lang='lat' dir='ltr'>prima,</span> <span class='ocrx_word' id='word_1_46' title='bbox 2254 1999 2288 2057; x_wconf 93' lang='lat' dir='ltr'>et</span> <span class='ocrx_word' id='word_1_47' title='bbox 2305 1989 2423 2057; x_wconf 90' lang='lat' dir='ltr'>omnia</span> <span class='ocrx_word' id='word_1_48' title='bbox 2447 1990 2515 2057; x_wconf 91' lang='lat' dir='ltr'>alia</span> 
     </span>
     <span class='ocr_line' id='line_1_6' title="bbox 1035 2104 1996 2171; baseline 0 -1"><span class='ocrx_word' id='word_1_49' title='bbox 1035 2104 1126 2170; x_wconf 87' lang='lat' dir='ltr'>entia</span> <span class='ocrx_word' id='word_1_50' title='bbox 1151 2105 1346 2171; x_wconf 90' lang='lat' dir='ltr'>secundum</span> <span class='ocrx_word' id='word_1_51' title='bbox 1369 2106 1465 2170; x_wconf 91' lang='lat' dir='ltr'>hunc</span> <span class='ocrx_word' id='word_1_52' title='bbox 1489 2104 1645 2170; x_wconf 88' lang='lat' dir='ltr'>ordinem</span> <span class='ocrx_word' id='word_1_53' title='bbox 1671 2115 1706 2171; x_wconf 93' lang='lat' dir='ltr'>et</span> <span class='ocrx_word' id='word_1_54' title='bbox 1730 2104 1996 2171; x_wconf 87' lang='lat' dir='ltr'>attributionem.</span> 
     </span>
    </p>

    <p class='ocr_par' dir='ltr' id='par_1_5' title="bbox 1124 2219 2515 2306">
     <span class='ocr_line' id='line_1_7' title="bbox 1124 2219 2515 2306; baseline 0.004 -21"><span class='ocrx_word' id='word_1_55' title='bbox 1124 2220 1181 2285; x_wconf 78' lang='lat' dir='ltr'>Ad</span> <span class='ocrx_word' id='word_1_56' title='bbox 1208 2222 1278 2286; x_wconf 90' lang='lat' dir='ltr'>hoc</span> <span class='ocrx_word' id='word_1_57' title='bbox 1305 2219 1453 2306; x_wconf 90' lang='lat' dir='ltr'>primum</span> <span class='ocrx_word' id='word_1_58' title='bbox 1481 2219 1668 2300; x_wconf 88' lang='lat' dir='ltr'>obiectum,</span> <span class='ocrx_word' id='word_1_59' title='bbox 1700 2230 1822 2288; x_wconf 91' lang='lat' dir='ltr'>contra</span> <span class='ocrx_word' id='word_1_60' title='bbox 1850 2221 2007 2287; x_wconf 90' lang='lat' dir='ltr'>dicentes</span> <span class='ocrx_word' id='word_1_61' title='bbox 2036 2222 2131 2306; x_wconf 93' lang='lat' dir='ltr'>quod</span> <span class='ocrx_word' id='word_1_62' title='bbox 2162 2220 2358 2289; x_wconf 90' lang='lat' dir='ltr'>intellectus</span> <span class='ocrx_word' id='word_1_63' title='bbox 2393 2231 2515 2290; x_wconf 90' lang='lat' dir='ltr'>noster</span> 
     </span>
    </p>

    <p class='ocr_par' dir='ltr' id='par_1_6' title="bbox 1033 2318 2514 2425">
     <span class='ocr_line' id='line_1_8' title="bbox 1033 2318 2514 2425; baseline 0.003 -24"><span class='ocrx_word' id='word_1_64' title='bbox 1033 2337 1129 2402; x_wconf 91' lang='lat' dir='ltr'>nullo</span> <span class='ocrx_word' id='word_1_65' title='bbox 1154 2337 1260 2402; x_wconf 90' lang='lat' dir='ltr'>modo</span> <span class='ocrx_word' id='word_1_66' title='bbox 1284 2348 1401 2422; x_wconf 90' lang='lat' dir='ltr'>potest</span> <span class='ocrx_word' id='word_1_67' title='bbox 1436 2357 1478 2401; x_wconf 86' lang='lat' dir='ltr'>ex</span> <span class='ocrx_word' id='word_1_68' title='bbox 1514 2335 1728 2402; x_wconf 88' lang='lat' dir='ltr'>naturalibus</span> <span class='ocrx_word' id='word_1_69' title='bbox 1764 2357 1982 2425; x_wconf 83' lang='lat' dir='ltr'>cognoscere</span> <span class='ocrx_word' id='word_1_70' title='bbox 2010 2318 2159 2422; x_wconf 86' lang='lat' dir='ltr'>aliquam</span> <span class='ocrx_word' id='word_1_71' title='bbox 2195 2336 2425 2404; x_wconf 89' lang='lat' dir='ltr'>substantiam</span> <span class='ocrx_word' id='word_1_72' title='bbox 2453 2337 2514 2405; x_wconf 93' lang='lat' dir='ltr'>im·</span> 
     </span>
    </p>

    <p class='ocr_par' dir='ltr' id='par_1_7' title="bbox 1034 2450 2513 2541">
     <span class='ocr_line' id='line_1_9' title="bbox 1034 2450 2513 2541; baseline 0.001 -23"><span class='ocrx_word' id='word_1_73' title='bbox 1034 2452 1184 2519; x_wconf 90' lang='lat' dir='ltr'>mediate</span> <span class='ocrx_word' id='word_1_74' title='bbox 1219 2451 1395 2518; x_wconf 89' lang='lat' dir='ltr'>intellectu</span> <span class='ocrx_word' id='word_1_75' title='bbox 1430 2450 1617 2532; x_wconf 87' lang='lat' dir='ltr'>essentiali,</span> <span class='ocrx_word' id='word_1_76' title='bbox 1652 2453 1716 2518; x_wconf 92' lang='lat' dir='ltr'>sed</span> <span class='ocrx_word' id='word_1_77' title='bbox 1749 2454 1862 2518; x_wconf 91' lang='lat' dir='ltr'>solum</span> <span class='ocrx_word' id='word_1_78' title='bbox 1892 2452 2196 2541; x_wconf 67' lang='lat' dir='ltr'>argumentative*</span> <span class='ocrx_word' id='word_1_79' title='bbox 2231 2464 2265 2520; x_wconf 91' lang='lat' dir='ltr'>et</span> <span class='ocrx_word' id='word_1_80' title='bbox 2299 2464 2425 2536; x_wconf 86' lang='lat' dir='ltr'>cetera,</span> <span class='ocrx_word' id='word_1_81' title='bbox 2459 2456 2513 2521; x_wconf 84' lang='lat' dir='ltr'>vel</span> 
     </span>
    </p>

    <p class='ocr_par' dir='ltr' id='par_1_8' title="bbox 926 2566 2514 3795">
     <span class='ocr_line' id='line_1_10' title="bbox 1034 2566 2513 2655; baseline 0.001 -20"><span class='ocrx_word' id='word_1_82' title='bbox 1034 2580 1150 2655; x_wconf 87' lang='lat' dir='ltr'>potest</span> <span class='ocrx_word' id='word_1_83' title='bbox 1177 2568 1245 2635; x_wconf 90' lang='lat' dir='ltr'>dici</span> <span class='ocrx_word' id='word_1_84' title='bbox 1270 2570 1365 2653; x_wconf 90' lang='lat' dir='ltr'>quod</span> <span class='ocrx_word' id='word_1_85' title='bbox 1389 2568 1434 2632; x_wconf 90' lang='lat' dir='ltr'>ad</span> <span class='ocrx_word' id='word_1_86' title='bbox 1458 2566 1624 2634; x_wconf 91' lang='lat' dir='ltr'>unitatem</span> <span class='ocrx_word' id='word_1_87' title='bbox 1649 2567 1777 2634; x_wconf 86' lang='lat' dir='ltr'>obiecti</span> <span class='ocrx_word' id='word_1_88' title='bbox 1800 2568 1979 2654; x_wconf 88' lang='lat' dir='ltr'>potentiae</span> <span class='ocrx_word' id='word_1_89' title='bbox 2004 2568 2246 2650; x_wconf 90' lang='lat' dir='ltr'>immaterialis,</span> <span class='ocrx_word' id='word_1_90' title='bbox 2264 2591 2355 2655; x_wconf 89' lang='lat' dir='ltr'>quae</span> <span class='ocrx_word' id='word_1_91' title='bbox 2378 2569 2513 2637; x_wconf 89' lang='lat' dir='ltr'>ratione</span> 
     </span>
     <span class='ocr_line' id='line_1_11' title="bbox 1034 2683 2511 2770; baseline 0 -19"><span class='ocrx_word' id='word_1_92' title='bbox 1034 2707 1120 2752; x_wconf 92' lang='lat' dir='ltr'>suae</span> <span class='ocrx_word' id='word_1_93' title='bbox 1148 2683 1442 2750; x_wconf 88' lang='lat' dir='ltr'>immaterialitatis</span> <span class='ocrx_word' id='word_1_94' title='bbox 1470 2695 1504 2750; x_wconf 91' lang='lat' dir='ltr'>et</span> <span class='ocrx_word' id='word_1_95' title='bbox 1534 2683 1778 2749; x_wconf 87' lang='lat' dir='ltr'>abstractionis</span> <span class='ocrx_word' id='word_1_96' title='bbox 1806 2684 1852 2748; x_wconf 88' lang='lat' dir='ltr'>a³</span> <span class='ocrx_word' id='word_1_97' title='bbox 1876 2683 2019 2750; x_wconf 90' lang='lat' dir='ltr'>materia</span> <span class='ocrx_word' id='word_1_98' title='bbox 2042 2706 2134 2770; x_wconf 92' lang='lat' dir='ltr'>quae</span> <span class='ocrx_word' id='word_1_99' title='bbox 2161 2696 2243 2752; x_wconf 89' lang='lat' dir='ltr'>nata</span> <span class='ocrx_word' id='word_1_100' title='bbox 2270 2684 2350 2752; x_wconf 89' lang='lat' dir='ltr'>est⁴</span> <span class='ocrx_word' id='word_1_101' title='bbox 2374 2696 2511 2752; x_wconf 90' lang='lat' dir='ltr'>contra·</span> 
     </span>
     <span class='ocr_line' id='line_1_12' title="bbox 1034 2799 2513 2885; baseline 0 -18"><span class='ocrx_word' id='word_1_102' title='bbox 1034 2804 1117 2867; x_wconf 93' lang='lat' dir='ltr'>here</span> <span class='ocrx_word' id='word_1_103' title='bbox 1146 2811 1180 2866; x_wconf 91' lang='lat' dir='ltr'>et</span> <span class='ocrx_word' id='word_1_104' title='bbox 1210 2800 1365 2880; x_wconf 89' lang='lat' dir='ltr'>limitare,</span> <span class='ocrx_word' id='word_1_105' title='bbox 1396 2801 1555 2884; x_wconf 87' lang='lat' dir='ltr'>habe[n]t</span> <span class='ocrx_word' id='word_1_106' title='bbox 1588 2801 1764 2885; x_wconf 89' lang='lat' dir='ltr'>quandam</span> <span class='ocrx_word' id='word_1_107' title='bbox 1793 2799 1996 2865; x_wconf 85' lang='lat' dir='ltr'>infinitatem</span> <span class='ocrx_word' id='word_1_108' title='bbox 2031 2809 2065 2866; x_wconf 93' lang='lat' dir='ltr'>et</span> <span class='ocrx_word' id='word_1_109' title='bbox 2096 2800 2177 2866; x_wconf 88' lang='lat' dir='ltr'>ideo</span> <span class='ocrx_word' id='word_1_110' title='bbox 2211 2801 2366 2867; x_wconf 87' lang='lat' dir='ltr'>extendit</span> <span class='ocrx_word' id='word_1_111' title='bbox 2396 2823 2436 2868; x_wconf 90' lang='lat' dir='ltr'>se</span> <span class='ocrx_word' id='word_1_112' title='bbox 2467 2803 2513 2867; x_wconf 88' lang='lat' dir='ltr'>ad</span> 
     </span>
     <span class='ocr_line' id='line_1_13' title="bbox 1035 2915 2514 3002; baseline 0.003 -21"><span class='ocrx_word' id='word_1_113' title='bbox 1035 2916 1169 2982; x_wconf 87' lang='lat' dir='ltr'>infinita</span> <span class='ocrx_word' id='word_1_114' title='bbox 1200 2917 1461 3002; x_wconf 89' lang='lat' dir='ltr'>quodammodo</span> <span class='ocrx_word' id='word_1_115' title='bbox 1493 2915 1567 2982; x_wconf 90' lang='lat' dir='ltr'>sive</span> <span class='ocrx_word' id='word_1_116' title='bbox 1599 2917 1644 2982; x_wconf 94' lang='lat' dir='ltr'>ad</span> <span class='ocrx_word' id='word_1_117' title='bbox 1681 2915 1763 2980; x_wconf 90' lang='lat' dir='ltr'>nihil</span> <span class='ocrx_word' id='word_1_118' title='bbox 1802 2938 1909 2981; x_wconf 92' lang='lat' dir='ltr'>unum</span> <span class='ocrx_word' id='word_1_119' title='bbox 1942 2915 2199 2997; x_wconf 83' lang='lat' dir='ltr'>determinatur,</span> <span class='ocrx_word' id='word_1_120' title='bbox 2239 2917 2365 2984; x_wconf 90' lang='lat' dir='ltr'>sufficit</span> <span class='ocrx_word' id='word_1_121' title='bbox 2396 2916 2514 2985; x_wconf 91' lang='lat' dir='ltr'>huius·</span> 
     </span>
     <span class='ocr_line' id='line_1_14' title="bbox 1035 3031 2513 3119; baseline 0 -20"><span class='ocrx_word' id='word_1_122' title='bbox 1035 3033 1129 3099; x_wconf 94' lang='lat' dir='ltr'>modi</span> <span class='ocrx_word' id='word_1_123' title='bbox 1147 3032 1261 3098; x_wconf 88' lang='lat' dir='ltr'>unitas</span> <span class='ocrx_word' id='word_1_124' title='bbox 1278 3031 1472 3119; x_wconf 85' lang='lat' dir='ltr'>analogiae,</span> <span class='ocrx_word' id='word_1_125' title='bbox 1498 3033 1591 3097; x_wconf 92' lang='lat' dir='ltr'>unde</span> <span class='ocrx_word' id='word_1_126' title='bbox 1615 3032 1781 3117; x_wconf 90' lang='lat' dir='ltr'>quicquid</span> <span class='ocrx_word' id='word_1_127' title='bbox 1806 3044 1859 3098; x_wconf 89' lang='lat' dir='ltr'>est</span> <span class='ocrx_word' id='word_1_128' title='bbox 1883 3031 1957 3098; x_wconf 92' lang='lat' dir='ltr'>sive</span> <span class='ocrx_word' id='word_1_129' title='bbox 1980 3031 2196 3099; x_wconf 86' lang='lat' dir='ltr'>substantiae</span> <span class='ocrx_word' id='word_1_130' title='bbox 2220 3032 2293 3099; x_wconf 89' lang='lat' dir='ltr'>sive</span> <span class='ocrx_word' id='word_1_131' title='bbox 2318 3033 2513 3100; x_wconf 90' lang='lat' dir='ltr'>accidentis</span> 
     </span>
     <span class='ocr_line' id='line_1_15' title="bbox 1035 3147 2512 3236; baseline 0.001 -22"><span class='ocrx_word' id='word_1_132' title='bbox 1035 3148 1109 3215; x_wconf 90' lang='lat' dir='ltr'>sive</span> <span class='ocrx_word' id='word_1_133' title='bbox 1148 3148 1400 3233; x_wconf 87' lang='lat' dir='ltr'>cuiuscumque</span> <span class='ocrx_word' id='word_1_134' title='bbox 1439 3147 1578 3213; x_wconf 89' lang='lat' dir='ltr'>alterius</span> <span class='ocrx_word' id='word_1_135' title='bbox 1617 3147 1652 3213; x_wconf 93' lang='lat' dir='ltr'>in</span> <span class='ocrx_word' id='word_1_136' title='bbox 1691 3158 1858 3234; x_wconf 89' lang='lat' dir='ltr'>quantum</span> <span class='ocrx_word' id='word_1_137' title='bbox 1898 3149 2174 3234; x_wconf 91' lang='lat' dir='ltr'>unumquodque</span> <span class='ocrx_word' id='word_1_138' title='bbox 2217 3150 2323 3215; x_wconf 90' lang='lat' dir='ltr'>habet</span> <span class='ocrx_word' id='word_1_139' title='bbox 2361 3149 2512 3236; x_wconf 88' lang='lat' dir='ltr'>aliquam</span> 
     </span>
     <span class='ocr_line' id='line_1_16' title="bbox 1036 3263 2510 3350; baseline 0.001 -20"><span class='ocrx_word' id='word_1_140' title='bbox 1036 3264 1212 3331; x_wconf 85' lang='lat' dir='ltr'>entitatem</span> <span class='ocrx_word' id='word_1_141' title='bbox 1243 3286 1283 3330; x_wconf 88' lang='lat' dir='ltr'>ex</span> <span class='ocrx_word' id='word_1_142' title='bbox 1313 3285 1351 3329; x_wconf 91' lang='lat' dir='ltr'>se</span> <span class='ocrx_word' id='word_1_143' title='bbox 1377 3263 1451 3330; x_wconf 86' lang='lat' dir='ltr'>sive</span> <span class='ocrx_word' id='word_1_144' title='bbox 1479 3286 1522 3329; x_wconf 88' lang='lat' dir='ltr'>ex</span> <span class='ocrx_word' id='word_1_145' title='bbox 1545 3263 1617 3329; x_wconf 91' lang='lat' dir='ltr'>suis</span> <span class='ocrx_word' id='word_1_146' title='bbox 1649 3263 1829 3350; x_wconf 87' lang='lat' dir='ltr'>principiis</span> <span class='ocrx_word' id='word_1_147' title='bbox 1862 3265 1916 3329; x_wconf 91' lang='lat' dir='ltr'>vel</span> <span class='ocrx_word' id='word_1_148' title='bbox 1946 3275 2065 3329; x_wconf 91' lang='lat' dir='ltr'>natum</span> <span class='ocrx_word' id='word_1_149' title='bbox 2094 3265 2304 3331; x_wconf 89' lang='lat' dir='ltr'>esthabere</span> <span class='ocrx_word' id='word_1_150' title='bbox 2332 3265 2510 3333; x_wconf 91' lang='lat' dir='ltr'>obiectum</span> 
     </span>
     <span class='ocr_line' id='line_1_17' title="bbox 1035 3379 2513 3467; baseline 0.003 -22"><span class='ocrx_word' id='word_1_151' title='bbox 1035 3380 1123 3448; x_wconf 91' lang='lat' dir='ltr'>illius</span> <span class='ocrx_word' id='word_1_152' title='bbox 1145 3379 1323 3466; x_wconf 91' lang='lat' dir='ltr'>potentiae</span> <span class='ocrx_word' id='word_1_153' title='bbox 1348 3379 1589 3464; x_wconf 86' lang='lat' dir='ltr'>quaeratione</span> <span class='ocrx_word' id='word_1_154' title='bbox 1612 3401 1697 3445; x_wconf 88' lang='lat' dir='ltr'>suae</span> <span class='ocrx_word' id='word_1_155' title='bbox 1722 3379 1922 3466; x_wconf 88' lang='lat' dir='ltr'>praedictae</span> <span class='ocrx_word' id='word_1_156' title='bbox 1939 3379 2115 3445; x_wconf 89' lang='lat' dir='ltr'>infinitatis</span> <span class='ocrx_word' id='word_1_157' title='bbox 2139 3381 2183 3445; x_wconf 95' lang='lat' dir='ltr'>ad</span> <span class='ocrx_word' id='word_1_158' title='bbox 2207 3381 2339 3446; x_wconf 93' lang='lat' dir='ltr'>nullum</span> <span class='ocrx_word' id='word_1_159' title='bbox 2358 3381 2513 3467; x_wconf 83' lang='lat' dir='ltr'>speciale</span> 
     </span>
     <span class='ocr_line' id='line_1_18' title="bbox 1036 3494 2513 3583; baseline 0.001 -21"><span class='ocrx_word' id='word_1_160' title='bbox 1036 3519 1099 3563; x_wconf 91' lang='lat' dir='ltr'>ens</span> <span class='ocrx_word' id='word_1_161' title='bbox 1135 3495 1391 3562; x_wconf 88' lang='lat' dir='ltr'>determinatur.</span> <span class='ocrx_word' id='word_1_162' title='bbox 1424 3496 1500 3561; x_wconf 91' lang='lat' dir='ltr'>Nec</span> <span class='ocrx_word' id='word_1_163' title='bbox 1531 3494 1713 3580; x_wconf 87' lang='lat' dir='ltr'>requiritur</span> <span class='ocrx_word' id='word_1_164' title='bbox 1749 3496 1844 3581; x_wconf 94' lang='lat' dir='ltr'>quod</span> <span class='ocrx_word' id='word_1_165' title='bbox 1876 3494 1950 3561; x_wconf 89' lang='lat' dir='ltr'>eius</span> <span class='ocrx_word' id='word_1_166' title='bbox 1981 3516 2044 3581; x_wconf 92' lang='lat' dir='ltr'>per</span> <span class='ocrx_word' id='word_1_167' title='bbox 2079 3516 2117 3561; x_wconf 92' lang='lat' dir='ltr'>se</span> <span class='ocrx_word' id='word_1_168' title='bbox 2145 3495 2321 3562; x_wconf 89' lang='lat' dir='ltr'>obiectum</span> <span class='ocrx_word' id='word_1_169' title='bbox 2350 3495 2513 3583; x_wconf 88' lang='lat' dir='ltr'>importet</span> 
     </span>
     <span class='ocr_line' id='line_1_19' title="bbox 1035 3610 2511 3697; baseline 0.001 -20"><span class='ocrx_word' id='word_1_170' title='bbox 1035 3611 1185 3697; x_wconf 89' lang='lat' dir='ltr'>aliquam</span> <span class='ocrx_word' id='word_1_171' title='bbox 1209 3611 1378 3676; x_wconf 91' lang='lat' dir='ltr'>rationem</span> <span class='ocrx_word' id='word_1_172' title='bbox 1407 3633 1512 3676; x_wconf 93' lang='lat' dir='ltr'>unam</span> <span class='ocrx_word' id='word_1_173' title='bbox 1540 3610 1736 3691; x_wconf 91' lang='lat' dir='ltr'>univocam,</span> <span class='ocrx_word' id='word_1_174' title='bbox 1764 3610 1854 3677; x_wconf 90' lang='lat' dir='ltr'>sicut</span> <span class='ocrx_word' id='word_1_175' title='bbox 1880 3610 2063 3696; x_wconf 90' lang='lat' dir='ltr'>requiritur</span> <span class='ocrx_word' id='word_1_176' title='bbox 2094 3610 2129 3676; x_wconf 93' lang='lat' dir='ltr'>in</span> <span class='ocrx_word' id='word_1_177' title='bbox 2157 3610 2231 3676; x_wconf 92' lang='lat' dir='ltr'>aliis</span> <span class='ocrx_word' id='word_1_178' title='bbox 2259 3613 2304 3677; x_wconf 92' lang='lat' dir='ltr'>ad</span> <span class='ocrx_word' id='word_1_179' title='bbox 2333 3612 2511 3679; x_wconf 89' lang='lat' dir='ltr'>materiam</span> 
     </span>
     <span class='ocr_line' id='line_1_20' title="bbox 926 3725 1995 3795; baseline -0.004 -1"><span class='ocrx_word' id='word_1_180' title='bbox 926 3754 934 3769; x_wconf 90' lang='lat'><strong>·</strong></span> <span class='ocrx_word' id='word_1_181' title='bbox 1035 3739 1069 3794; x_wconf 91' lang='lat' dir='ltr'>et</span> <span class='ocrx_word' id='word_1_182' title='bbox 1093 3726 1321 3795; x_wconf 89' lang='lat' dir='ltr'>condiciones</span> <span class='ocrx_word' id='word_1_183' title='bbox 1344 3725 1538 3793; x_wconf 89' lang='lat' dir='ltr'>materiales</span> <span class='ocrx_word' id='word_1_184' title='bbox 1563 3725 1752 3793; x_wconf 89' lang='lat' dir='ltr'>contractis</span> <span class='ocrx_word' id='word_1_185' title='bbox 1777 3738 1812 3792; x_wconf 94' lang='lat' dir='ltr'>et</span> <span class='ocrx_word' id='word_1_186' title='bbox 1833 3725 1995 3792; x_wconf 92' lang='lat' dir='ltr'>limitatis.</span> 
     </span>
    </p>

    <p class='ocr_par' dir='ltr' id='par_1_9' title="bbox 1032 3842 2512 5092">
     <span class='ocr_line' id='line_1_21' title="bbox 1123 3842 2512 3930; baseline 0.001 -21"><span class='ocrx_word' id='word_1_187' title='bbox 1123 3844 1167 3909; x_wconf 89' lang='lat' dir='ltr'>Et</span> <span class='ocrx_word' id='word_1_188' title='bbox 1190 3843 1241 3909; x_wconf 91' lang='lat' dir='ltr'>sic</span> <span class='ocrx_word' id='word_1_189' title='bbox 1276 3853 1371 3930; x_wconf 89' lang='lat' dir='ltr'>patet</span> <span class='ocrx_word' id='word_1_190' title='bbox 1406 3843 1500 3928; x_wconf 89' lang='lat' dir='ltr'>quod</span> <span class='ocrx_word' id='word_1_191' title='bbox 1535 3842 1616 3908; x_wconf 93' lang='lat' dir='ltr'>licet</span> <span class='ocrx_word' id='word_1_192' title='bbox 1650 3843 1815 3908; x_wconf 88' lang='lat' dir='ltr'>accidens</span> <span class='ocrx_word' id='word_1_193' title='bbox 1851 3853 1885 3908; x_wconf 89' lang='lat' dir='ltr'>et</span> <span class='ocrx_word' id='word_1_194' title='bbox 1916 3842 2110 3908; x_wconf 92' lang='lat' dir='ltr'>substantia</span> <span class='ocrx_word' id='word_1_195' title='bbox 2141 3844 2336 3909; x_wconf 88' lang='lat' dir='ltr'>secundum</span> <span class='ocrx_word' id='word_1_196' title='bbox 2373 3865 2445 3910; x_wconf 89' lang='lat' dir='ltr'>rem</span> <span class='ocrx_word' id='word_1_197' title='bbox 2477 3855 2512 3912; x_wconf 92' lang='lat' dir='ltr'>et</span> 
     </span>
     <span class='ocr_line' id='line_1_22' title="bbox 1034 3957 2510 4046; baseline 0.001 -20"><span class='ocrx_word' id='word_1_198' title='bbox 1034 3961 1228 4027; x_wconf 89' lang='lat' dir='ltr'>secundum</span> <span class='ocrx_word' id='word_1_199' title='bbox 1256 3980 1336 4026; x_wconf 87' lang='lat' dir='ltr'>esse</span> <span class='ocrx_word' id='word_1_200' title='bbox 1367 3969 1512 4024; x_wconf 89' lang='lat' dir='ltr'>naturae</span> <span class='ocrx_word' id='word_1_201' title='bbox 1540 3958 1678 4025; x_wconf 87' lang='lat' dir='ltr'>diversa</span> <span class='ocrx_word' id='word_1_202' title='bbox 1708 3957 1777 4024; x_wconf 92' lang='lat' dir='ltr'>sint</span> <span class='ocrx_word' id='word_1_203' title='bbox 1803 3978 1944 4046; x_wconf 87' lang='lat' dir='ltr'>genere,</span> <span class='ocrx_word' id='word_1_204' title='bbox 1973 3969 2089 4024; x_wconf 91' lang='lat' dir='ltr'>tamen</span> <span class='ocrx_word' id='word_1_205' title='bbox 2117 3961 2311 4025; x_wconf 87' lang='lat' dir='ltr'>secundum</span> <span class='ocrx_word' id='word_1_206' title='bbox 2340 3960 2510 4027; x_wconf 89' lang='lat' dir='ltr'>rationem</span> 
     </span>
     <span class='ocr_line' id='line_1_23' title="bbox 1034 4074 2512 4160; baseline 0.001 -18"><span class='ocrx_word' id='word_1_207' title='bbox 1034 4075 1162 4143; x_wconf 89' lang='lat' dir='ltr'>obiecti</span> <span class='ocrx_word' id='word_1_208' title='bbox 1190 4087 1224 4142; x_wconf 93' lang='lat' dir='ltr'>et</span> <span class='ocrx_word' id='word_1_209' title='bbox 1255 4086 1371 4142; x_wconf 90' lang='lat' dir='ltr'>cetera</span> <span class='ocrx_word' id='word_1_210' title='bbox 1396 4096 1468 4140; x_wconf 91' lang='lat' dir='ltr'>non</span> <span class='ocrx_word' id='word_1_211' title='bbox 1497 4074 1660 4141; x_wconf 87' lang='lat' dir='ltr'>differunt</span> <span class='ocrx_word' id='word_1_212' title='bbox 1686 4085 1847 4160; x_wconf 88' lang='lat' dir='ltr'>respectu</span> <span class='ocrx_word' id='word_1_213' title='bbox 1875 4074 2080 4141; x_wconf 91' lang='lat' dir='ltr'>intellectus.</span> <span class='ocrx_word' id='word_1_214' title='bbox 2108 4075 2211 4141; x_wconf 90' lang='lat' dir='ltr'>Unde</span> <span class='ocrx_word' id='word_1_215' title='bbox 2240 4075 2330 4142; x_wconf 90' lang='lat' dir='ltr'>sicut</span> <span class='ocrx_word' id='word_1_216' title='bbox 2357 4098 2428 4143; x_wconf 91' lang='lat' dir='ltr'>non</span> <span class='ocrx_word' id='word_1_217' title='bbox 2458 4086 2512 4145; x_wconf 90' lang='lat' dir='ltr'>est</span> 
     </span>
     <span class='ocr_line' id='line_1_24' title="bbox 1034 4190 2511 4273; baseline 0.001 -14"><span class='ocrx_word' id='word_1_218' title='bbox 1034 4193 1101 4259; x_wconf 91' lang='lat' dir='ltr'>alia</span> <span class='ocrx_word' id='word_1_219' title='bbox 1125 4191 1271 4259; x_wconf 91' lang='lat' dir='ltr'>scientia</span> <span class='ocrx_word' id='word_1_220' title='bbox 1295 4192 1339 4257; x_wconf 91' lang='lat' dir='ltr'>de</span> <span class='ocrx_word' id='word_1_221' title='bbox 1367 4190 1561 4256; x_wconf 89' lang='lat' dir='ltr'>substantia</span> <span class='ocrx_word' id='word_1_222' title='bbox 1585 4201 1619 4256; x_wconf 93' lang='lat' dir='ltr'>et</span> <span class='ocrx_word' id='word_1_223' title='bbox 1646 4190 1829 4257; x_wconf 89' lang='lat' dir='ltr'>accidente</span> <span class='ocrx_word' id='word_1_224' title='bbox 1846 4200 1883 4256; x_wconf 92' lang='lat' dir='ltr'>ut</span> <span class='ocrx_word' id='word_1_225' title='bbox 1910 4190 2105 4256; x_wconf 90' lang='lat' dir='ltr'>attribuitur</span> <span class='ocrx_word' id='word_1_226' title='bbox 2129 4192 2356 4273; x_wconf 91' lang='lat' dir='ltr'>substantiae,</span> <span class='ocrx_word' id='word_1_227' title='bbox 2374 4192 2420 4258; x_wconf 91' lang='lat' dir='ltr'>ita</span> <span class='ocrx_word' id='word_1_228' title='bbox 2443 4215 2511 4261; x_wconf 90' lang='lat' dir='ltr'>nec</span> 
     </span>
     <span class='ocr_line' id='line_1_25' title="bbox 1034 4305 2510 4394; baseline 0.001 -19"><span class='ocrx_word' id='word_1_229' title='bbox 1034 4320 1087 4375; x_wconf 86' lang='lat' dir='ltr'>est</span> <span class='ocrx_word' id='word_1_230' title='bbox 1114 4308 1180 4374; x_wconf 91' lang='lat' dir='ltr'>alia</span> <span class='ocrx_word' id='word_1_231' title='bbox 1207 4306 1390 4394; x_wconf 85' lang='lat' dir='ltr'>potentia⁶</span> <span class='ocrx_word' id='word_1_232' title='bbox 1413 4305 1550 4372; x_wconf 90' lang='lat' dir='ltr'>animae</span> <span class='ocrx_word' id='word_1_233' title='bbox 1570 4317 1607 4371; x_wconf 92' lang='lat' dir='ltr'>ut</span> <span class='ocrx_word' id='word_1_234' title='bbox 1636 4317 1688 4373; x_wconf 90' lang='lat' dir='ltr'>est</span> <span class='ocrx_word' id='word_1_235' title='bbox 1712 4305 1889 4393; x_wconf 82' lang='lat' dir='ltr'>cognitiva</span> <span class='ocrx_word' id='word_1_236' title='bbox 1912 4306 2128 4373; x_wconf 89' lang='lat' dir='ltr'>substantiae</span> <span class='ocrx_word' id='word_1_237' title='bbox 2153 4317 2187 4373; x_wconf 88' lang='lat' dir='ltr'>et</span> <span class='ocrx_word' id='word_1_238' title='bbox 2211 4306 2402 4374; x_wconf 90' lang='lat' dir='ltr'>accidentis</span> <span class='ocrx_word' id='word_1_239' title='bbox 2425 4319 2463 4375; x_wconf 93' lang='lat' dir='ltr'>ut</span> <span class='ocrx_word' id='word_1_240' title='bbox 2479 4309 2510 4376; x_wconf 93' lang='lat' dir='ltr'>ei</span> 
     </span>
     <span class='ocr_line' id='line_1_26' title="bbox 1034 4397 2510 4511; baseline 0.001 -20"><span class='ocrx_word' id='word_1_241' title='bbox 1034 4397 1237 4504; x_wconf 75' lang='lat' dir='ltr'>attribuitur,</span> <span class='ocrx_word' id='word_1_242' title='bbox 1254 4423 1335 4489; x_wconf 88' lang='lat' dir='ltr'>licet</span> <span class='ocrx_word' id='word_1_243' title='bbox 1351 4423 1512 4489; x_wconf 87' lang='lat' dir='ltr'>differant</span> <span class='ocrx_word' id='word_1_244' title='bbox 1539 4427 1545 4506; x_wconf 85' lang='grc' dir='ltr'>Ι</span> <span class='ocrx_word' id='word_1_245' title='bbox 1575 4444 1715 4511; x_wconf 89' lang='lat' dir='ltr'>genere.</span> <span class='ocrx_word' id='word_1_246' title='bbox 1741 4423 1785 4487; x_wconf 90' lang='lat' dir='ltr'>Et</span> <span class='ocrx_word' id='word_1_247' title='bbox 1807 4421 1888 4488; x_wconf 90' lang='lat' dir='ltr'>ideo</span> <span class='ocrx_word' id='word_1_248' title='bbox 1911 4421 2047 4487; x_wconf 90' lang='lat' dir='ltr'>videtur</span> <span class='ocrx_word' id='word_1_249' title='bbox 2070 4423 2165 4508; x_wconf 92' lang='lat' dir='ltr'>quod</span> <span class='ocrx_word' id='word_1_250' title='bbox 2183 4421 2217 4488; x_wconf 92' lang='lat' dir='ltr'>in</span> <span class='ocrx_word' id='word_1_251' title='bbox 2239 4422 2317 4509; x_wconf 92' lang='lat' dir='ltr'>ipso</span> <span class='ocrx_word' id='word_1_252' title='bbox 2333 4423 2510 4492; x_wconf 91' lang='lat' dir='ltr'>intellectu</span> 
     </span>
     <span class='ocr_line' id='line_1_27' title="bbox 1033 4537 2511 4626; baseline 0 -19"><span class='ocrx_word' id='word_1_253' title='bbox 1033 4563 1106 4607; x_wconf 91' lang='lat' dir='ltr'>non</span> <span class='ocrx_word' id='word_1_254' title='bbox 1135 4541 1179 4606; x_wconf 92' lang='lat' dir='ltr'>sit</span> <span class='ocrx_word' id='word_1_255' title='bbox 1206 4561 1337 4626; x_wconf 91' lang='lat' dir='ltr'>ponere</span> <span class='ocrx_word' id='word_1_256' title='bbox 1371 4538 1525 4604; x_wconf 89' lang='lat' dir='ltr'>diversas</span> <span class='ocrx_word' id='word_1_257' title='bbox 1560 4538 1735 4624; x_wconf 92' lang='lat' dir='ltr'>potentias</span> <span class='ocrx_word' id='word_1_258' title='bbox 1762 4537 1898 4603; x_wconf 87' lang='lat' dir='ltr'>realiter</span> <span class='ocrx_word' id='word_1_259' title='bbox 1926 4537 2125 4604; x_wconf 88' lang='lat' dir='ltr'>differentes</span> <span class='ocrx_word' id='word_1_260' title='bbox 2153 4550 2314 4624; x_wconf 90' lang='lat' dir='ltr'>respectu</span> <span class='ocrx_word' id='word_1_261' title='bbox 2349 4562 2511 4626; x_wconf 90' lang='lat' dir='ltr'>quorum·</span> 
     </span>
     <span class='ocr_line' id='line_1_28' title="bbox 1033 4652 2510 4744; baseline -0.001 -20"><span class='ocrx_word' id='word_1_262' title='bbox 1033 4679 1182 4743; x_wconf 92' lang='lat' dir='ltr'>cumque</span> <span class='ocrx_word' id='word_1_263' title='bbox 1211 4655 1495 4744; x_wconf 82' lang='lat' dir='ltr'>intelligibilium3</span> <span class='ocrx_word' id='word_1_264' title='bbox 1521 4664 1555 4720; x_wconf 90' lang='lat' dir='ltr'>et</span> <span class='ocrx_word' id='word_1_265' title='bbox 1582 4653 1632 4719; x_wconf 90' lang='lat' dir='ltr'>sic</span> <span class='ocrx_word' id='word_1_266' title='bbox 1660 4653 1690 4717; x_wconf 92' lang='lat' dir='ltr'>si</span> <span class='ocrx_word' id='word_1_267' title='bbox 1717 4652 1946 4719; x_wconf 84' lang='lat' dir='ltr'>scientificum</span> <span class='ocrx_word' id='word_1_268' title='bbox 1972 4664 2005 4719; x_wconf 92' lang='lat' dir='ltr'>et</span> <span class='ocrx_word' id='word_1_269' title='bbox 2031 4653 2308 4721; x_wconf 89' lang='lat' dir='ltr'>ratiocinativum</span> <span class='ocrx_word' id='word_1_270' title='bbox 2333 4657 2377 4720; x_wconf 92' lang='lat' dir='ltr'>ad</span> <span class='ocrx_word' id='word_1_271' title='bbox 2394 4655 2510 4742; x_wconf 90' lang='lat' dir='ltr'>ipsum</span> 
     </span>
     <span class='ocr_line' id='line_1_29' title="bbox 1032 4768 2509 4855; baseline -0.001 -16"><span class='ocrx_word' id='word_1_272' title='bbox 1032 4774 1244 4840; x_wconf 88' lang='lat' dir='ltr'>intellectum</span> <span class='ocrx_word' id='word_1_273' title='bbox 1271 4770 1494 4837; x_wconf 81' lang='lat' dir='ltr'>secundum⁰</span> <span class='ocrx_word' id='word_1_274' title='bbox 1517 4791 1555 4836; x_wconf 88' lang='lat' dir='ltr'>se</span> <span class='ocrx_word' id='word_1_275' title='bbox 1583 4769 1784 4848; x_wconf 87' lang='lat' dir='ltr'>referantur,</span> <span class='ocrx_word' id='word_1_276' title='bbox 1814 4768 2000 4834; x_wconf 89' lang='lat' dir='ltr'>dicendum</span> <span class='ocrx_word' id='word_1_277' title='bbox 2028 4771 2124 4855; x_wconf 90' lang='lat' dir='ltr'>quod</span> <span class='ocrx_word' id='word_1_278' title='bbox 2151 4791 2224 4835; x_wconf 94' lang='lat' dir='ltr'>non</span> <span class='ocrx_word' id='word_1_279' title='bbox 2252 4781 2334 4836; x_wconf 91' lang='lat' dir='ltr'>sunt</span> <span class='ocrx_word' id='word_1_280' title='bbox 2351 4770 2509 4839; x_wconf 89' lang='lat' dir='ltr'>diversae</span> 
     </span>
     <span class='ocr_line' id='line_1_30' title="bbox 1032 4884 2509 4977; baseline -0.002 -21"><span class='ocrx_word' id='word_1_281' title='bbox 1032 4890 1210 4977; x_wconf 89' lang='lat' dir='ltr'>potentiae</span> <span class='ocrx_word' id='word_1_282' title='bbox 1234 4887 1370 4954; x_wconf 90' lang='lat' dir='ltr'>realiter</span> <span class='ocrx_word' id='word_1_283' title='bbox 1397 4887 1597 4952; x_wconf 88' lang='lat' dir='ltr'>differentes</span> <span class='ocrx_word' id='word_1_284' title='bbox 1625 4884 1718 4951; x_wconf 90' lang='lat' dir='ltr'>circa</span> <span class='ocrx_word' id='word_1_285' title='bbox 1742 4884 1855 4970; x_wconf 91' lang='lat' dir='ltr'>ipsum</span> <span class='ocrx_word' id='word_1_286' title='bbox 1884 4884 2117 4951; x_wconf 90' lang='lat' dir='ltr'>intellectum:</span> <span class='ocrx_word' id='word_1_287' title='bbox 2153 4895 2299 4970; x_wconf 88' lang='lat' dir='ltr'>uterque</span> <span class='ocrx_word' id='word_1_288' title='bbox 2334 4886 2426 4952; x_wconf 88' lang='lat' dir='ltr'>enim</span> <span class='ocrx_word' id='word_1_289' title='bbox 2456 4898 2509 4954; x_wconf 92' lang='lat' dir='ltr'>est</span> 
     </span>
     <span class='ocr_line' id='line_1_31' title="bbox 1032 4999 2509 5092; baseline -0.001 -21"><span class='ocrx_word' id='word_1_290' title='bbox 1032 5005 1188 5092; x_wconf 90' lang='lat' dir='ltr'>potentia</span> <span class='ocrx_word' id='word_1_291' title='bbox 1205 5004 1355 5091; x_wconf 87' lang='lat' dir='ltr'>passiva,</span> <span class='ocrx_word' id='word_1_292' title='bbox 1373 5014 1407 5068; x_wconf 92' lang='lat' dir='ltr'>et</span> <span class='ocrx_word' id='word_1_293' title='bbox 1423 5001 1473 5067; x_wconf 84' lang='lat' dir='ltr'>sic</span> <span class='ocrx_word' id='word_1_294' title='bbox 1490 5012 1608 5067; x_wconf 86' lang='lat' dir='ltr'>essent</span> <span class='ocrx_word' id='word_1_295' title='bbox 1624 5001 1741 5087; x_wconf 91' lang='lat' dir='ltr'>plures</span> <span class='ocrx_word' id='word_1_296' title='bbox 1769 4999 1965 5066; x_wconf 90' lang='lat' dir='ltr'>intellectus</span> <span class='ocrx_word' id='word_1_297' title='bbox 1989 5000 2185 5087; x_wconf 66' lang='lat' dir='ltr'>possibiles</span> <span class='ocrx_word' id='word_1_298' title='bbox 2210 5022 2317 5087; x_wconf 89' lang='lat' dir='ltr'>quare</span> <span class='ocrx_word' id='word_1_299' title='bbox 2341 5013 2375 5069; x_wconf 91' lang='lat' dir='ltr'>et</span> <span class='ocrx_word' id='word_1_300' title='bbox 2391 5003 2509 5089; x_wconf 92' lang='lat' dir='ltr'>plures</span> 
     </span>
    </p>
   </div>
   <div class='ocr_carea' id='block_1_3' title="bbox 843 4400 1013 4527">
    <p class='ocr_par' dir='ltr' id='par_1_10' title="bbox 843 4400 1013 4527">
     <span class='ocr_line' id='line_1_32' title="bbox 872 4400 978 4455; baseline -0.019 0"><span class='ocrx_word' id='word_1_301' title='bbox 872 4400 938 4455; x_wconf 90' lang='lat' dir='ltr'>cod.</span> <span class='ocrx_word' id='word_1_302' title='bbox 951 4400 978 4453; x_wconf 91' lang='lat' dir='ltr'>V</span> 
     </span>
     <span class='ocr_line' id='line_1_33' title="bbox 843 4470 1013 4527; baseline 0.012 -2"><span class='ocrx_word' id='word_1_303' title='bbox 843 4470 893 4525; x_wconf 88' lang='lat' dir='ltr'>fol.</span> <span class='ocrx_word' id='word_1_304' title='bbox 906 4475 959 4527; x_wconf 81' lang='grc'>269</span> <span class='ocrx_word' id='word_1_305' title='bbox 971 4472 1013 4526; x_wconf 77' lang='lat' dir='ltr'>Ra</span> 
     </span>
    </p>
   </div>
   <div class='ocr_carea' id='block_1_4' title="bbox 1032 5133 2508 5319">
    <p class='ocr_par' dir='ltr' id='par_1_11' title="bbox 1032 5133 2508 5319">
     <span class='ocr_line' id='line_1_34' title="bbox 1032 5133 1188 5188; baseline -0.013 -1"><span class='ocrx_word' id='word_1_306' title='bbox 1032 5144 1052 5187; x_wconf 98' lang='lat' dir='ltr'>a</span> <span class='ocrx_word' id='word_1_307' title='bbox 1079 5133 1188 5188; x_wconf 90' lang='lat' dir='ltr'>entes.</span> 
     </span>
     <span class='ocr_line' id='line_1_35' title="bbox 1054 5144 2508 5319; baseline -0.001 -17"><span class='ocrx_word' id='word_1_308' title='bbox 1054 5144 1078 5210; x_wconf 74' lang='lat' dir='ltr'>g</span> <span class='ocrx_word' id='word_1_309' title='bbox 1119 5237 1378 5313; x_wconf 89' lang='lat' dir='ltr'>Verumtamen,</span> <span class='ocrx_word' id='word_1_310' title='bbox 1415 5231 1494 5318; x_wconf 89' lang='lat' dir='ltr'>quia</span> <span class='ocrx_word' id='word_1_311' title='bbox 1526 5233 1570 5298; x_wconf 92' lang='lat' dir='ltr'>ad</span> <span class='ocrx_word' id='word_1_312' title='bbox 1605 5234 1674 5298; x_wconf 93' lang='lat' dir='ltr'>hoc</span> <span class='ocrx_word' id='word_1_313' title='bbox 1710 5231 1830 5297; x_wconf 90' lang='lat' dir='ltr'>dividit</span> <span class='ocrx_word' id='word_1_314' title='bbox 1861 5231 2029 5297; x_wconf 89' lang='lat' dir='ltr'>rationem</span> <span class='ocrx_word' id='word_1_315' title='bbox 2067 5232 2303 5319; x_wconf 92' lang='lat' dir='ltr'>Philosophus</span> <span class='ocrx_word' id='word_1_316' title='bbox 2338 5232 2373 5299; x_wconf 92' lang='lat' dir='ltr'>in</span> <span class='ocrx_word' id='word_1_317' title='bbox 2408 5244 2508 5301; x_wconf 89' lang='lat' dir='ltr'>sexto</span> 
     </span>
    </p>
   </div>
   <div class='ocr_carea' id='block_1_5' title="bbox 1030 5346 2509 5670">
    <p class='ocr_par' dir='ltr' id='par_1_12' title="bbox 1030 5346 2509 5670">
     <span class='ocr_line' id='line_1_36' title="bbox 1031 5346 2509 5435; baseline -0.001 -16"><span class='ocrx_word' id='word_1_318' title='bbox 1031 5352 1232 5419; x_wconf 91' lang='lat' dir='ltr'>Ethicorum</span> <span class='ocrx_word' id='word_1_319' title='bbox 1264 5351 1298 5415; x_wconf 93' lang='lat' dir='ltr'>in</span> <span class='ocrx_word' id='word_1_320' title='bbox 1331 5348 1512 5435; x_wconf 92' lang='lat' dir='ltr'>principi0,</span> <span class='ocrx_word' id='word_1_321' title='bbox 1545 5359 1582 5413; x_wconf 91' lang='lat' dir='ltr'>ut</span> <span class='ocrx_word' id='word_1_322' title='bbox 1613 5346 1764 5432; x_wconf 90' lang='lat' dir='ltr'>accipiat</span> <span class='ocrx_word' id='word_1_323' title='bbox 1790 5346 2066 5413; x_wconf 89' lang='lat' dir='ltr'>ratiocinativum</span> <span class='ocrx_word' id='word_1_324' title='bbox 2101 5348 2138 5413; x_wconf 94' lang='lat' dir='ltr'>in</span> <span class='ocrx_word' id='word_1_325' title='bbox 2165 5370 2235 5434; x_wconf 91' lang='lat' dir='ltr'>quo</span> <span class='ocrx_word' id='word_1_326' title='bbox 2270 5350 2402 5417; x_wconf 90' lang='lat' dir='ltr'>habent</span> <span class='ocrx_word' id='word_1_327' title='bbox 2429 5371 2509 5417; x_wconf 89' lang='lat' dir='ltr'>esse</span> 
     </span>
     <span class='ocr_line' id='line_1_37' title="bbox 1030 5462 2508 5554; baseline -0.002 -20"><span class='ocrx_word' id='word_1_328' title='bbox 1030 5468 1169 5534; x_wconf 89' lang='lat' dir='ltr'>habitus</span> <span class='ocrx_word' id='word_1_329' title='bbox 1204 5465 1348 5553; x_wconf 85' lang='lat' dir='ltr'>practici</span> <span class='ocrx_word' id='word_1_330' title='bbox 1380 5463 1442 5531; x_wconf 81' lang='lat' dir='ltr'>et⁷</span> <span class='ocrx_word' id='word_1_331' title='bbox 1476 5463 1666 5550; x_wconf 89' lang='lat' dir='ltr'>praecipue</span> <span class='ocrx_word' id='word_1_332' title='bbox 1701 5462 1887 5548; x_wconf 87' lang='lat' dir='ltr'>prudentia</span> <span class='ocrx_word' id='word_1_333' title='bbox 1922 5464 1966 5529; x_wconf 92' lang='lat' dir='ltr'>de</span> <span class='ocrx_word' id='word_1_334' title='bbox 1999 5485 2067 5548; x_wconf 89' lang='lat' dir='ltr'>qua</span> <span class='ocrx_word' id='word_1_335' title='bbox 2099 5463 2334 5550; x_wconf 90' lang='lat' dir='ltr'>principaliter</span> <span class='ocrx_word' id='word_1_336' title='bbox 2366 5464 2438 5554; x_wconf 89' lang='lat' dir='ltr'>agit</span> <span class='ocrx_word' id='word_1_337' title='bbox 2472 5465 2508 5531; x_wconf 90' lang='lat' dir='ltr'>in</span> 
     </span>
     <span class='ocr_line' id='line_1_38' title="bbox 1030 5578 2508 5670; baseline -0.001 -21"><span class='ocrx_word' id='word_1_338' title='bbox 1030 5594 1150 5665; x_wconf 89' lang='lat' dir='ltr'>sext0;</span> <span class='ocrx_word' id='word_1_339' title='bbox 1179 5623 1221 5633; x_wconf 92' lang='lat'><em>-</em></span> <span class='ocrx_word' id='word_1_340' title='bbox 1249 5583 1326 5670; x_wconf 91' lang='lat' dir='ltr'>ipse</span> <span class='ocrx_word' id='word_1_341' title='bbox 1354 5592 1469 5647; x_wconf 91' lang='lat' dir='ltr'>autem</span> <span class='ocrx_word' id='word_1_342' title='bbox 1497 5580 1532 5646; x_wconf 90' lang='lat' dir='ltr'>in</span> <span class='ocrx_word' id='word_1_343' title='bbox 1560 5581 1685 5646; x_wconf 91' lang='lat' dir='ltr'>eodem</span> <span class='ocrx_word' id='word_1_344' title='bbox 1714 5591 1812 5645; x_wconf 86' lang='lat' dir='ltr'>sexto</span> <span class='ocrx_word' id='word_1_345' title='bbox 1842 5578 1924 5645; x_wconf 89' lang='lat' dir='ltr'>dicit</span> <span class='ocrx_word' id='word_1_346' title='bbox 1941 5582 1988 5664; x_wconf 82' lang='lat'>(1)</span> <span class='ocrx_word' id='word_1_347' title='bbox 2015 5580 2110 5664; x_wconf 92' lang='lat' dir='ltr'>quod</span> <span class='ocrx_word' id='word_1_348' title='bbox 2141 5579 2327 5665; x_wconf 88' lang='lat' dir='ltr'>prudentia</span> <span class='ocrx_word' id='word_1_349' title='bbox 2355 5602 2427 5647; x_wconf 90' lang='lat' dir='ltr'>non</span> <span class='ocrx_word' id='word_1_350' title='bbox 2455 5591 2508 5648; x_wconf 90' lang='lat' dir='ltr'>est</span> 
     </span>
    </p>
   </div>
   <div class='ocr_carea' id='block_1_6' title="bbox 1121 5863 2507 5935">
    <p class='ocr_par' dir='ltr' id='par_1_13' title="bbox 1121 5863 2507 5935">
     <span class='ocr_line' id='line_1_39' title="bbox 1121 5863 2507 5935; baseline -0.001 -13"><span class='ocrx_word' id='word_1_351' title='bbox 1121 5871 1127 5901; x_wconf 93' lang='lat'><strong>¹</strong></span> <span class='ocrx_word' id='word_1_352' title='bbox 1137 5887 1191 5922; x_wconf 87' lang='lat' dir='ltr'>om.</span> <span class='ocrx_word' id='word_1_353' title='bbox 1201 5870 1229 5922; x_wconf 80' lang='grc' dir='ltr'>Ρ.</span> <span class='ocrx_word' id='word_1_354' title='bbox 1239 5902 1270 5909; x_wconf 79' lang='lat'>—</span> <span class='ocrx_word' id='word_1_355' title='bbox 1281 5864 1518 5935; x_wconf 70' lang='lat' dir='ltr'>&#39;augmentative</span> <span class='ocrx_word' id='word_1_356' title='bbox 1528 5865 1558 5918; x_wconf 88' lang='lat' dir='ltr'>l’.</span> <span class='ocrx_word' id='word_1_357' title='bbox 1571 5898 1575 5903; x_wconf 94' lang='lat'><em>-</em></span> <span class='ocrx_word' id='word_1_358' title='bbox 1609 5863 1658 5916; x_wconf 71' lang='lat' dir='ltr'>3iu</span> <span class='ocrx_word' id='word_1_359' title='bbox 1668 5864 1698 5917; x_wconf 81' lang='lat' dir='ltr'>l‘.</span> <span class='ocrx_word' id='word_1_360' title='bbox 1714 5896 1742 5901; x_wconf 92' lang='lat'>-</span> <span class='ocrx_word' id='word_1_361' title='bbox 1757 5866 1763 5894; x_wconf 84' lang='lat'><strong>¹</strong></span> <span class='ocrx_word' id='word_1_362' title='bbox 1773 5881 1827 5917; x_wconf 85' lang='lat' dir='ltr'>om.</span> <span class='ocrx_word' id='word_1_363' title='bbox 1835 5864 1865 5917; x_wconf 85' lang='lat' dir='ltr'>P.</span> <span class='ocrx_word' id='word_1_364' title='bbox 1875 5896 1905 5902; x_wconf 80' lang='lat'>—</span> <span class='ocrx_word' id='word_1_365' title='bbox 1915 5866 1926 5894; x_wconf 78' lang='lat'>⁵</span> <span class='ocrx_word' id='word_1_366' title='bbox 1935 5864 2099 5918; x_wconf 83' lang='lat' dir='ltr'>substantia</span> <span class='ocrx_word' id='word_1_367' title='bbox 2108 5865 2139 5919; x_wconf 90' lang='lat' dir='ltr'>P.</span> <span class='ocrx_word' id='word_1_368' title='bbox 2150 5897 2180 5903; x_wconf 92' lang='lat'><em>-</em></span> <span class='ocrx_word' id='word_1_369' title='bbox 2191 5867 2265 5919; x_wconf 69' lang='lat' dir='ltr'>”oua</span> <span class='ocrx_word' id='word_1_370' title='bbox 2276 5866 2345 5922; x_wconf 88' lang='lat' dir='ltr'>P.—</span> <span class='ocrx_word' id='word_1_371' title='bbox 2357 5868 2366 5898; x_wconf 77' lang='lat'>⁷</span> <span class='ocrx_word' id='word_1_372' title='bbox 2376 5865 2463 5921; x_wconf 90' lang='lat' dir='ltr'>etiam</span> <span class='ocrx_word' id='word_1_373' title='bbox 2472 5866 2507 5921; x_wconf 91' lang='lat' dir='ltr'>V.</span> 
     </span>
    </p>
   </div>
   <div class='ocr_carea' id='block_1_7' title="bbox 1119 6062 2506 6147">
    <p class='ocr_par' dir='ltr' id='par_1_14' title="bbox 1119 6062 2506 6147">
     <span class='ocr_line' id='line_1_40' title="bbox 1119 6062 2506 6147; baseline -0.004 -19"><span class='ocrx_word' id='word_1_374' title='bbox 1119 6078 1158 6142; x_wconf 82' lang='lat'>(1)</span> <span class='ocrx_word' id='word_1_375' title='bbox 1189 6074 1258 6128; x_wconf 88' lang='lat' dir='ltr'>C.9</span> <span class='ocrx_word' id='word_1_376' title='bbox 1286 6084 1325 6147; x_wconf 89' lang='lat' dir='ltr'>(p.</span> <span class='ocrx_word' id='word_1_377' title='bbox 1348 6075 1436 6139; x_wconf 74' lang='lat'>1142).</span> <span class='ocrx_word' id='word_1_378' title='bbox 1466 6063 1525 6122; x_wconf 59' lang='lat' dir='ltr'>‘&#39;o-„2</span> <span class='ocrx_word' id='word_1_379' title='bbox 1548 6064 1589 6134; x_wconf 61' lang='grc' dir='ltr'>δή</span> <span class='ocrx_word' id='word_1_380' title='bbox 1612 6065 1736 6138; x_wconf 75' lang='grc' dir='ltr'>φρόνησις</span> <span class='ocrx_word' id='word_1_381' title='bbox 1760 6062 1809 6119; x_wconf 78' lang='grc' dir='ltr'>οὐκ</span> <span class='ocrx_word' id='word_1_382' title='bbox 1830 6063 1973 6134; x_wconf 77' lang='grc' dir='ltr'><strong>ἐπιστήμη,</strong></span> <span class='ocrx_word' id='word_1_383' title='bbox 1999 6066 2118 6139; x_wconf 77' lang='grc' dir='ltr'>φανερόν·</span> <span class='ocrx_word' id='word_1_384' title='bbox 2142 6073 2190 6121; x_wconf 74' lang='grc' dir='ltr'>τοῦ</span> <span class='ocrx_word' id='word_1_385' title='bbox 2213 6069 2265 6143; x_wconf 78' lang='grc' dir='ltr'>γὰρ</span> <span class='ocrx_word' id='word_1_386' title='bbox 2287 6066 2404 6143; x_wconf 73' lang='grc' dir='ltr'>ἐσχάτου</span> <span class='ocrx_word' id='word_1_387' title='bbox 2427 6066 2506 6133; x_wconf 65' lang='grc' dir='ltr'><strong>ἐστίν,</strong></span> 
     </span>
    </p>
   </div>
   <div class='ocr_carea' id='block_1_8' title="bbox 0 0 3354 7992">
    <p class='ocr_par' dir='ltr' id='par_1_15' title="bbox 0 0 3354 7992">
     <span class='ocr_line' id='line_1_41' title="bbox 0 0 3354 7992; baseline 0 0"><span class='ocrx_word' id='word_1_388' title='bbox 0 0 3354 7992; x_wconf 95' lang='lat' dir='ltr'> </span> 
     </span>
    </p>
   </div>
  </div>
 </body>
</html>
