6700 7992
1206 1456 1406 1519 *TERTIUM
1433 1463 1732 1534 QUODLIBETUM,
1760 1462 1796 1533 Q.
1825 1462 1837 1515 1
2219 1462 2269 1514 159

790 1659 870 1714 actu
895 1647 959 1712 nisi
984 1646 1028 1711 sit
1054 1645 1099 1711 ibi
1124 1644 1333 1730 compositio
1358 1643 1535 1729 potentiae
1560 1655 1593 1706 et
1619 1656 1717 1707 actus
1746 1643 1855 1726 (quod
1880 1640 1971 1706 enim
1994 1640 2044 1706 sie
2061 1662 2132 1706 non
2158 1652 2211 1705 est
2235 1640 2269 1705 in

788 1762 948 1850 potentia
978 1773 1122 1837 tantum,
1154 1782 1220 1826 nec
1253 1772 1305 1825 est
1337 1771 1435 1823 actus
1471 1770 1624 1829 tantum:
1662 1757 1743 1842 <pria
1784 1756 1812 1821 si
1847 1767 1942 1821 esset
1976 1757 2269 1821 actus¹.tantum

791 1900 864 1945 non
897 1889 990 1945 esset
1020 1877 1053 1941 in
1092 1876 1246 1962 potentia
1282 1876 1325 1940 ad
1362 1897 1441 1940 esse
1474 1896 1539 1938 nec
1574 1888 1696 1958 posset
1731 1896 1802 1938 non
1842 1893 1942 1951 esse;
1975 1872 2003 1936 si
2039 1871 2139 1938 etiam
2178 1881 2271 1938 esset

792 1994 949 2081 potentia
984 2004 1115 2059 tantum
1152 1992 1247 2077 quod
1279 1991 1332 2069 sit,
1365 2013 1436 2054 non
1470 2002 1589 2075 posset
1623 2004 1703 2054 actu
1740 2010 1839 2067 esse;
1872 2001 1906 2053 et
1941 1988 2020 2053 ideo
2056 1999 2194 2074 oportet
2229 2010 2271 2055 ex

792 2122 940 2195 utroque
976 2131 1054 2175 esse
1094 2108 1326 2194 compositum
1367 2120 1402 2171 ut
1444 2107 1554 2191 possit
1598 2127 1676 2170 esse
1717 2116 1749 2170 et
1788 2127 1861 2169 non
1896 2126 1985 2181 esse,
2026 2105 2139 2169 solum
2178 2104 2270 2170 enim

793 2226 1025 2311 compositum
1058 2236 1110 2289 est
1145 2224 1241 2307 (prod
1277 2236 1329 2289 est
1360 2243 1423 2306 per
1458 2244 1496 2285 se
1528 2221 1694 2305 possibile
1721 2242 1799 2285 esse
1828 2233 1862 2285 et
1887 2242 1958 2285 non
1984 2223 2086 2301 esse),
2115 2221 2270 2306 potentia

793 2364 876 2407 vero
901 2351 935 2406 et
959 2352 1058 2405 actus
1083 2353 1164 2404 sunt
1189 2338 1368 2424 possibilia
1397 2360 1475 2403 esse
1504 2349 1537 2403 et
1566 2358 1636 2401 non
1663 2359 1742 2401 esse
1770 2359 1832 2422 per
1855 2336 2021 2402 accidens
2045 2336 2079 2401 in
2105 2347 2271 2420 quantum

793 2468 875 2523 sunt
910 2469 1027 2541 partes
1061 2455 1245 2541 compositi
1275 2455 1369 2538 quod
1403 2466 1456 2518 est
1484 2475 1546 2538 pru
1574 2474 1612 2517 se
1644 2453 1813 2537 possibile
1837 2474 1917 2518 esse
1945 2462 1979 2518 et
2003 2474 2074 2518 n0n
2103 2474 2191 2532 esse,
2217 2452 2273 2518 cui

794 2572 995 2658 adiungitur
1030 2592 1109 2636 esse
1141 2570 1274 2636 realiter
1306 2570 1470 2634 dill'erens
1502 2571 1545 2632 ali
1577 2568 1653 2654 ipsa
1684 2568 1858 2647 essentia3
1885 2609 1924 2614 —
1951 2590 2029 2634 cum
2054 2568 2194 2653 inquam
2227 2568 2274 2634 ita

794 2689 847 2768 sit,
874 2700 910 2753 ut
941 2687 1008 2752 iarn
1037 2687 1165 2752 ‹lictutn
1195 2698 1258 2765 est,
1291 2707 1439 2750 necesse
1464 2697 1516 2749 est
1541 2684 1657 2750 dicere
1683 2685 1777 2769 quod
1803 2705 1883 2749 esse
1907 2684 2001 2749 addit
2027 2706 2098 2749 rem
2123 2685 2272 2770 aliquam

795 2825 901 2890 super
925 2803 1122 2868 essentiam.
1153 2803 1251 2867 Sicut
1281 2823 1367 2886 ergo
1394 2801 1550 2885 potentia
1582 2800 1746 2865 materiae
1775 2822 1847 2864 non
1876 2799 2053 2866 reducitur
2081 2801 2126 2864 ad
2158 2811 2272 2867 actum

795 2919 861 2985 nisi
887 2941 948 3004 per
976 2917 1133 3003 aliquid‘²
1157 2917 1311 2982 additum
1339 2916 1472 2982 scilicet
1496 2938 1558 3001 per
1583 2917 1740 2995 formam,
1766 2916 1812 2981 ita
1837 2927 1871 2981 et
1896 2916 2051 3000 potentia
2075 2915 2275 2981 essentiae⁸

795 3057 867 3102 non
895 3034 1070 3105 reducitur
1094 3034 1138 3099 ad
1163 3044 1277 3098 actum
1303 3032 1369 3097 nisi
1394 3054 1456 3117 per
1480 3033 1608 3117 aliquid
1634 3032 1789 3097 additum
1815 3032 1948 3097 scilicet
1973 3053 2035 3117 per
2067 3053 2155 3097 esse.
2181 3032 2274 3120 Ergo

796 3172 876 3217 esse
893 3161 946 3216 est
973 3150 1066 3215 aliud
1091 3151 1135 3214 al>
1160 3149 1312 3215 essentia
1340 3148 1430 3214 sicut
1460 3149 1571 3212 sonna
1599 3159 1651 3214 est
1679 3149 1770 3212 aliud
1805 3170 1823 3212 a
1852 3147 2004 3213 materia.
2030 3143 2066 3213 Si
2095 3147 2187 3213 enim
2211 3169 2274 3213 ens

798 3267 918 3353 [quod]
957 3288 1027 3330 non
1058 3267 1062 3349 Ι
1095 3264 1327 3350 compositum
1359 3286 1401 3329 ex
1429 3264 1571 3329 materia
1604 3276 1638 3329 et
1671 3265 1781 3330 forma
1809 3265 2015 3349 productum
2044 3263 2079 3328 in
2107 3285 2185 3330 esse
2214 3285 2275 3349 per
2296 3334 2311 3390 s
2329 3262 2468 3390 10021173VRa

797 3381 1071 3470 generationem,
1113 3382 1175 3446 sed
1215 3401 1277 3444 ens
1317 3380 1462 3465 simplex
1503 3380 1536 3443 in
1573 3380 1726 3445 essentia
1771 3379 1806 3443 in
1851 3400 1929 3445 esse
1963 3381 2177 3465 productum
2215 3401 2276 3464 per
2309 3353 2347 3390 ⁰'
2397 3340 2413 3390 ²

798 3497 1011 3564 creationem
1035 3518 1107 3562 non
1136 3508 1230 3561 esset
1256 3496 1325 3560 tale
1353 3497 1447 3580 quod
1476 3496 1511 3559 in
1540 3517 1582 3561 eo
1607 3495 1807 3561 necessario
1828 3495 1956 3579 aliquid
1981 3507 2074 3561 esset
2097 3506 2276 3580 receptum

798 3636 818 3679 a
853 3625 993 3679 creante
1029 3613 1123 3691 illud,
1149 3623 1242 3677 esset
1271 3623 1369 3676 actus
1397 3634 1505 3696 purus
1535 3623 1568 3677 et
1599 3633 1677 3677 esse
1705 3634 1840 3697 purum,
1871 3624 1904 3676 et
1932 3624 2025 3677 esset
2055 3630 2155 3677 suum
2187 3632 2276 3690 esse,

799 3741 833 3795 et
860 3729 910 3795 sic
935 3740 1029 3795 esset
1052 3727 1221 3793 inlinitum
1248 3741 1281 3793 et
1305 3727 1507 3792 illimitatum
1533 3740 1567 3793 et
1591 3749 1654 3813 per
1682 3752 1720 3792 se
1745 3749 1891 3793 necesse
1923 3749 2011 3793 esse.
2037 3729 2107 3795 Sed
2132 3729 2201 3795 hoc
2225 3740 2278 3793 est

799 3846 935 3911 falsum.

888 3961 941 4025 Ex
958 3960 1144 4046 praedictis
1170 3982 1254 4048 ergo
1280 3971 1375 4045 patet
1401 3961 1451 4025 vel
1476 3960 1611 4024 videtur
1635 3961 1731 4044 quod
1755 3982 1828 4024 non
1853 3960 1965 4045 possit
1989 3960 2056 4026 dici
2080 3961 2175 4045 quod
2200 3981 2278 4026 esse

800 4077 854 4143 vel
888 4076 975 4142 ratio
1011 4075 1152 4141 essendi
1197 4075 1371 4141 essentiae
1411 4075 1521 4160 ipsius
1553 4075 1740 4161 compositi
1776 4098 1818 4141 ex
1848 4077 1991 4142 materia
2023 4089 2056 4141 et
2086 4077 2198 4142 forma
2236 4075 2280 4141 sit

800 4191 981 4260 actualitas
1005 4192 1137 4257 formae
1155 4203 1188 4257 et
1213 4191 1431 4276 participatio
1457 4191 1531 4256 eius
1561 4203 1597 4256 ut
1625 4204 1677 4256 est
1705 4191 1739 4255 in
1769 4192 1911 4257 materia
1935 4203 1969 4258 et
1998 4193 2091 4276 quod
2123 4213 2201 4259 esse
2225 4193 2280 4258 vel

801 4307 889 4375 ratio
913 4307 1054 4373 essendi
1079 4306 1244 4392 simplicis
1278 4308 1410 4371 formae
1439 4308 1634 4372 abstractae
1668 4329 1688 4371 a
1717 4308 1859 4373 materia
1891 4307 1934 4372 sit
1961 4307 2141 4373 actualitas
2170 4308 2280 4393 ipsius

803 4426 935 4491 formae
970 4423 1146 4509 simplicis,
1190 4423 1355 4507 quoniam
1401 4434 1485 4489 tunc
1530 4424 1574 4488 de
1617 4423 1750 4489 ratione
1796 4440 1829 4489 et
1864 4423 2068 4489 delinitione
2107 4423 2280 4490 essentiae

802 4540 912 4626 ipsius
943 4539 1129 4625 compositi
1166 4560 1207 4604 ex
1242 4539 1386 4605 materia
1421 4550 1455 4604 et
1490 4539 1602 4604 forma
1633 4551 1726 4604 esset
1761 4561 1839 4605 esse
1873 4539 2073 4626 simpliciter
2108 4539 2142 4604 in
2167 4561 2279 4605 rerum

802 4668 925 4722 natura
942 4654 1032 4721 sicut
1055 4665 1089 4720 et
1113 4654 1292 4721 actualitas
1317 4655 1460 4734 formae,
1479 4667 1513 4719 et
1534 4656 1577 4719 de
1603 4655 1735 4719 ratione
1761 4655 1934 4720 essentiae
1960 4657 2091 4721 somme
2115 4654 2280 4741 simplicis

802 4783 896 4838 esset
919 4793 998 4837 esse
1023 4770 1225 4856 simpliciter
1248 4770 1282 4834 in
1308 4782 1387 4836 actu
1413 4770 1502 4837 sicut
1526 4771 1570 4835 de
1594 4771 1728 4836 ratione
1753 4771 1862 4855 ipsius
1887 4782 1939 4836 est
1956 4771 2135 4837 actualitas
2159 4770 2280 4857 ipsius.

803 4887 845 4953 Et
869 4897 953 4953 tunc
983 4908 1063 4953 cum
1096 4886 1225 4971 aliquid
1260 4908 1332 4951 non
1368 4886 1480 4972 possit
1512 4908 1579 4952 nec
1613 4908 1691 4952 esse
1723 4907 1789 4952 nec
1824 4887 1967 4975 intelligi
2006 4887 2082 4953 sine
2114 4908 2157 4953 eo
2186 4886 2281 4972 quod

801 5014 855 5069 est
879 5004 923 5069 de
948 5024 1013 5067 sua
1048 5002 1192 5081 ratione,
1222 5002 1373 5067 essentia
1399 5014 1578 5068 creaturae
1611 5024 1682 5067 non
1716 5015 1837 5088 posset
1870 5003 2070 5089 simpliciter
2097 5025 2168 5068 non
2193 5023 2281 5082 esse,

802 5140 869 5185 nec
892 5128 1015 5204 posset
1039 5118 1182 5205 intelligi
1207 5140 1277 5183 non
1297 5140 1375 5184 esse
1400 5140 1547 5202 quorum
1573 5132 1757 5204 utrumque
1774 5120 1898 5184 falsum
1923 5131 1985 5185 est.
2012 5119 2062 5183 Ex
2084 5119 2282 5184 actualitate

804 5255 889 5323 ergo
918 5235 1052 5300 formae
1081 5234 1117 5298 in
1150 5234 1292 5299 materia
1320 5236 1424 5299 habet
1449 5235 1600 5300 essentia
1629 5234 1816 5319 compositi
1844 5236 1940 5319 quod
1967 5234 2088 5319 si[n]t⁴
2115 5257 2178 5300 ens
2203 5246 2283 5300 actu

805 5362 839 5416 et
870 5372 932 5436 per
965 5371 1003 5416 se
1036 5350 1250 5437 intelligibile
1282 5362 1315 5415 et
1348 5373 1410 5436 per
1443 5371 1481 5415 se
1515 5350 1549 5414 in
1582 5350 1866 5434 praedicamento
1899 5351 1993 5435 quod
2025 5361 2078 5416 est
2105 5372 2184 5417 esse
2216 5349 2283 5415 exi-

804 5465 952 5532 stentiae
977 5466 1072 5550 quod
1101 5466 1247 5531 debetur
1271 5465 1445 5532 essentiae
1470 5466 1686 5550 compositae
1711 5488 1773 5551 per
1795 5487 1833 5531 se
1857 5477 2021 5550 tanquam
2047 5468 2091 5531 ad
2113 5466 2282 5532 rationem

804 5580 879 5647 eius
904 5580 1105 5667 pertinens3
1131 5592 1164 5646 et
1188 5582 1257 5647 hoc
1280 5581 1418 5666 quidem
1459 5593 1688 5670 aggregatum
1721 5582 1793 5647 sive
1827 5582 1979 5647 essentia
2012 5604 2053 5648 ex
2084 5581 2227 5648 materia
2250 5594 2284 5649 et

804 5698 916 5763 forma
939 5697 1126 5763 constituta
1152 5698 1262 5763 estin
1287 5697 1443 5783 potentia
1473 5700 1517 5762 ad
1550 5719 1629 5763 esse
1654 5697 1855 5783 simpliciter
1882 5700 2028 5778 actuale,
2053 5699 2148 5783 quod
2179 5699 2285 5764 habet

806 5813 958 5881 essentia
985 5813 1075 5880 sicut
1102 5824 1281 5899 receptum
1306 5826 1340 5879 et
1363 5813 1606 5899 participatum
1633 5836 1652 5877 a
1678 5814 1786 5899 prima
1811 5814 1952 5880 essendi
1976 5835 2084 5880 causa
2119 5836 2208 5900 quae
2232 5826 2285 5880 est

898 6076 905 6105 ¹
920 6091 977 6133 οηι.
992 6074 1023 6127 Ρ.
1038 6106 1070 6112 -
1086 6075 1096 6105 ²
1109 6072 1230 6150 aliquod
1245 6074 1274 6127 P.
1290 6106 1322 6113 -
1337 6076 1348 6105 ³
1361 6073 1500 6129 materiae
1515 6076 1544 6129 P.
1607 6078 1615 6106 ⁴
1629 6082 1688 6129 stat
1706 6075 1738 6131 P.
