6700 7992
1466 1372 1595 1425 rauna
1615 1357 1827 1426 Genaunes
1847 1372 1921 1426 nas
1941 1358 2138 1427 acarnanas

1092 1553 1111 1611 '.
1192 1554 1299 1612 lltrum
1330 1555 1492 1631 supposito
1521 1552 1603 1631 quod
1634 1554 1716 1613 llerrs
1746 1560 1851 1630 posset
1881 1553 1981 1612 lacere
2011 1552 2156 1632 angelum
2185 1539 2296 1632 angelo
2330 1572 2398 1631 per·

1239 1634 1397 1695 tectiorem
1413 1637 1444 1694 in
1462 1634 1631 1707 infinitum,
1653 1643 1808 1713 oporteret
1831 1635 1999 1712 quemlihet
2024 1637 2179 1713 pertinere
2201 1635 2238 1696 ad
2261 1636 2396 1713 aliquam

1236 1717 1471 1777 determinatam
1494 1717 1699 1777 hierarchiam
1723 1736 1805 1776 nunc
1827 1718 2025 1776 existentium
2099 1762 2106 1777 .
2195 1762 2202 1777 .
2291 1762 2298 1776 .
2387 1763 2395 1777 .

2481 1720 2540 1778 'lli

1194 1827 1301 1885 l‘trum
1327 1825 1452 1904 aliquod
1479 1844 1592 1904 corpus
1620 1827 1718 1903 possit
1744 1828 1836 1884 sinnrl
1864 1844 1933 1885 esse
1959 1827 1991 1884 in
2015 1825 2149 1886 dirersis
2176 1827 2299 1886 locis.
2387 1871 2395 1887 .
2482 1872 2499 1886 .

1102 1979 1110 1993 .
1192 1937 1298 1993 l'trum
1329 1943 1433 2012 posset
1470 1943 1555 1993 cextra
1591 1935 1740 1994 rnumlmn
1778 1936 1873 1993 istum
1903 1933 1969 1993 lieri
2007 1935 2102 1994 altera
2140 1943 2219 1994 terra
2256 1934 2395 1995 eiusdem

1236 2019 1349 2095 speciei
1372 2036 1442 2076 trum
1467 2026 1547 2076 terra
1571 2017 1664 2075 lnrius
1688 2016 1795 2075 rrnrndi
1906 2061 2393 2077 ......

1117 2171 1124 2185 .
1193 2128 1299 2185 Utrum
1326 2128 1416 2204 prauis
1442 2126 1603 2186 conlectus
1629 2125 1666 2184 de
1696 2125 1788 2184 hlado
1813 2125 1895 2201 quod
1926 2125 2041 2184 dicitur
2071 2127 2169 2203 spelta
2199 2127 2239 2185 sit
2269 2128 2396 2186 matoria

1235 2210 1424 2268 conveniens
1447 2209 1519 2267 lruic
1541 2217 1733 2267 sacramento
1810 2251 2394 2269 .......

1190 2319 1296 2376 thrum
1323 2318 1466 2376 voluutas
1493 2318 1627 2376 lnnuaun
1652 2318 1808 2375 crurtineat
1833 2316 1911 2375 duas
1939 2318 2092 2393 potentias
2115 2319 2194 2376 sicut
2218 2318 2396 2378 intellectus

1235 2400 1391 2459 lnrmanus

1101 2554 1109 2568 .
1189 2510 1296 2568 ttrrnm
1333 2511 1365 2567 iu
1404 2511 1500 2585 prima
1539 2508 1740 2586 productione
1777 2527 1880 2567 rerum
1918 2508 2030 2566 undier
2065 2508 2174 2568 debuit
2204 2509 2332 2587 produci
2363 2510 2394 2568 iu

1234 2610 1303 2651 esse
1325 2609 1342 2650 a
1365 2594 1428 2651 lteo
1521 2634 2393 2650 ..........

1188 2702 1294 2759 ltrum
1323 2702 1420 2778 possit
1447 2700 1553 2758 haberi
1579 2708 1660 2758 certa
1688 2700 1816 2758 scientia
1842 2699 1880 2758 de
1906 2700 2106 2758 cunclusione
2129 2700 2231 2759 elicita
2247 2718 2283 2758 ex
2308 2702 2394 2778 prin-

1233 2784 1324 2859 cipiis
1348 2784 1449 2841 sulum
1471 2781 1598 2841 creditis
1621 2783 1667 2840 rel
1692 2782 1827 2858 opinatis
1903 2825 2391 2841 ......

1188 2893 1295 2951 l'trmu
1312 2891 1388 2949 illud
1405 2891 1487 2968 quod
1506 2909 1608 2968 perse
1624 2897 1669 2949 est
1694 2891 1807 2948 malum
1833 2891 1930 2967 possit
1946 2890 2050 2966 aliquo
2068 2890 2157 2949 trnrdo
2181 2889 2246 2949 lieri
2265 2891 2391 2950 homnn.

1189 3002 1295 3059 l'trum
1327 3008 1440 3059 statuto
1470 3000 1625 3077 generalis
1654 2999 1776 3057 court-itii
1810 3000 1908 3075 possit
1938 3018 1993 3076 per
2030 2999 2288 3059 consuetudinarii
2324 3019 2396 3058 euu-

1234 3084 1358 3141 trariaru
1382 3083 1524 3161 derogari

1190 3193 1295 3250 tarum
1323 3193 1470 3270 magister
1495 3190 1667 3267 theologiae
1694 3193 1906 3266 ‹praestionem
1936 3191 2026 3248 errius
2052 3191 2211 3249 veritatem
2238 3192 2318 3250 scire
2347 3198 2394 3250 est

1233 3274 1442 3333 necessarium
1472 3273 1510 3331 nd
1533 3274 1675 3339 salutem,
1701 3271 1812 3331 deheat
1841 3279 1984 3350 reputare
2010 3291 2079 3332 esse
2106 3273 2273 3352 litigiosam
2299 3281 2329 3332 el
2351 3273 2391 3332 oh

1231 3356 1288 3415 hoc
1310 3374 1376 3415 eam
1401 3356 1549 3432 repellere
1569 3362 1599 3414 et
1623 3354 1704 3414 nolle
1726 3353 1932 3413 determinare
1998 3399 2389 3414 .....

1111 3467 1131 3524 ’.
1189 3467 1295 3523 ttuun
1317 3466 1362 3523 illi
1386 3466 1439 3543 qui
1462 3464 1627 3523 examinati
1653 3470 1683 3522 et
1709 3463 1797 3521 electi
1824 3481 1840 3521 a
1866 3465 1959 3522 certis
1983 3465 2126 3540 personis
2149 3463 2282 3523 haheaut
2311 3471 2393 3541 pote-

1232 3554 1341 3607 statem
1365 3545 1561 3624 praedicandi
1589 3564 1626 3603 ex
1654 3545 1816 3623 privilegiu
1839 3546 1886 3604 rel
1910 3545 2115 3624 delegatione,
2140 3545 2273 3605 debeant
2297 3547 2392 3624 recipi

2480 2019 2540 2077 ΞΜ

2480 2211 2540 2268 ⁶255

2480 2402 2539 2461 ί257

2479 2594 2539 2651 aaa

2478 2785 2539 2841 ⁹26⁰

2477 2893 2538 2950 aot

2477 3083 2538 3142 *275

2475 3357 2535 3415 *li-l

1231 3629 1268 3688 ad
1293 3627 1533 3707 praedicandum
1556 3629 1588 3686 in
1611 3628 1688 3686 locis
1711 3628 1918 3704 praelatorum
1941 3628 2195 3687 ordinariorum.
2284 3672 2291 3687 .
2380 3674 2388 3687 .

1098 3739 1116 3796 ³.
1185 3740 1291 3797 lltrum
1319 3737 1468 3795 trahentes
1489 3744 1706 3813 potestatema
1734 3753 1811 3813 papa
1832 3735 1978 3795 audiendi
2002 3736 2218 3796 consessiones
2240 3744 2270 3796 el
2285 3737 2390 3796 ahsol-

1234 3820 1336 3888 remh,
1355 3821 1474 3896 prmsiut
1492 3819 1653 3877 nlrsuhere
1670 3819 1863 3895 poenitentes
1883 3819 2042 3877 venientes
2057 3817 2095 3877 ad
2112 3820 2198 3896 ipsos
2213 3819 2252 3878 de
2267 3819 2391 3878 licentia

1232 3901 1424 3960 sacerdotum
1456 3900 1677 3977 parochialium
1708 3902 1739 3959 in
1769 3900 1895 3958 cnsihus
1921 3902 1974 3977 qui
2001 3902 2158 3978 episcopis
2185 3900 2222 3960 de
2248 3902 2316 3961 iure
2342 3902 2391 3961 rel

1232 3983 1456 4042 cunsnehuliue
1480 3984 1526 4041 rel
1550 3983 1721 4042 retentione
1745 3990 1943 4041 reservantur
1998 4027 2390 4043 .....
2477 3988 2513 4042 .“

1056 4095 1130 4153 Xl'l.
1188 4094 1293 4152 thrum
1311 4092 1423 4152 hahere
1438 4091 1555 4169 aliquid
1572 4092 1603 4150 iu
1620 4093 1775 4150 cutruuuni
1792 4091 1944 4150 diminuat
1957 4091 1994 4150 de
2011 4092 2200 4168 pellectione
2214 4093 2388 4170 religionis.
2476 4138 2492 4151 .

1055 4204 1143 4262 lll'll.
1184 4204 1290 4261 l'truur
1320 4203 1373 4277 qui
1404 4202 1485 4259 rurit
1512 4200 1694 4277 simpliciter
1719 4219 1752 4257 se
1779 4201 1964 4258 intraturum
1991 4201 2126 4277 aliquam
2153 4201 2335 4279 religionem
2363 4203 2389 4260 si

1230 4285 1324 4342 intret
1349 4302 1418 4342 cum
1447 4284 1604 4360 proposito
1631 4281 1763 4341 exeundi
1792 4283 1962 4341 satisfaciat
1987 4290 2017 4340 et
2043 4300 2059 4341 a
2083 4290 2151 4340 roto
2177 4282 2357 4342 ahsolratar
2381 4327 2388 4342 .

1055 4395 1158 4452 xt'ht.
1185 4394 1291 4451 l'trum
1317 4393 1369 4468 qui
1400 4394 1482 4449 rorit
1513 4392 1693 4450 soleumiter
1722 4392 1880 4451 continere
1911 4391 2009 4468 possit
2039 4410 2094 4468 per
2123 4391 2390 4468 dispensationem

1230 4475 1459 4533 matrimonium
1482 4473 1663 4532 contrahere
1708 4516 2388 4532 ........
2475 4488 2493 4532 “.

1054 4587 1129 4643 xlx.
1186 4585 1292 4642 litrum
1316 4584 1482 4663 religiosus
1504 4584 1557 4659 qni
1581 4583 1663 4641 rorit
1685 4581 1831 4641 oboedire
1855 4582 1990 4658 praelato
2013 4589 2155 4641 teneatur
2169 4589 2276 4642 contra
2300 4599 2389 4660 prac-

1229 4673 1352 4743 ceptum
1376 4666 1504 4742 praclati
1528 4665 1612 4723 exire
1634 4663 1671 4722 ad
1697 4663 1946 4723 sulmonieudum
1970 4665 2147 4723 necessitati
2173 4672 2335 4742 parentum
2381 4709 2388 4724 .

1054 4777 1114 4835 xx.
1182 4777 1288 4834 l'trnm
1305 4773 1450 4834 subditus
1465 4775 1519 4851 qui
1542 4774 1599 4833 scit
1622 4772 1746 4851 aliquod
1764 4780 1916 4832 secretum
1932 4773 1978 4831 rel
2000 4773 2218 4851 quodcumque
2233 4774 2388 4832 occultum

1229 4864 1386 4935 peccatum
1410 4858 1545 4934 praelato
1569 4855 1772 4933 praecipienti
1796 4862 1829 4913 ut
1852 4856 1965 4915 revelet
1993 4862 2134 4915 teneatur
2156 4856 2293 4915 revelare
2379 4898 2387 4915 .

1053 4969 1128 5027 lllll.
1186 4968 1292 5026 lItrum
1321 4967 1353 5024 iu
1386 4966 1516 5042 pecunia
1545 4965 1689 5024 usuraria
1715 4965 1760 5023 sic
1786 4971 1921 5022 transeat
1950 4963 2123 5023 dominium
2150 4965 2182 5022 in
2211 4965 2388 5023 usurarium

1229 5047 1311 5126 quod
1338 5047 1457 5106 hahens
1483 5053 1606 5106 ceritum
1633 5046 1730 5105 libras
1756 5046 1892 5124 legitime
1914 5054 1944 5105 el
1969 5046 2047 5105 alias
2073 5052 2197 5105 centurn
2220 5047 2318 5105 libras
2335 5065 2390 5124 per

1229 5147 1368 5202 usuram,
1406 5129 1524 5208 absque
1561 5129 1698 5206 periurio
1736 5129 1833 5205 possit
1871 5129 1974 5187 iurare
2010 5146 2044 5188 se
2081 5146 2142 5187 non
2179 5128 2293 5188 hahere
2326 5129 2388 5188 nisi

1228 5223 1352 5271 centum
1375 5213 1472 5271 libras
1517 5254 2388 5271 ..........

1051 5324 1149 5382 xxti.
1181 5323 1287 5382 Utrum
1313 5322 1416 5399 aliqua
1445 5322 1579 5397 ‹pralitas
1609 5320 1707 5397 possit
1737 5318 1850 5378 hahere
1879 5338 1948 5378 esse
1977 5319 2095 5395 absque
2124 5320 2208 5378 trrrrni
2246 5318 2386 5378 subiecto

1228 5405 1293 5463 sire
1316 5405 1384 5462 siue
1407 5404 1579 5480 qumnitate
1610 5446 1617 5462 .
1707 5445 1714 5459 .
1802 5444 1809 5460 .
1898 5445 1905 5460 .
1994 5445 2001 5460 .
2090 5445 2097 5459 .
2186 5445 2193 5460 .
2282 5445 2290 5459 .
2379 5446 2387 5461 .
