6700 7992
1019 1439 1072 1492 202
1386 1437 1577 1492 MAGISTRI
1608 1436 1828 1492 GODEFRIDI
1857 1438 1909 1492 DE
1937 1436 2135 1493 FONTlBUS

1020 1628 1221 1703 putrescere
1246 1617 1397 1703 incipiat,
1423 1640 1500 1683 cum
1530 1618 1565 1683 in
1593 1617 1660 1684 alio
1685 1617 1720 1683 in
1749 1617 1942 1684 continenti
1969 1617 2089 1683 tendat
2113 1618 2158 1682 ad
2193 1617 2497 1704 putrefactionem,

1021 1733 1110 1800 sicut
1134 1734 1259 1799 dicitur
1283 1735 1326 1799 de
1351 1733 1490 1799 Christo
1515 1748 1677 1820 respectu
1702 1732 1857 1799 aliorum.

1110 1849 1147 1915 Si
1179 1850 1280 1915 etiam
1318 1850 1451 1915 dicatur
1486 1851 1580 1934 qnod
1616 1849 1649 1914 in
1686 1849 1828 1915 homine
1863 1849 1932 1915 sint
1967 1850 2082 1936 plures
2118 1851 2261 1932 formae,
2298 1860 2332 1916 et
2364 1851 2499 1917 dicatur

1020 1977 1136 2031 tamen
1176 1966 1271 2050 quod
1310 1966 1520 2031 necessitate
1567 1979 1711 2031 naturae
1754 1975 1896 2051 propter
1942 1964 2191 2052 dispositiones
2238 1965 2498 2033 inhabilitantes

1020 2081 1197 2147 materiam
1222 2081 1322 2146 simul
1346 2081 1390 2145 ad
1426 2083 1489 2145 has
1525 2082 1613 2146 duas
1637 2082 1768 2147 formas
1804 2093 1837 2148 et
1871 2081 2093 2148 habilitantes
2128 2081 2240 2168 ipsam
2278 2082 2322 2147 ad
2347 2081 2498 2168 aliquam

1021 2197 1132 2277 aliam,
1164 2197 1198 2262 in
1223 2196 1444 2282 separatione
1470 2197 1606 2262 animae
1633 2197 1671 2262 fit
1695 2197 1873 2283 corruptio
1903 2198 2043 2263 alterius
2078 2199 2212 2263 formae
2239 2197 2498 2264 introductione

1021 2313 1166 2378 alicuius
1184 2335 1296 2378 novae
1314 2292 1456 2385 formae,
1475 2325 1508 2378 et
1529 2315 1599 2380 hoc
1623 2326 1772 2399 ponatur
1796 2313 1869 2379 fieri
1893 2313 1927 2379 in
1953 2312 2028 2378 aliis
2052 2313 2239 2395 aCbristo,
2265 2315 2370 2381 debet
2393 2313 2497 2380 etiam

1021 2432 1089 2495 hoc
1121 2428 1203 2514 poni
1228 2429 1261 2493 in
1295 2428 1372 2514 ipso
1398 2429 1547 2505 CbristO,
1572 2450 1651 2494 cum
1677 2450 1742 2495 nec
1767 2429 1853 2494 ratio
1886 2451 1952 2495 nec
1987 2430 2175 2496 auctoritas
2208 2431 2251 2495 ad
2288 2429 2498 2496 contrarium

1021 2546 1200 2624 habeatnr,
1226 2544 1330 2610 immo
1355 2545 1565 2611 contrarium
1591 2544 1714 2609 rationi
1751 2556 1932 2609 consonat.
1970 2545 2058 2610 Cum
2092 2545 2183 2610 enim
2216 2557 2367 2630 ponatur
2402 2546 2498 2631 quod

1022 2661 1221 2756 huiusmodi
1246 2661 1357 2725 forma
1381 2660 1546 2725 naturalis
1569 2681 1658 2743 quae
1684 2660 1824 2746 ponitur
1845 2682 1985 2726 manere
2010 2672 2103 2726 esset
2128 2673 2164 2726 ut
2186 2661 2369 2747 dispositio
2394 2661 2496 2727 etiam

1022 2796 1112 2861 quae
1136 2788 1188 2841 est
1213 2776 1404 2841 necessitas
1428 2787 1589 2860 respectu
1615 2775 1761 2855 animae,
1786 2777 2003 2861 praecedens
2021 2777 2220 2842 naturaliter
2243 2777 2278 2843 in
2296 2777 2438 2843 materia
2453 2779 2498 2843 ad

1022 2893 1260 2978 recipiendum
1285 2892 1433 2956 animam
1470 2903 1505 2956 ut
1538 2892 1692 2956 ultimum
1718 2902 1751 2956 et
1776 2891 2022 2977 completivum
2056 2905 2181 2973 actum,
2207 2894 2382 2959 videretur
2405 2915 2498 2959 mors

1022 3008 1150 3074 Christi
1175 3007 1376 3072 innaturalis
1392 3008 1464 3072 sive
1490 3020 1610 3072 contra
1628 3020 1795 3072 naturam.
1821 3007 1858 3073 Si
1883 3008 2018 3075 dicatur
2035 3010 2129 3093 quod
2154 3031 2236 3089 non,
2262 3009 2427 3094 quianon
2446 3021 2498 3075 est

1022 3136 1103 3188 nata
1131 3124 1298 3209 perticere
1329 3123 1505 3188 materiam
1534 3123 1598 3188 nisi
1629 3135 1664 3188 ut
1693 3135 1841 3189 estnon
1866 3124 1977 3189 solum
2003 3126 2068 3189 sub
2094 3125 2149 3189 illa
2173 3126 2283 3190 forma
2307 3127 2370 3191 secl
2395 3126 2497 3191 etiam

1021 3242 1087 3306 sub
1112 3239 1400 3325 dispositionibus
1436 3239 1728 3324 competentibus,
1757 3262 1901 3324 quarum
1938 3241 2132 3307 contrariae
2160 3253 2240 3305 sunt
2269 3241 2498 3323 introductae,

1021 3367 1163 3442 propter
1194 3356 1288 3440 quod
1313 3367 1347 3420 et
1371 3354 1426 3418 illa
1451 3355 1563 3420 forma
1594 3356 1621 3418 si
1655 3355 1720 3419 sibi
1753 3368 1846 3421 esset
1881 3355 2046 3421 derelicta
2070 3368 2232 3442 corrupta
2266 3357 2396 3435 fuisset,
2425 3380 2497 3424 non

1022 3471 1156 3538 sufficit.
1197 3470 1372 3553 Quoniam
1414 3493 1492 3536 cum
1533 3482 1567 3535 et
1606 3471 1661 3535 illa
1701 3472 1811 3536 forma
1850 3483 1883 3537 et
1933 3472 2035 3537 etiam
2083 3473 2212 3538 directe
2249 3473 2498 3559 dispositiones

1022 3588 1242 3673 requiruntur
1265 3609 1336 3652 non
1360 3586 1426 3651 nisi
1452 3597 1488 3651 ut
1513 3587 1761 3673 dispositiones
1787 3599 1820 3653 et
1844 3587 2068 3673 principalius
2093 3589 2168 3674 ipsa
2204 3589 2314 3654 forma
2339 3592 2498 3655 substan-

1022 3703 1110 3769 tialis
1145 3703 1310 3768 naturalis
1346 3725 1449 3788 quam
1488 3703 1575 3768 aliae
1600 3703 1849 3789 dispositiones
1881 3726 1970 3787 quae
2004 3716 2181 3789 ponuntur
2212 3727 2274 3790 per
2305 3705 2497 3771 contrarias

1022 3833 1216 3905 corruptae,
1242 3858 1282 3866 —
1308 3840 1392 3905 ergo
1432 3819 1554 3884 saltem
1585 3819 1647 3884 erit
1688 3818 1798 3904 magis
1830 3819 2032 3884 innaturalis
2064 3842 2168 3904 quam
2202 3821 2376 3899 naturalis,
2417 3821 2498 3905 quia

1022 3946 1177 4001 remanet
1201 3935 1236 4000 id
1260 3936 1354 4020 quod
1379 3933 1603 4020 principalius
1628 3934 1782 4020 disponit
1813 3937 1857 3999 ad
1890 3935 2009 4020 ipsam.
2042 3937 2149 4001 Immo
2184 3958 2274 4014 (nnn,
2301 3949 2336 4001 ut
2368 3937 2497 4004 dictum

1022 4061 1085 4132 est,
1117 4049 1316 4116 huiusmodi
1351 4050 1461 4116 forma
1493 4050 1659 4115 naturalis
1695 4049 1738 4115 sit
1774 4050 1957 4135 dispositio
1993 4051 2086 4116 ‹licto
2122 4053 2228 4116 modo
2264 4054 2308 4117 ad
2353 4054 2498 4118 sormam

1022 4167 1319 4255 supernaturalem
1350 4165 1557 4231 miraculose
1593 4166 1822 4245 reservatur¹,
1849 4167 1882 4231 id
1918 4177 1970 4231 est
1995 4188 2073 4231 cum
2109 4167 2152 4231 sit
2184 4189 2254 4231 non
2281 4168 2498 4248 miraculose,

1022 4284 1078 4349 illa
1102 4281 1283 4369 supposita
1307 4281 1426 4346 insunt
1453 4302 1538 4347 suae
1564 4281 1725 4366 propriae
1754 4281 1947 4366 passiones,
1974 4281 2077 4347 immo
2107 4283 2315 4348 necessitate.
2343 4293 2498 4364 naturae,

1022 4411 1056 4465 et
1090 4421 1162 4464 non
1198 4398 1264 4463 nisi
1300 4397 1506 4462 miraculose
1542 4409 1662 4482 posset
1699 4418 1839 4463 intinere
1875 4397 1950 4463 sine
1986 4398 2050 4462 illis
2086 4398 2188 4464 etiam
2214 4421 2307 4462 nitro
2343 4398 2497 4465 mirabili.

1023 4517 1070 4581 lta
1095 4514 1196 4580 etiam
1223 4513 1358 4578 videtur
1382 4514 1476 4596 quod
1501 4512 1557 4576 illa
1574 4513 1684 4577 forma
1706 4512 1772 4577 si‹·'²
1789 4513 1943 4578 mirabile
1961 4525 2123 4579 trianente
2149 4537 2227 4578 cum
2253 4515 2325 4579 suis
2350 4514 2499 4600 propriis

1023 4629 1498 4710 accidentibus,necessitate
1523 4640 1666 4693 naturae
1692 4630 1797 4693 babet
1821 4629 1867 4693 ibi
1893 4652 1971 4693 esse
1989 4630 2115 4709 anima,
2131 4641 2165 4695 et
2189 4653 2259 4695 non
2286 4630 2351 4695 nisi
2377 4642 2500 4696 contra

1023 4759 1180 4812 naturam
1206 4756 1239 4811 et
1263 4745 1469 4809 miraculose
1495 4745 1730 4828 separabatur,
1756 4743 1845 4808 sicut
1870 4743 1973 4809 etiam
1999 4746 2110 4830 potuit
2134 4745 2287 4830 separari
2312 4757 2498 4830 antequam

1023 4862 1183 4928 Christus
1222 4863 1459 4927 vulneraretur
1498 4859 1533 4924 in
1573 4880 1720 4945 corpore
1763 4882 1828 4925 suo
1868 4860 1901 4924 in
1943 4882 1984 4925 ea
2033 4861 2264 4946 dispositione
2304 4862 2497 4927 secundum

1022 4977 1223 5045 huiusmodi
1248 4978 1391 5041 sormam
1416 4976 1607 5040 naturalem
1633 4986 1666 5040 et
1700 4975 1901 5040 omnimoda
1929 4976 2126 5042 ualetudine
2162 4976 2195 5041 in
2229 4988 2394 5062 quaerat
2419 4999 2498 5044 cum

1023 5105 1095 5161 erat
1125 5116 1249 5159 sanum
1271 5103 1318 5179 et
1350 5091 1532 5179 integrum.
1570 5090 1658 5155 Cum
1703 5090 1805 5155 etiam
1844 5113 2125 5176 unamquamque
2159 5092 2304 5157 formam
2340 5095 2499 5158 substan·

1022 5209 1135 5276 tialem
1155 5209 1358 5274 existentem
1376 5206 1409 5271 in
1429 5206 1572 5271 materia
1595 5218 1857 5290 consequantur
1873 5208 1917 5272 de
1939 5207 2148 5273 necessitate
2165 5219 2310 5273 naturae
2327 5209 2498 5293 quaedam

1024 5325 1218 5392 accidentia
1253 5323 1393 5409 propria
1429 5322 1502 5387 sive
1531 5322 1693 5408 propriae
1729 5322 1913 5407 passiones
1950 5322 2201 5408 inseparabiles
2233 5326 2277 5388 ab
2314 5323 2370 5389 illo
2407 5346 2500 5390 com·

1024 5442 1149 5528 posito,
1189 5439 1251 5505 erit
1290 5437 1488 5504 lutinsmodi
1536 5439 1647 5503 forma
1694 5461 1878 5503 remanens
1925 5441 2059 5523 absque
2105 5438 2304 5504 huiusmodi
2352 5439 2501 5526 propriis

1023 5557 1273 5636 accidentibus,
1309 5555 1413 5620 immo
1439 5553 1539 5618 etiam
1564 5555 1630 5618 sub
1655 5554 1846 5631 contrariis,
1872 5566 1908 5620 ut
1939 5555 2070 5620 dictum
2095 5566 2158 5635 est,
2183 5557 2278 5640 quod
2303 5569 2355 5621 est
2379 5556 2500 5622 incon·

1023 5672 1177 5739 veniens.
1214 5671 1257 5736 Et
1293 5681 1404 5750 erunt,
1440 5678 1477 5734 ut
1510 5668 1639 5735 dictum
1675 5679 1738 5749 est,
1777 5668 1976 5734 huiusmodi
2016 5668 2210 5735 accidentia
2246 5670 2388 5757 propria
2427 5671 2500 5737 sive

1024 5788 1185 5877 propriae
1210 5785 1394 5873 passiones
1418 5783 1564 5850 alicuius
1589 5784 1665 5850 sine
1690 5783 1756 5866 illo,
1782 5795 1816 5850 et
1839 5783 1899 5864 sic,
1925 5796 1962 5850 ut
1990 5783 2119 5850 dictum
2144 5796 2206 5866 est,
2229 5785 2305 5852 sine
2329 5785 2500 5853 subiecto.

1116 6048 1123 6077 ¹
1138 6050 1305 6102 reservetur
1325 6041 1357 6095 V.
1374 6072 1406 6080 -
1421 6040 1431 6071 ²
1444 6038 1482 6093 sit
1494 6039 1528 6093 V.
